<?xml version="1.0" encoding="UTF-8"?>
<!DOCTYPE html PUBLIC "-//W3C//DTD XHTML 1.0 Transitional//EN"
    "http://www.w3.org/TR/xhtml1/DTD/xhtml1-transitional.dtd">
<html xmlns="http://www.w3.org/1999/xhtml" xml:lang="en" lang="en">
 <head>
  <title>
</title>
<meta http-equiv="Content-Type" content="text/html;charset=utf-8" />
  <meta name='ocr-system' content='tesseract 3.04.00' />
  <meta name='ocr-capabilities' content='ocr_page ocr_carea ocr_par ocr_line ocrx_word'/>
</head>
<body>
  <div class='ocr_page' id='page_1' title='image "./compendiumsacra00wapegoog_0478.png"; bbox 0 0 2804 4890; ppageno 0'>
   <div class='ocr_carea' id='block_1_1' title="bbox 385 689 1030 750">
    <p class='ocr_par' dir='ltr' id='par_1_1' title="bbox 385 689 1030 750">
     <span class='ocr_line' id='line_1_1' title="bbox 385 689 1030 750; baseline 0.009 -6"><span class='ocrx_word' id='word_1_1' title='bbox 385 690 438 745; x_wconf 81' lang='lat' dir='ltr'>DE</span> <span class='ocrx_word' id='word_1_2' title='bbox 461 689 735 750; x_wconf 79' lang='lat' dir='ltr'>COMMUNioNE</span> <span class='ocrx_word' id='word_1_3' title='bbox 758 691 1030 750; x_wconf 83' lang='lat' dir='ltr'><strong>INFIRMORUM.</strong></span> 
     </span>
    </p>
   </div>
   <div class='ocr_carea' id='block_1_2' title="bbox 1190 681 1248 746">
    <p class='ocr_par' dir='ltr' id='par_1_2' title="bbox 1190 681 1248 746">
     <span class='ocr_line' id='line_1_2' title="bbox 1190 681 1248 746; baseline 0.034 -2"><span class='ocrx_word' id='word_1_4' title='bbox 1190 681 1248 746; x_wconf 81' lang='lat'>461</span> 
     </span>
    </p>
   </div>
   <div class='ocr_carea' id='block_1_3' title="bbox 202 856 1252 1034">
    <p class='ocr_par' dir='ltr' id='par_1_3' title="bbox 202 856 1252 1034">
     <span class='ocr_line' id='line_1_3' title="bbox 202 856 1011 941; baseline 0.01 -23"><span class='ocrx_word' id='word_1_5' title='bbox 202 860 231 921; x_wconf 85' lang='lat'>2.</span> <span class='ocrx_word' id='word_1_6' title='bbox 251 856 373 921; x_wconf 85' lang='lat' dir='ltr'>Deinde</span> <span class='ocrx_word' id='word_1_7' title='bbox 400 858 507 922; x_wconf 89' lang='lat' dir='ltr'>induit</span> <span class='ocrx_word' id='word_1_8' title='bbox 531 860 790 941; x_wconf 80' lang='lat' dir='ltr'>superpelliceum</span> <span class='ocrx_word' id='word_1_9' title='bbox 818 870 849 925; x_wconf 90' lang='lat' dir='ltr'>et</span> <span class='ocrx_word' id='word_1_10' title='bbox 876 862 1011 925; x_wconf 85' lang='lat' dir='ltr'>stolam.²</span> 
     </span>
     <span class='ocr_line' id='line_1_4' title="bbox 202 950 1252 1034; baseline 0.006 -24"><span class='ocrx_word' id='word_1_11' title='bbox 202 953 231 1014; x_wconf 92' lang='grc'>3.</span> <span class='ocrx_word' id='word_1_12' title='bbox 254 950 411 1032; x_wconf 88' lang='lat' dir='ltr'>“Accepta</span> <span class='ocrx_word' id='word_1_13' title='bbox 423 971 503 1032; x_wconf 90' lang='lat' dir='ltr'>aqua</span> <span class='ocrx_word' id='word_1_14' title='bbox 516 951 677 1016; x_wconf 89' lang='lat' dir='ltr'>benedicta</span> <span class='ocrx_word' id='word_1_15' title='bbox 690 956 829 1034; x_wconf 82' lang='lat' dir='ltr'>aspergit</span> <span class='ocrx_word' id='word_1_16' title='bbox 842 953 1005 1018; x_wconf 84' lang='lat' dir='ltr'>infirmum</span> <span class='ocrx_word' id='word_1_17' title='bbox 1017 960 1049 1019; x_wconf 90' lang='lat' dir='ltr'>et</span> <span class='ocrx_word' id='word_1_18' title='bbox 1062 953 1252 1030; x_wconf 83' lang='lat' dir='ltr'><strong>cubiculum,</strong></span> 
     </span>
    </p>
   </div>
   <div class='ocr_carea' id='block_1_4' title="bbox 160 1043 1251 1215">
    <p class='ocr_par' dir='ltr' id='par_1_4' title="bbox 160 1043 1251 1215">
     <span class='ocr_line' id='line_1_5' title="bbox 161 1043 1251 1129; baseline 0.005 -25"><span class='ocrx_word' id='word_1_19' title='bbox 161 1043 267 1106; x_wconf 89' lang='lat' dir='ltr'>dicens</span> <span class='ocrx_word' id='word_1_20' title='bbox 285 1045 508 1125; x_wconf 90' lang='lat' dir='ltr'>antiphonam:</span> <span class='ocrx_word' id='word_1_21' title='bbox 525 1046 680 1128; x_wconf 76' lang='lat' dir='ltr'>Asperpes</span> <span class='ocrx_word' id='word_1_22' title='bbox 699 1069 747 1110; x_wconf 88' lang='lat' dir='ltr'>me</span> <span class='ocrx_word' id='word_1_23' title='bbox 766 1054 834 1124; x_wconf 80' lang='lat' dir='ltr'>ete,</span> <span class='ocrx_word' id='word_1_24' title='bbox 853 1054 885 1111; x_wconf 90' lang='lat' dir='ltr'>et</span> <span class='ocrx_word' id='word_1_25' title='bbox 903 1049 1042 1129; x_wconf 91' lang='lat' dir='ltr'>primum</span> <span class='ocrx_word' id='word_1_26' title='bbox 1059 1067 1181 1110; x_wconf 90' lang='lat' dir='ltr'>versum</span> <span class='ocrx_word' id='word_1_27' title='bbox 1200 1048 1251 1110; x_wconf 90' lang='lat' dir='ltr'>Ps.</span> 
     </span>
     <span class='ocr_line' id='line_1_6' title="bbox 160 1136 1034 1215; baseline 0.007 -17"><span class='ocrx_word' id='word_1_28' title='bbox 160 1136 308 1201; x_wconf 77' lang='lat' dir='ltr'>Miserere</span> <span class='ocrx_word' id='word_1_29' title='bbox 326 1137 415 1215; x_wconf 90' lang='lat' dir='ltr'>etc.,&#39;&#39;</span> <span class='ocrx_word' id='word_1_30' title='bbox 433 1158 505 1202; x_wconf 88' lang='lat' dir='ltr'>cum</span> <span class='ocrx_word' id='word_1_31' title='bbox 523 1139 562 1201; x_wconf 87' lang='lat' dir='ltr'>V.</span> <span class='ocrx_word' id='word_1_32' title='bbox 579 1147 609 1202; x_wconf 91' lang='lat' dir='ltr'>et</span> <span class='ocrx_word' id='word_1_33' title='bbox 630 1140 778 1202; x_wconf 82' lang='lat' dir='ltr'>Oratione</span> <span class='ocrx_word' id='word_1_34' title='bbox 796 1146 834 1204; x_wconf 92' lang='lat' dir='ltr'>ut</span> <span class='ocrx_word' id='word_1_35' title='bbox 851 1142 885 1203; x_wconf 92' lang='lat' dir='ltr'>in</span> <span class='ocrx_word' id='word_1_36' title='bbox 904 1139 1034 1204; x_wconf 88' lang='lat' dir='ltr'>Rituali.</span> 
     </span>
    </p>
   </div>
   <div class='ocr_carea' id='block_1_5' title="bbox 158 1309 683 4570">
    <p class='ocr_par' dir='ltr' id='par_1_5' title="bbox 158 1309 682 2134">
     <span class='ocr_line' id='line_1_7' title="bbox 196 1309 681 1361; baseline 0 -2"><span class='ocrx_word' id='word_1_37' title='bbox 196 1309 245 1360; x_wconf 86' lang='lat' dir='ltr'>²S.</span> <span class='ocrx_word' id='word_1_38' title='bbox 264 1309 349 1361; x_wconf 84' lang='lat' dir='ltr'>Sedes</span> <span class='ocrx_word' id='word_1_39' title='bbox 367 1309 531 1361; x_wconf 81' lang='lat' dir='ltr'>facultatem</span> <span class='ocrx_word' id='word_1_40' title='bbox 549 1309 681 1360; x_wconf 81' lang='lat' dir='ltr'>concessit</span> 
     </span>
     <span class='ocr_line' id='line_1_8' title="bbox 160 1385 680 1449; baseline -0.006 -14"><span class='ocrx_word' id='word_1_41' title='bbox 160 1387 304 1449; x_wconf 81' lang='lat' dir='ltr'>deserendi</span> <span class='ocrx_word' id='word_1_42' title='bbox 326 1387 430 1438; x_wconf 90' lang='lat' dir='ltr'>occulte</span> <span class='ocrx_word' id='word_1_43' title='bbox 452 1385 500 1437; x_wconf 84' lang='lat' dir='ltr'>SS.</span> <span class='ocrx_word' id='word_1_44' title='bbox 523 1385 680 1437; x_wconf 83' lang='lat' dir='ltr'>Sacramen-</span> 
     </span>
     <span class='ocr_line' id='line_1_9' title="bbox 161 1461 680 1526; baseline 0.002 -15"><span class='ocrx_word' id='word_1_45' title='bbox 161 1461 257 1526; x_wconf 77' lang='lat' dir='ltr'>tum,&#39;&#39;</span> <span class='ocrx_word' id='word_1_46' title='bbox 282 1462 392 1513; x_wconf 89' lang='lat' dir='ltr'>minime</span> <span class='ocrx_word' id='word_1_47' title='bbox 415 1476 478 1513; x_wconf 89' lang='lat' dir='ltr'>vero</span> <span class='ocrx_word' id='word_1_48' title='bbox 502 1462 570 1512; x_wconf 93' lang='lat' dir='ltr'>illud</span> <span class='ocrx_word' id='word_1_49' title='bbox 592 1465 680 1512; x_wconf 79' lang='lat' dir='ltr'>extra·</span> 
     </span>
     <span class='ocr_line' id='line_1_10' title="bbox 159 1539 680 1591; baseline -0.002 -3"><span class='ocrx_word' id='word_1_50' title='bbox 159 1539 240 1589; x_wconf 91' lang='lat' dir='ltr'>hendi</span> <span class='ocrx_word' id='word_1_51' title='bbox 272 1555 287 1591; x_wconf 96' lang='lat' dir='ltr'>e</span> <span class='ocrx_word' id='word_1_52' title='bbox 322 1539 498 1590; x_wconf 88' lang='lat' dir='ltr'>tabernaculo</span> <span class='ocrx_word' id='word_1_53' title='bbox 530 1540 572 1590; x_wconf 82' lang='lat' dir='ltr'>vel</span> <span class='ocrx_word' id='word_1_54' title='bbox 604 1539 680 1588; x_wconf 92' lang='lat' dir='ltr'>mini·</span> 
     </span>
     <span class='ocr_line' id='line_1_11' title="bbox 159 1615 680 1680; baseline -0.004 -15"><span class='ocrx_word' id='word_1_55' title='bbox 159 1615 265 1666; x_wconf 88' lang='lat' dir='ltr'>strandi</span> <span class='ocrx_word' id='word_1_56' title='bbox 296 1615 324 1664; x_wconf 92' lang='lat' dir='ltr'>in</span> <span class='ocrx_word' id='word_1_57' title='bbox 351 1615 475 1666; x_wconf 83' lang='lat' dir='ltr'><strong>domibus</strong></span> <span class='ocrx_word' id='word_1_58' title='bbox 504 1615 561 1666; x_wconf 89' lang='lat' dir='ltr'>sine</span> <span class='ocrx_word' id='word_1_59' title='bbox 589 1629 680 1680; x_wconf 91' lang='lat' dir='ltr'>super·</span> 
     </span>
     <span class='ocr_line' id='line_1_12' title="bbox 162 1690 681 1756; baseline -0.008 -15"><span class='ocrx_word' id='word_1_60' title='bbox 162 1691 273 1756; x_wconf 90' lang='lat' dir='ltr'>pelliceo</span> <span class='ocrx_word' id='word_1_61' title='bbox 296 1696 348 1741; x_wconf 87' lang='lat' dir='ltr'>etc.</span> <span class='ocrx_word' id='word_1_62' title='bbox 391 1690 477 1742; x_wconf 89' lang='lat' dir='ltr'>Immo</span> <span class='ocrx_word' id='word_1_63' title='bbox 501 1696 591 1740; x_wconf 88' lang='lat' dir='ltr'>monet</span> <span class='ocrx_word' id='word_1_64' title='bbox 615 1691 681 1739; x_wconf 81' lang='lat' dir='ltr'>Con·</span> 
     </span>
     <span class='ocr_line' id='line_1_13' title="bbox 161 1766 677 1818; baseline -0.006 -1"><span class='ocrx_word' id='word_1_65' title='bbox 161 1767 252 1817; x_wconf 93' lang='lat' dir='ltr'>cilium</span> <span class='ocrx_word' id='word_1_66' title='bbox 270 1767 311 1817; x_wconf 87' lang='lat' dir='ltr'>Pl.</span> <span class='ocrx_word' id='word_1_67' title='bbox 330 1767 402 1818; x_wconf 87' lang='lat' dir='ltr'>Balt.</span> <span class='ocrx_word' id='word_1_68' title='bbox 421 1766 461 1817; x_wconf 94' lang='lat' dir='ltr'>II.</span> <span class='ocrx_word' id='word_1_69' title='bbox 479 1766 594 1817; x_wconf 88' lang='lat' dir='ltr'>Decreto</span> <span class='ocrx_word' id='word_1_70' title='bbox 613 1767 677 1816; x_wconf 77' lang='lat'><strong>264:</strong></span> 
     </span>
     <span class='ocr_line' id='line_1_14' title="bbox 160 1842 681 1894; baseline -0.004 -1"><span class='ocrx_word' id='word_1_71' title='bbox 160 1844 309 1893; x_wconf 86' lang='lat' dir='ltr'>“Infirmis</span> <span class='ocrx_word' id='word_1_72' title='bbox 331 1843 358 1894; x_wconf 84' lang='lat' dir='ltr'>S.</span> <span class='ocrx_word' id='word_1_73' title='bbox 381 1844 582 1894; x_wconf 87' lang='lat' dir='ltr'>Eucharistiam</span> <span class='ocrx_word' id='word_1_74' title='bbox 603 1842 681 1892; x_wconf 89' lang='lat' dir='ltr'>mini·</span> 
     </span>
     <span class='ocr_line' id='line_1_15' title="bbox 158 1919 682 1985; baseline -0.002 -16"><span class='ocrx_word' id='word_1_75' title='bbox 158 1925 286 1984; x_wconf 76' lang='lat' dir='ltr'>strantes,</span> <span class='ocrx_word' id='word_1_76' title='bbox 340 1921 510 1985; x_wconf 87' lang='lat' dir='ltr'>praescripta</span> <span class='ocrx_word' id='word_1_77' title='bbox 562 1919 682 1970; x_wconf 87' lang='lat' dir='ltr'>Ritualis</span> 
     </span>
     <span class='ocr_line' id='line_1_16' title="bbox 159 1995 680 2061; baseline -0.002 -14"><span class='ocrx_word' id='word_1_78' title='bbox 159 1998 233 2047; x_wconf 88' lang='lat' dir='ltr'>Rom.</span> <span class='ocrx_word' id='word_1_79' title='bbox 257 1997 283 2045; x_wconf 92' lang='lat' dir='ltr'>in</span> <span class='ocrx_word' id='word_1_80' title='bbox 306 2000 436 2061; x_wconf 87' lang='lat' dir='ltr'>quantum</span> <span class='ocrx_word' id='word_1_81' title='bbox 458 1995 680 2046; x_wconf 77' lang='lat' dir='ltr'>circumstantiae</span> 
     </span>
     <span class='ocr_line' id='line_1_17' title="bbox 161 2069 655 2134; baseline 0 -14"><span class='ocrx_word' id='word_1_82' title='bbox 161 2072 262 2133; x_wconf 89' lang='lat' dir='ltr'>sinunt,</span> <span class='ocrx_word' id='word_1_83' title='bbox 284 2070 492 2134; x_wconf 87' lang='lat' dir='ltr'>diligentissime</span> <span class='ocrx_word' id='word_1_84' title='bbox 510 2069 655 2120; x_wconf 82' lang='lat' dir='ltr'>servent..”</span> 
     </span>
    </p>

    <p class='ocr_par' dir='ltr' id='par_1_6' title="bbox 159 2145 682 3034">
     <span class='ocr_line' id='line_1_18' title="bbox 198 2145 682 2212; baseline -0.002 -17"><span class='ocrx_word' id='word_1_85' title='bbox 198 2146 224 2197; x_wconf 86' lang='lat' dir='ltr'>S.</span> <span class='ocrx_word' id='word_1_86' title='bbox 246 2148 277 2196; x_wconf 85' lang='lat' dir='ltr'>R.</span> <span class='ocrx_word' id='word_1_87' title='bbox 297 2145 325 2197; x_wconf 85' lang='lat' dir='ltr'>C.</span> <span class='ocrx_word' id='word_1_88' title='bbox 345 2146 492 2212; x_wconf 84' lang='lat' dir='ltr'>praecepit,</span> <span class='ocrx_word' id='word_1_89' title='bbox 512 2150 543 2195; x_wconf 94' lang='lat' dir='ltr'>ut</span> <span class='ocrx_word' id='word_1_90' title='bbox 563 2145 682 2195; x_wconf 85' lang='lat' dir='ltr'>elinrine·</span> 
     </span>
     <span class='ocr_line' id='line_1_19' title="bbox 160 2221 680 2287; baseline -0.008 -14"><span class='ocrx_word' id='word_1_91' title='bbox 160 2229 205 2273; x_wconf 89' lang='lat' dir='ltr'>tur</span> <span class='ocrx_word' id='word_1_92' title='bbox 229 2224 403 2285; x_wconf 86' lang='lat' dir='ltr'>consuetudo,</span> <span class='ocrx_word' id='word_1_93' title='bbox 428 2223 557 2287; x_wconf 88' lang='lat' dir='ltr'>portandi</span> <span class='ocrx_word' id='word_1_94' title='bbox 582 2226 608 2271; x_wconf 88' lang='lat' dir='ltr'>et</span> <span class='ocrx_word' id='word_1_95' title='bbox 634 2221 680 2270; x_wconf 84' lang='lat' dir='ltr'>mi·</span> 
     </span>
     <span class='ocr_line' id='line_1_20' title="bbox 159 2296 681 2348; baseline -0.002 -2"><span class='ocrx_word' id='word_1_96' title='bbox 159 2299 296 2347; x_wconf 80' lang='lat' dir='ltr'>niatreudi</span> <span class='ocrx_word' id='word_1_97' title='bbox 319 2298 432 2346; x_wconf 85' lang='lat' dir='ltr'>infirmis</span> <span class='ocrx_word' id='word_1_98' title='bbox 454 2296 502 2347; x_wconf 89' lang='grc'>88.</span> <span class='ocrx_word' id='word_1_99' title='bbox 525 2296 681 2348; x_wconf 83' lang='lat' dir='ltr'>Sacramen-</span> 
     </span>
     <span class='ocr_line' id='line_1_21' title="bbox 162 2374 681 2436; baseline -0.008 -13"><span class='ocrx_word' id='word_1_100' title='bbox 162 2380 219 2423; x_wconf 90' lang='lat' dir='ltr'>tum</span> <span class='ocrx_word' id='word_1_101' title='bbox 257 2388 317 2424; x_wconf 88' lang='lat' dir='ltr'>eum</span> <span class='ocrx_word' id='word_1_102' title='bbox 353 2374 425 2422; x_wconf 91' lang='lat' dir='ltr'>stola</span> <span class='ocrx_word' id='word_1_103' title='bbox 462 2386 543 2436; x_wconf 88' lang='lat' dir='ltr'>super</span> <span class='ocrx_word' id='word_1_104' title='bbox 581 2378 681 2420; x_wconf 84' lang='lat' dir='ltr'>vestem</span> 
     </span>
     <span class='ocr_line' id='line_1_22' title="bbox 162 2446 682 2512; baseline -0.01 -12"><span class='ocrx_word' id='word_1_105' title='bbox 162 2464 326 2500; x_wconf 88' lang='lat' dir='ltr'>communem</span> <span class='ocrx_word' id='word_1_106' title='bbox 369 2448 470 2512; x_wconf 88' lang='lat' dir='ltr'>absque</span> <span class='ocrx_word' id='word_1_107' title='bbox 510 2451 587 2498; x_wconf 88' lang='lat' dir='ltr'>cotta</span> <span class='ocrx_word' id='word_1_108' title='bbox 626 2446 682 2495; x_wconf 88' lang='lat' dir='ltr'>sive</span> 
     </span>
     <span class='ocr_line' id='line_1_23' title="bbox 162 2522 682 2591; baseline -0.012 -16"><span class='ocrx_word' id='word_1_109' title='bbox 162 2525 364 2591; x_wconf 86' lang='lat' dir='ltr'>superpelliceo,</span> <span class='ocrx_word' id='word_1_110' title='bbox 383 2524 411 2573; x_wconf 93' lang='lat' dir='ltr'>in</span> <span class='ocrx_word' id='word_1_111' title='bbox 428 2523 569 2575; x_wconf 86' lang='lat' dir='ltr'>Parochiis</span> <span class='ocrx_word' id='word_1_112' title='bbox 587 2522 682 2573; x_wconf 87' lang='lat' dir='ltr'>rurali·</span> 
     </span>
     <span class='ocr_line' id='line_1_24' title="bbox 161 2600 681 2665; baseline -0.012 -13"><span class='ocrx_word' id='word_1_113' title='bbox 161 2601 213 2652; x_wconf 91' lang='lat' dir='ltr'>bus</span> <span class='ocrx_word' id='word_1_114' title='bbox 233 2601 282 2651; x_wconf 93' lang='lat' dir='ltr'>ubi</span> <span class='ocrx_word' id='word_1_115' title='bbox 304 2602 412 2665; x_wconf 87' lang='lat' dir='ltr'>longum</span> <span class='ocrx_word' id='word_1_116' title='bbox 433 2604 474 2651; x_wconf 88' lang='lat' dir='ltr'>eat</span> <span class='ocrx_word' id='word_1_117' title='bbox 497 2600 557 2663; x_wconf 88' lang='lat' dir='ltr'>iter,</span> <span class='ocrx_word' id='word_1_118' title='bbox 579 2604 606 2652; x_wconf 87' lang='lat' dir='ltr'>et</span> <span class='ocrx_word' id='word_1_119' title='bbox 629 2613 681 2649; x_wconf 86' lang='lat' dir='ltr'>ser·</span> 
     </span>
     <span class='ocr_line' id='line_1_25' title="bbox 161 2675 681 2740; baseline -0.012 -13"><span class='ocrx_word' id='word_1_120' title='bbox 161 2683 240 2730; x_wconf 84' lang='lat' dir='ltr'>vatur</span> <span class='ocrx_word' id='word_1_121' title='bbox 272 2676 391 2728; x_wconf 89' lang='lat' dir='ltr'>Ritualis</span> <span class='ocrx_word' id='word_1_122' title='bbox 423 2677 498 2726; x_wconf 87' lang='lat' dir='ltr'>Rom.</span> <span class='ocrx_word' id='word_1_123' title='bbox 532 2675 681 2740; x_wconf 89' lang='lat' dir='ltr'>praescrip·</span> 
     </span>
     <span class='ocr_line' id='line_1_26' title="bbox 161 2751 681 2816; baseline -0.008 -12"><span class='ocrx_word' id='word_1_124' title='bbox 161 2760 219 2805; x_wconf 89' lang='lat' dir='ltr'>turn</span> <span class='ocrx_word' id='word_1_125' title='bbox 251 2755 299 2816; x_wconf 87' lang='grc'>(16</span> <span class='ocrx_word' id='word_1_126' title='bbox 327 2753 389 2803; x_wconf 90' lang='lat' dir='ltr'>Dec.</span> <span class='ocrx_word' id='word_1_127' title='bbox 421 2752 496 2814; x_wconf 73' lang='lat'>1826,</span> <span class='ocrx_word' id='word_1_128' title='bbox 524 2751 681 2802; x_wconf 76' lang='lat' dir='ltr'>(landaven.</span> 
     </span>
     <span class='ocr_line' id='line_1_27' title="bbox 161 2826 682 2892; baseline -0.013 -11"><span class='ocrx_word' id='word_1_129' title='bbox 161 2847 186 2882; x_wconf 89' lang='lat' dir='ltr'>n.</span> <span class='ocrx_word' id='word_1_130' title='bbox 207 2830 302 2892; x_wconf 86' lang='lat'>2650).</span> <span class='ocrx_word' id='word_1_131' title='bbox 338 2828 415 2880; x_wconf 92' lang='lat' dir='ltr'>Idem</span> <span class='ocrx_word' id='word_1_132' title='bbox 433 2842 451 2879; x_wconf 89' lang='lat' dir='ltr'>a</span> <span class='ocrx_word' id='word_1_133' title='bbox 469 2826 496 2877; x_wconf 85' lang='lat' dir='ltr'>S.</span> <span class='ocrx_word' id='word_1_134' title='bbox 515 2826 613 2889; x_wconf 82' lang='lat' dir='ltr'>Congr.</span> <span class='ocrx_word' id='word_1_135' title='bbox 632 2841 682 2891; x_wconf 91' lang='lat' dir='ltr'>pro</span> 
     </span>
     <span class='ocr_line' id='line_1_28' title="bbox 162 2902 682 2957; baseline -0.006 -1"><span class='ocrx_word' id='word_1_136' title='bbox 162 2908 291 2957; x_wconf 85' lang='lat' dir='ltr'>Extrema</span> <span class='ocrx_word' id='word_1_137' title='bbox 310 2905 445 2956; x_wconf 89' lang='lat' dir='ltr'>Unctione</span> <span class='ocrx_word' id='word_1_138' title='bbox 463 2902 682 2954; x_wconf 85' lang='lat' dir='ltr'>administranda</span> 
     </span>
     <span class='ocr_line' id='line_1_29' title="bbox 161 2984 315 3034; baseline -0.006 -2"><span class='ocrx_word' id='word_1_139' title='bbox 161 2984 315 3034; x_wconf 90' lang='lat' dir='ltr'>mandatur.</span> 
     </span>
    </p>

    <p class='ocr_par' dir='ltr' id='par_1_7' title="bbox 161 3054 682 4249">
     <span class='ocr_line' id='line_1_30' title="bbox 197 3054 682 3119; baseline -0.008 -11"><span class='ocrx_word' id='word_1_140' title='bbox 197 3058 291 3108; x_wconf 86' lang='lat' dir='ltr'>“Cum</span> <span class='ocrx_word' id='word_1_141' title='bbox 313 3058 453 3109; x_wconf 87' lang='lat' dir='ltr'>Viaticum</span> <span class='ocrx_word' id='word_1_142' title='bbox 474 3054 682 3119; x_wconf 78' lang='lat' dir='ltr'>aegrotantibus</span> 
     </span>
     <span class='ocr_line' id='line_1_31' title="bbox 162 3130 681 3200; baseline -0.006 -17"><span class='ocrx_word' id='word_1_143' title='bbox 162 3134 268 3200; x_wconf 91' lang='lat' dir='ltr'>publice</span> <span class='ocrx_word' id='word_1_144' title='bbox 284 3134 352 3185; x_wconf 80' lang='lat' dir='ltr'>ferri</span> <span class='ocrx_word' id='word_1_145' title='bbox 367 3149 421 3184; x_wconf 91' lang='lat' dir='ltr'>non</span> <span class='ocrx_word' id='word_1_146' title='bbox 435 3136 535 3198; x_wconf 89' lang='lat' dir='ltr'>potest,</span> <span class='ocrx_word' id='word_1_147' title='bbox 551 3130 681 3182; x_wconf 81' lang='lat' dir='ltr'>Sacerdos</span> 
     </span>
     <span class='ocr_line' id='line_1_32' title="bbox 164 3208 682 3260; baseline -0.006 -2"><span class='ocrx_word' id='word_1_148' title='bbox 164 3211 229 3260; x_wconf 87' lang='lat' dir='ltr'>illud</span> <span class='ocrx_word' id='word_1_149' title='bbox 257 3208 366 3260; x_wconf 81' lang='lat' dir='ltr'>deferat</span> <span class='ocrx_word' id='word_1_150' title='bbox 394 3209 421 3258; x_wconf 90' lang='lat' dir='ltr'>in</span> <span class='ocrx_word' id='word_1_151' title='bbox 447 3209 532 3259; x_wconf 89' lang='lat' dir='ltr'>bursa</span> <span class='ocrx_word' id='word_1_152' title='bbox 557 3209 682 3259; x_wconf 89' lang='lat' dir='ltr'>decenter</span> 
     </span>
     <span class='ocr_line' id='line_1_33' title="bbox 162 3283 681 3350; baseline -0.006 -15"><span class='ocrx_word' id='word_1_153' title='bbox 162 3289 268 3348; x_wconf 90' lang='lat' dir='ltr'>ornata,</span> <span class='ocrx_word' id='word_1_154' title='bbox 295 3285 337 3335; x_wconf 87' lang='lat' dir='ltr'>vel</span> <span class='ocrx_word' id='word_1_155' title='bbox 365 3284 491 3350; x_wconf 91' lang='lat' dir='ltr'>portatili</span> <span class='ocrx_word' id='word_1_156' title='bbox 518 3283 619 3349; x_wconf 84' lang='lat' dir='ltr'>pyxide</span> <span class='ocrx_word' id='word_1_157' title='bbox 646 3283 681 3333; x_wconf 88' lang='lat' dir='ltr'>ad</span> 
     </span>
     <span class='ocr_line' id='line_1_34' title="bbox 162 3357 682 3425; baseline -0.008 -13"><span class='ocrx_word' id='word_1_158' title='bbox 162 3361 258 3412; x_wconf 86' lang='lat' dir='ltr'>collum</span> <span class='ocrx_word' id='word_1_159' title='bbox 290 3375 412 3425; x_wconf 86' lang='lat' dir='ltr'>appensa</span> <span class='ocrx_word' id='word_1_160' title='bbox 439 3365 468 3410; x_wconf 87' lang='lat' dir='ltr'>et</span> <span class='ocrx_word' id='word_1_161' title='bbox 500 3359 603 3425; x_wconf 86' lang='lat' dir='ltr'>gremio</span> <span class='ocrx_word' id='word_1_162' title='bbox 631 3357 682 3414; x_wconf 85' lang='lat' dir='ltr'>sub</span> 
     </span>
     <span class='ocr_line' id='line_1_35' title="bbox 162 3435 682 3501; baseline -0.002 -17"><span class='ocrx_word' id='word_1_163' title='bbox 162 3442 236 3487; x_wconf 84' lang='lat' dir='ltr'>veste</span> <span class='ocrx_word' id='word_1_164' title='bbox 260 3437 361 3498; x_wconf 86' lang='lat' dir='ltr'>innixa,</span> <span class='ocrx_word' id='word_1_165' title='bbox 384 3450 453 3501; x_wconf 89' lang='lat' dir='ltr'>quse</span> <span class='ocrx_word' id='word_1_166' title='bbox 475 3435 569 3500; x_wconf 83' lang='lat' dir='ltr'>parvis</span> <span class='ocrx_word' id='word_1_167' title='bbox 591 3449 682 3500; x_wconf 90' lang='lat' dir='ltr'>corpo·</span> 
     </span>
     <span class='ocr_line' id='line_1_36' title="bbox 162 3511 682 3577; baseline -0.008 -16"><span class='ocrx_word' id='word_1_168' title='bbox 162 3512 265 3563; x_wconf 91' lang='lat' dir='ltr'>ralibus</span> <span class='ocrx_word' id='word_1_169' title='bbox 293 3517 321 3562; x_wconf 86' lang='lat' dir='ltr'>et</span> <span class='ocrx_word' id='word_1_170' title='bbox 350 3511 546 3577; x_wconf 84' lang='lat' dir='ltr'>purificatoriis</span> <span class='ocrx_word' id='word_1_171' title='bbox 574 3511 682 3561; x_wconf 86' lang='lat' dir='ltr'>mundis</span> 
     </span>
     <span class='ocr_line' id='line_1_37' title="bbox 163 3586 681 3639; baseline -0.002 -2"><span class='ocrx_word' id='word_1_172' title='bbox 163 3592 322 3639; x_wconf 84' lang='lat' dir='ltr'>instruatur.</span> <span class='ocrx_word' id='word_1_173' title='bbox 379 3587 448 3637; x_wconf 87' lang='lat' dir='ltr'>Item</span> <span class='ocrx_word' id='word_1_174' title='bbox 477 3586 608 3637; x_wconf 81' lang='lat' dir='ltr'>viaticum</span> <span class='ocrx_word' id='word_1_175' title='bbox 636 3587 681 3637; x_wconf 91' lang='lat' dir='ltr'>ad·</span> 
     </span>
     <span class='ocr_line' id='line_1_38' title="bbox 162 3662 682 3726; baseline -0.002 -12"><span class='ocrx_word' id='word_1_176' title='bbox 162 3665 312 3714; x_wconf 86' lang='lat' dir='ltr'>ministrari</span> <span class='ocrx_word' id='word_1_177' title='bbox 329 3679 381 3714; x_wconf 93' lang='lat' dir='ltr'>non</span> <span class='ocrx_word' id='word_1_178' title='bbox 399 3662 488 3726; x_wconf 88' lang='lat' dir='ltr'>debet,</span> <span class='ocrx_word' id='word_1_179' title='bbox 504 3662 557 3712; x_wconf 84' lang='lat' dir='ltr'>nisi</span> <span class='ocrx_word' id='word_1_180' title='bbox 574 3664 682 3713; x_wconf 87' lang='lat' dir='ltr'>luceant</span> 
     </span>
     <span class='ocr_line' id='line_1_39' title="bbox 161 3738 682 3805; baseline -0.01 -14"><span class='ocrx_word' id='word_1_181' title='bbox 161 3741 240 3803; x_wconf 84' lang='lat' dir='ltr'>cerei,</span> <span class='ocrx_word' id='word_1_182' title='bbox 260 3743 370 3805; x_wconf 87' lang='lat' dir='ltr'>praeter</span> <span class='ocrx_word' id='word_1_183' title='bbox 390 3753 481 3790; x_wconf 88' lang='lat' dir='ltr'>casum</span> <span class='ocrx_word' id='word_1_184' title='bbox 502 3738 682 3800; x_wconf 83' lang='lat' dir='ltr'>necessitatis,</span> 
     </span>
     <span class='ocr_line' id='line_1_40' title="bbox 162 3815 682 3878; baseline -0.01 -11"><span class='ocrx_word' id='word_1_185' title='bbox 162 3823 189 3868; x_wconf 89' lang='lat' dir='ltr'>et</span> <span class='ocrx_word' id='word_1_186' title='bbox 211 3818 264 3867; x_wconf 85' lang='lat' dir='ltr'>nisi</span> <span class='ocrx_word' id='word_1_187' title='bbox 284 3817 417 3867; x_wconf 82' lang='lat' dir='ltr'>Sacerdos</span> <span class='ocrx_word' id='word_1_188' title='bbox 441 3815 570 3865; x_wconf 87' lang='lat' dir='ltr'>induatur</span> <span class='ocrx_word' id='word_1_189' title='bbox 591 3828 682 3878; x_wconf 87' lang='lat' dir='ltr'>supcr-</span> 
     </span>
     <span class='ocr_line' id='line_1_41' title="bbox 162 3889 682 3958; baseline -0.015 -12"><span class='ocrx_word' id='word_1_190' title='bbox 162 3893 273 3958; x_wconf 88' lang='lat' dir='ltr'>pelliceo</span> <span class='ocrx_word' id='word_1_191' title='bbox 291 3897 318 3943; x_wconf 91' lang='lat' dir='ltr'>et</span> <span class='ocrx_word' id='word_1_192' title='bbox 337 3892 416 3954; x_wconf 87' lang='lat' dir='ltr'>stola,</span> <span class='ocrx_word' id='word_1_193' title='bbox 434 3905 503 3956; x_wconf 88' lang='lat' dir='ltr'>quae</span> <span class='ocrx_word' id='word_1_194' title='bbox 520 3904 625 3955; x_wconf 87' lang='lat' dir='ltr'>semper</span> <span class='ocrx_word' id='word_1_195' title='bbox 643 3889 682 3939; x_wconf 91' lang='lat' dir='ltr'>in·</span> 
     </span>
     <span class='ocr_line' id='line_1_42' title="bbox 163 3965 681 4033; baseline -0.01 -15"><span class='ocrx_word' id='word_1_196' title='bbox 163 3971 243 4021; x_wconf 77' lang='lat' dir='ltr'>cluere</span> <span class='ocrx_word' id='word_1_197' title='bbox 282 3969 361 4020; x_wconf 87' lang='lat' dir='ltr'>dehet</span> <span class='ocrx_word' id='word_1_198' title='bbox 399 3967 618 4033; x_wconf 86' lang='lat' dir='ltr'>quotiescumque</span> <span class='ocrx_word' id='word_1_199' title='bbox 655 3965 681 4014; x_wconf 92' lang='lat' dir='ltr'>in</span> 
     </span>
     <span class='ocr_line' id='line_1_43' title="bbox 163 4043 682 4097; baseline -0.004 -2"><span class='ocrx_word' id='word_1_200' title='bbox 163 4045 285 4097; x_wconf 79' lang='lat' dir='ltr'>Ecclesia</span> <span class='ocrx_word' id='word_1_201' title='bbox 306 4045 347 4095; x_wconf 79' lang='lat' dir='ltr'>rel</span> <span class='ocrx_word' id='word_1_202' title='bbox 370 4048 449 4095; x_wconf 85' lang='lat' dir='ltr'>extra</span> <span class='ocrx_word' id='word_1_203' title='bbox 471 4043 619 4094; x_wconf 84' lang='lat' dir='ltr'>Ecclesiam</span> <span class='ocrx_word' id='word_1_204' title='bbox 641 4056 682 4093; x_wconf 91' lang='lat' dir='ltr'>sa·</span> 
     </span>
     <span class='ocr_line' id='line_1_44' title="bbox 162 4118 682 4183; baseline -0.008 -11"><span class='ocrx_word' id='word_1_205' title='bbox 162 4136 222 4173; x_wconf 88' lang='lat' dir='ltr'>cras</span> <span class='ocrx_word' id='word_1_206' title='bbox 248 4120 404 4172; x_wconf 83' lang='lat' dir='ltr'>functiones</span> <span class='ocrx_word' id='word_1_207' title='bbox 429 4118 573 4171; x_wconf 86' lang='lat' dir='ltr'>exercet.”</span> <span class='ocrx_word' id='word_1_208' title='bbox 616 4118 682 4183; x_wconf 84' lang='lat' dir='ltr'>Syn.</span> 
     </span>
     <span class='ocr_line' id='line_1_45' title="bbox 162 4194 609 4249; baseline -0.004 -2"><span class='ocrx_word' id='word_1_209' title='bbox 162 4198 194 4247; x_wconf 89' lang='lat' dir='ltr'>D.</span> <span class='ocrx_word' id='word_1_210' title='bbox 217 4197 420 4249; x_wconf 80' lang='lat' dir='ltr'>Neo-Aurelian</span> <span class='ocrx_word' id='word_1_211' title='bbox 441 4194 481 4246; x_wconf 87' lang='grc' dir='ltr'>ΙΙ.</span> <span class='ocrx_word' id='word_1_212' title='bbox 502 4209 545 4246; x_wconf 92' lang='lat' dir='ltr'>uo.</span> <span class='ocrx_word' id='word_1_213' title='bbox 567 4195 609 4245; x_wconf 86' lang='lat'>30.</span> 
     </span>
    </p>

    <p class='ocr_par' dir='ltr' id='par_1_8' title="bbox 161 4272 683 4570">
     <span class='ocr_line' id='line_1_46' title="bbox 192 4272 681 4325; baseline -0.002 0"><span class='ocrx_word' id='word_1_214' title='bbox 192 4274 382 4325; x_wconf 85' lang='lat' dir='ltr'>“Ministrare</span> <span class='ocrx_word' id='word_1_215' title='bbox 401 4272 604 4324; x_wconf 80' lang='lat' dir='ltr'>Eucharistiam</span> <span class='ocrx_word' id='word_1_216' title='bbox 622 4272 681 4324; x_wconf 87' lang='lat' dir='ltr'>sine</span> 
     </span>
     <span class='ocr_line' id='line_1_47' title="bbox 161 4347 683 4415; baseline -0.006 -16"><span class='ocrx_word' id='word_1_217' title='bbox 161 4352 233 4401; x_wconf 88' lang='lat' dir='ltr'>stola</span> <span class='ocrx_word' id='word_1_218' title='bbox 249 4354 277 4401; x_wconf 82' lang='lat' dir='ltr'>et</span> <span class='ocrx_word' id='word_1_219' title='bbox 293 4348 488 4415; x_wconf 83' lang='lat' dir='ltr'>superpelliceo</span> <span class='ocrx_word' id='word_1_220' title='bbox 505 4347 683 4398; x_wconf 82' lang='lat' dir='ltr'>communiter</span> 
     </span>
     <span class='ocr_line' id='line_1_48' title="bbox 161 4422 682 4478; baseline -0.01 -1"><span class='ocrx_word' id='word_1_221' title='bbox 161 4431 271 4478; x_wconf 85' lang='lat' dir='ltr'>censent</span> <span class='ocrx_word' id='word_1_222' title='bbox 290 4425 422 4477; x_wconf 85' lang='lat' dir='ltr'>Doctores</span> <span class='ocrx_word' id='word_1_223' title='bbox 441 4438 499 4476; x_wconf 87' lang='lat' dir='ltr'>esse</span> <span class='ocrx_word' id='word_1_224' title='bbox 516 4422 631 4474; x_wconf 86' lang='lat' dir='ltr'>mortale</span> <span class='ocrx_word' id='word_1_225' title='bbox 650 4437 682 4474; x_wconf 84' lang='lat' dir='ltr'>ex</span> 
     </span>
     <span class='ocr_line' id='line_1_49' title="bbox 161 4499 597 4570; baseline -0.014 -14"><span class='ocrx_word' id='word_1_226' title='bbox 161 4499 362 4570; x_wconf 75' lang='lat' dir='ltr'>genereauo.&#39;&#39;</span> <span class='ocrx_word' id='word_1_227' title='bbox 394 4500 422 4553; x_wconf 87' lang='grc'>8.</span> <span class='ocrx_word' id='word_1_228' title='bbox 438 4500 520 4568; x_wconf 83' lang='lat' dir='ltr'>Alph.</span> <span class='ocrx_word' id='word_1_229' title='bbox 536 4500 597 4565; x_wconf 83' lang='lat' dir='ltr'>Lig.</span> 
     </span>
    </p>
   </div>
   <div class='ocr_carea' id='block_1_6' title="bbox 730 1310 1255 4489">
    <p class='ocr_par' dir='ltr' id='par_1_9' title="bbox 730 1310 1255 3031">
     <span class='ocr_line' id='line_1_50' title="bbox 766 1310 1253 1378; baseline 0.008 -18"><span class='ocrx_word' id='word_1_230' title='bbox 766 1310 872 1362; x_wconf 86' lang='lat' dir='ltr'>“With</span> <span class='ocrx_word' id='word_1_231' title='bbox 897 1326 928 1362; x_wconf 89' lang='lat' dir='ltr'>ua</span> <span class='ocrx_word' id='word_1_232' title='bbox 953 1314 998 1363; x_wconf 87' lang='lat' dir='ltr'>the</span> <span class='ocrx_word' id='word_1_233' title='bbox 1024 1312 1110 1378; x_wconf 89' lang='lat' dir='ltr'>priest</span> <span class='ocrx_word' id='word_1_234' title='bbox 1136 1326 1201 1378; x_wconf 87' lang='lat' dir='ltr'>goes</span> <span class='ocrx_word' id='word_1_235' title='bbox 1223 1315 1253 1364; x_wconf 86' lang='lat' dir='ltr'>to</span> 
     </span>
     <span class='ocr_line' id='line_1_51' title="bbox 733 1386 1253 1454; baseline 0.004 -18"><span class='ocrx_word' id='word_1_236' title='bbox 733 1386 779 1438; x_wconf 88' lang='lat' dir='ltr'>tha</span> <span class='ocrx_word' id='word_1_237' title='bbox 796 1386 878 1438; x_wconf 82' lang='lat' dir='ltr'>house</span> <span class='ocrx_word' id='word_1_238' title='bbox 895 1388 928 1439; x_wconf 81' lang='lat' dir='ltr'>of</span> <span class='ocrx_word' id='word_1_239' title='bbox 944 1403 962 1439; x_wconf 93' lang='lat' dir='ltr'>a</span> <span class='ocrx_word' id='word_1_240' title='bbox 977 1389 1033 1439; x_wconf 85' lang='lat' dir='ltr'>sich</span> <span class='ocrx_word' id='word_1_241' title='bbox 1049 1403 1147 1454; x_wconf 89' lang='lat' dir='ltr'>person</span> <span class='ocrx_word' id='word_1_242' title='bbox 1165 1389 1193 1438; x_wconf 90' lang='lat' dir='ltr'>in</span> <span class='ocrx_word' id='word_1_243' title='bbox 1211 1389 1253 1439; x_wconf 90' lang='lat' dir='ltr'>his</span> 
     </span>
     <span class='ocr_line' id='line_1_52' title="bbox 733 1462 1253 1527; baseline 0.006 -15"><span class='ocrx_word' id='word_1_244' title='bbox 733 1462 862 1527; x_wconf 83' lang='lat' dir='ltr'>ordinary</span> <span class='ocrx_word' id='word_1_245' title='bbox 894 1465 983 1527; x_wconf 80' lang='lat' dir='ltr'>dress3</span> <span class='ocrx_word' id='word_1_246' title='bbox 1016 1465 1065 1514; x_wconf 92' lang='lat' dir='ltr'>but</span> <span class='ocrx_word' id='word_1_247' title='bbox 1094 1465 1127 1516; x_wconf 88' lang='lat' dir='ltr'>ho</span> <span class='ocrx_word' id='word_1_248' title='bbox 1156 1464 1253 1515; x_wconf 81' lang='lat' dir='ltr'>should</span> 
     </span>
     <span class='ocr_line' id='line_1_53' title="bbox 732 1537 1253 1604; baseline 0.006 -16"><span class='ocrx_word' id='word_1_249' title='bbox 732 1537 815 1604; x_wconf 86' lang='lat' dir='ltr'>bring</span> <span class='ocrx_word' id='word_1_250' title='bbox 840 1539 907 1596; x_wconf 85' lang='lat' dir='ltr'>with</span> <span class='ocrx_word' id='word_1_251' title='bbox 933 1541 996 1604; x_wconf 90' lang='lat' dir='ltr'>him,</span> <span class='ocrx_word' id='word_1_252' title='bbox 1022 1555 1052 1591; x_wconf 89' lang='lat' dir='ltr'>or</span> <span class='ocrx_word' id='word_1_253' title='bbox 1078 1540 1198 1591; x_wconf 79' lang='lat' dir='ltr'>contrive</span> <span class='ocrx_word' id='word_1_254' title='bbox 1224 1544 1253 1592; x_wconf 91' lang='lat' dir='ltr'>to</span> 
     </span>
     <span class='ocr_line' id='line_1_54' title="bbox 733 1614 1254 1679; baseline 0.002 -14"><span class='ocrx_word' id='word_1_255' title='bbox 733 1615 799 1665; x_wconf 84' lang='lat' dir='ltr'>send</span> <span class='ocrx_word' id='word_1_256' title='bbox 824 1614 920 1666; x_wconf 79' lang='lat' dir='ltr'>before</span> <span class='ocrx_word' id='word_1_257' title='bbox 945 1616 1008 1679; x_wconf 88' lang='lat' dir='ltr'>him,</span> <span class='ocrx_word' id='word_1_258' title='bbox 1035 1618 1081 1670; x_wconf 91' lang='lat' dir='ltr'>the</span> <span class='ocrx_word' id='word_1_259' title='bbox 1106 1620 1254 1667; x_wconf 82' lang='lat' dir='ltr'>vestments</span> 
     </span>
     <span class='ocr_line' id='line_1_55' title="bbox 733 1690 1254 1757; baseline 0.006 -17"><span class='ocrx_word' id='word_1_260' title='bbox 733 1690 820 1742; x_wconf 85' lang='lat' dir='ltr'>which</span> <span class='ocrx_word' id='word_1_261' title='bbox 838 1691 885 1743; x_wconf 91' lang='lat' dir='ltr'>the</span> <span class='ocrx_word' id='word_1_262' title='bbox 904 1691 995 1742; x_wconf 87' lang='lat' dir='ltr'>rubrio</span> <span class='ocrx_word' id='word_1_263' title='bbox 1014 1692 1134 1757; x_wconf 87' lang='lat' dir='ltr'>requires</span> <span class='ocrx_word' id='word_1_264' title='bbox 1152 1692 1207 1742; x_wconf 92' lang='lat' dir='ltr'>him</span> <span class='ocrx_word' id='word_1_265' title='bbox 1225 1696 1254 1743; x_wconf 89' lang='lat' dir='ltr'>to</span> 
     </span>
     <span class='ocr_line' id='line_1_56' title="bbox 733 1766 1253 1832; baseline 0.004 -15"><span class='ocrx_word' id='word_1_266' title='bbox 733 1766 843 1818; x_wconf 86' lang='lat' dir='ltr'>wear.&#39;&#39;</span> <span class='ocrx_word' id='word_1_267' title='bbox 881 1766 1009 1831; x_wconf 78' lang='lat' dir='ltr'>O&#39;Kane,</span> <span class='ocrx_word' id='word_1_268' title='bbox 1031 1783 1056 1820; x_wconf 89' lang='lat' dir='ltr'>n.</span> <span class='ocrx_word' id='word_1_269' title='bbox 1079 1769 1137 1818; x_wconf 80' lang='grc'><strong>797.</strong></span> <span class='ocrx_word' id='word_1_270' title='bbox 1176 1768 1253 1832; x_wconf 79' lang='lat' dir='ltr'>Quod</span> 
     </span>
     <span class='ocr_line' id='line_1_57' title="bbox 732 1843 1255 1909; baseline 0.002 -15"><span class='ocrx_word' id='word_1_271' title='bbox 732 1843 816 1894; x_wconf 87' lang='lat' dir='ltr'>etiarn</span> <span class='ocrx_word' id='word_1_272' title='bbox 850 1843 886 1894; x_wconf 94' lang='lat' dir='ltr'>ab</span> <span class='ocrx_word' id='word_1_273' title='bbox 917 1844 1039 1909; x_wconf 89' lang='lat' dir='ltr'>antiquis</span> <span class='ocrx_word' id='word_1_274' title='bbox 1072 1843 1255 1895; x_wconf 85' lang='lat' dir='ltr'>Missionariis</span> 
     </span>
     <span class='ocr_line' id='line_1_58' title="bbox 733 1920 1255 1986; baseline 0.002 -17"><span class='ocrx_word' id='word_1_275' title='bbox 733 1920 895 1970; x_wconf 77' lang='lat' dir='ltr'>armoricanis</span> <span class='ocrx_word' id='word_1_276' title='bbox 931 1921 1028 1971; x_wconf 83' lang='lat' dir='ltr'>saltem</span> <span class='ocrx_word' id='word_1_277' title='bbox 1067 1921 1093 1969; x_wconf 92' lang='lat' dir='ltr'>in</span> <span class='ocrx_word' id='word_1_278' title='bbox 1131 1920 1255 1986; x_wconf 89' lang='lat' dir='ltr'>pluribus</span> 
     </span>
     <span class='ocr_line' id='line_1_59' title="bbox 730 1993 1253 2062; baseline 0.004 -16"><span class='ocrx_word' id='word_1_279' title='bbox 730 1993 905 2047; x_wconf 88' lang='lat' dir='ltr'>Dioecesibus</span> <span class='ocrx_word' id='word_1_280' title='bbox 929 1997 1055 2062; x_wconf 85' lang='lat' dir='ltr'>religiose</span> <span class='ocrx_word' id='word_1_281' title='bbox 1079 1998 1253 2049; x_wconf 85' lang='lat' dir='ltr'>observatum</span> 
     </span>
     <span class='ocr_line' id='line_1_60' title="bbox 733 2071 1255 2123; baseline 0.006 -3"><span class='ocrx_word' id='word_1_282' title='bbox 733 2076 775 2120; x_wconf 87' lang='lat' dir='ltr'>est</span> <span class='ocrx_word' id='word_1_283' title='bbox 803 2075 831 2121; x_wconf 87' lang='lat' dir='ltr'>et</span> <span class='ocrx_word' id='word_1_284' title='bbox 860 2071 1027 2123; x_wconf 83' lang='lat' dir='ltr'>observatur.</span> <span class='ocrx_word' id='word_1_285' title='bbox 1076 2073 1154 2123; x_wconf 90' lang='lat' dir='ltr'>Nihil</span> <span class='ocrx_word' id='word_1_286' title='bbox 1181 2073 1255 2123; x_wconf 82' lang='lat' dir='ltr'>valet</span> 
     </span>
     <span class='ocr_line' id='line_1_61' title="bbox 734 2147 1254 2214; baseline 0.012 -21"><span class='ocrx_word' id='word_1_287' title='bbox 734 2147 938 2211; x_wconf 87' lang='lat' dir='ltr'>incommodum,</span> <span class='ocrx_word' id='word_1_288' title='bbox 958 2162 1047 2198; x_wconf 88' lang='lat' dir='ltr'>secum</span> <span class='ocrx_word' id='word_1_289' title='bbox 1066 2148 1173 2199; x_wconf 79' lang='lat' dir='ltr'>ferendi</span> <span class='ocrx_word' id='word_1_290' title='bbox 1193 2162 1254 2214; x_wconf 88' lang='lat' dir='ltr'>par·</span> 
     </span>
     <span class='ocr_line' id='line_1_62' title="bbox 734 2223 1254 2288; baseline 0.01 -19"><span class='ocrx_word' id='word_1_291' title='bbox 734 2236 795 2270; x_wconf 84' lang='lat' dir='ltr'>vum</span> <span class='ocrx_word' id='word_1_292' title='bbox 813 2227 841 2271; x_wconf 90' lang='lat' dir='ltr'>et</span> <span class='ocrx_word' id='word_1_293' title='bbox 859 2226 939 2273; x_wconf 86' lang='lat' dir='ltr'>tenue</span> <span class='ocrx_word' id='word_1_294' title='bbox 957 2223 1194 2288; x_wconf 64' lang='lat' dir='ltr'>superpelliceum</span> <span class='ocrx_word' id='word_1_295' title='bbox 1215 2223 1254 2274; x_wconf 84' lang='lat' dir='ltr'>nil</span> 
     </span>
     <span class='ocr_line' id='line_1_63' title="bbox 734 2298 1254 2364; baseline 0.01 -19"><span class='ocrx_word' id='word_1_296' title='bbox 734 2298 806 2347; x_wconf 76' lang='lat' dir='ltr'>salet</span> <span class='ocrx_word' id='word_1_297' title='bbox 837 2299 1004 2348; x_wconf 86' lang='lat' dir='ltr'>consuetudo</span> <span class='ocrx_word' id='word_1_298' title='bbox 1034 2299 1063 2347; x_wconf 91' lang='lat' dir='ltr'>in</span> <span class='ocrx_word' id='word_1_299' title='bbox 1092 2299 1254 2364; x_wconf 88' lang='lat' dir='ltr'>quibusdam</span> 
     </span>
     <span class='ocr_line' id='line_1_64' title="bbox 734 2371 1254 2439; baseline 0.006 -19"><span class='ocrx_word' id='word_1_300' title='bbox 734 2371 800 2422; x_wconf 90' lang='lat' dir='ltr'>locis</span> <span class='ocrx_word' id='word_1_301' title='bbox 826 2377 922 2423; x_wconf 86' lang='lat' dir='ltr'>contra</span> <span class='ocrx_word' id='word_1_302' title='bbox 946 2378 1120 2439; x_wconf 84' lang='lat' dir='ltr'>praeceptum</span> <span class='ocrx_word' id='word_1_303' title='bbox 1148 2375 1254 2439; x_wconf 82' lang='lat' dir='ltr'>liturgi-</span> 
     </span>
     <span class='ocr_line' id='line_1_65' title="bbox 733 2446 1255 2515; baseline 0.006 -17"><span class='ocrx_word' id='word_1_304' title='bbox 733 2462 801 2498; x_wconf 87' lang='lat' dir='ltr'>cum.</span> <span class='ocrx_word' id='word_1_305' title='bbox 841 2446 870 2497; x_wconf 85' lang='lat' dir='ltr'>si</span> <span class='ocrx_word' id='word_1_306' title='bbox 890 2449 934 2499; x_wconf 93' lang='lat' dir='ltr'>cui</span> <span class='ocrx_word' id='word_1_307' title='bbox 953 2449 1176 2515; x_wconf 84' lang='lat' dir='ltr'>superpelliceum</span> <span class='ocrx_word' id='word_1_308' title='bbox 1197 2451 1255 2501; x_wconf 87' lang='lat' dir='ltr'>sine</span> 
     </span>
     <span class='ocr_line' id='line_1_66' title="bbox 733 2525 1255 2589; baseline 0.008 -17"><span class='ocrx_word' id='word_1_309' title='bbox 733 2528 808 2575; x_wconf 81' lang='lat' dir='ltr'>reste</span> <span class='ocrx_word' id='word_1_310' title='bbox 841 2525 923 2575; x_wconf 87' lang='lat' dir='ltr'>talari</span> <span class='ocrx_word' id='word_1_311' title='bbox 956 2526 1086 2575; x_wconf 89' lang='lat' dir='ltr'>absonum</span> <span class='ocrx_word' id='word_1_312' title='bbox 1120 2527 1255 2589; x_wconf 83' lang='lat' dir='ltr'>videatur,</span> 
     </span>
     <span class='ocr_line' id='line_1_67' title="bbox 733 2601 1255 2666; baseline 0.006 -16"><span class='ocrx_word' id='word_1_313' title='bbox 733 2615 823 2650; x_wconf 86' lang='lat' dir='ltr'>secum</span> <span class='ocrx_word' id='word_1_314' title='bbox 849 2601 923 2652; x_wconf 80' lang='lat' dir='ltr'>ferre</span> <span class='ocrx_word' id='word_1_315' title='bbox 947 2605 1038 2666; x_wconf 89' lang='lat' dir='ltr'>potest</span> <span class='ocrx_word' id='word_1_316' title='bbox 1062 2606 1163 2653; x_wconf 81' lang='lat' dir='ltr'>vestem</span> <span class='ocrx_word' id='word_1_317' title='bbox 1186 2603 1255 2653; x_wconf 85' lang='lat' dir='ltr'>tala-</span> 
     </span>
     <span class='ocr_line' id='line_1_68' title="bbox 732 2679 1253 2732; baseline 0.008 -4"><span class='ocrx_word' id='word_1_318' title='bbox 732 2691 787 2728; x_wconf 86' lang='lat' dir='ltr'>rem</span> <span class='ocrx_word' id='word_1_319' title='bbox 815 2681 873 2728; x_wconf 88' lang='lat' dir='ltr'>tam</span> <span class='ocrx_word' id='word_1_320' title='bbox 903 2682 1011 2730; x_wconf 90' lang='lat' dir='ltr'>tenuem</span> <span class='ocrx_word' id='word_1_321' title='bbox 1040 2683 1069 2728; x_wconf 94' lang='lat' dir='ltr'>ut</span> <span class='ocrx_word' id='word_1_322' title='bbox 1098 2679 1126 2729; x_wconf 89' lang='lat' dir='ltr'>in</span> <span class='ocrx_word' id='word_1_323' title='bbox 1155 2679 1253 2732; x_wconf 89' lang='lat' dir='ltr'>itinere</span> 
     </span>
     <span class='ocr_line' id='line_1_69' title="bbox 731 2753 1252 2820; baseline 0.008 -17"><span class='ocrx_word' id='word_1_324' title='bbox 731 2753 811 2803; x_wconf 89' lang='lat' dir='ltr'>simul</span> <span class='ocrx_word' id='word_1_325' title='bbox 833 2768 892 2804; x_wconf 91' lang='lat' dir='ltr'>cum</span> <span class='ocrx_word' id='word_1_326' title='bbox 915 2755 1109 2820; x_wconf 85' lang='lat' dir='ltr'>superpelliceo</span> <span class='ocrx_word' id='word_1_327' title='bbox 1131 2760 1188 2806; x_wconf 92' lang='lat' dir='ltr'>tam</span> <span class='ocrx_word' id='word_1_328' title='bbox 1210 2755 1252 2807; x_wconf 78' lang='lat' dir='ltr'>fa·</span> 
     </span>
     <span class='ocr_line' id='line_1_70' title="bbox 730 2829 1253 2897; baseline 0.006 -18"><span class='ocrx_word' id='word_1_329' title='bbox 730 2829 781 2880; x_wconf 89' lang='lat' dir='ltr'>cile</span> <span class='ocrx_word' id='word_1_330' title='bbox 800 2830 906 2894; x_wconf 89' lang='lat' dir='ltr'>portari</span> <span class='ocrx_word' id='word_1_331' title='bbox 925 2831 1012 2895; x_wconf 88' lang='lat' dir='ltr'>possit</span> <span class='ocrx_word' id='word_1_332' title='bbox 1031 2845 1111 2895; x_wconf 82' lang='lat' dir='ltr'>quam</span> <span class='ocrx_word' id='word_1_333' title='bbox 1131 2836 1253 2897; x_wconf 88' lang='lat' dir='ltr'>tempora</span> 
     </span>
     <span class='ocr_line' id='line_1_71' title="bbox 731 2904 1253 2975; baseline 0.01 -22"><span class='ocrx_word' id='word_1_334' title='bbox 731 2904 840 2970; x_wconf 86' lang='lat' dir='ltr'>pluviae</span> <span class='ocrx_word' id='word_1_335' title='bbox 874 2905 902 2955; x_wconf 94' lang='lat' dir='ltr'>id</span> <span class='ocrx_word' id='word_1_336' title='bbox 937 2907 1009 2972; x_wconf 90' lang='lat' dir='ltr'>quod</span> <span class='ocrx_word' id='word_1_337' title='bbox 1042 2907 1124 2975; x_wconf 82' lang='lat' dir='ltr'>vulgo</span> <span class='ocrx_word' id='word_1_338' title='bbox 1158 2907 1253 2959; x_wconf 88' lang='lat' dir='ltr'>dieunt</span> 
     </span>
     <span class='ocr_line' id='line_1_72' title="bbox 730 2980 870 3031; baseline 0.007 -1"><span class='ocrx_word' id='word_1_339' title='bbox 730 2980 870 3031; x_wconf 82' lang='lat' dir='ltr'>umbrella.</span> 
     </span>
    </p>

    <p class='ocr_par' dir='ltr' id='par_1_10' title="bbox 731 3056 1255 4489">
     <span class='ocr_line' id='line_1_73' title="bbox 768 3056 1255 3121; baseline 0.008 -15"><span class='ocrx_word' id='word_1_340' title='bbox 768 3056 842 3107; x_wconf 88' lang='lat' dir='ltr'>“No</span> <span class='ocrx_word' id='word_1_341' title='bbox 865 3057 958 3121; x_wconf 87' lang='lat' dir='ltr'>doubt,</span> <span class='ocrx_word' id='word_1_342' title='bbox 980 3058 1025 3109; x_wconf 91' lang='lat' dir='ltr'>the</span> <span class='ocrx_word' id='word_1_343' title='bbox 1049 3058 1255 3110; x_wconf 79' lang='lat' dir='ltr'>inconvenienee</span> 
     </span>
     <span class='ocr_line' id='line_1_74' title="bbox 734 3131 1254 3198; baseline 0.004 -15"><span class='ocrx_word' id='word_1_344' title='bbox 734 3133 765 3183; x_wconf 85' lang='lat' dir='ltr'>of</span> <span class='ocrx_word' id='word_1_345' title='bbox 782 3131 914 3197; x_wconf 81' lang='lat' dir='ltr'>bringing</span> <span class='ocrx_word' id='word_1_346' title='bbox 931 3133 953 3183; x_wconf 92' lang='lat' dir='ltr'>it</span> <span class='ocrx_word' id='word_1_347' title='bbox 974 3132 1006 3198; x_wconf 92' lang='lat' dir='ltr'>[a</span> <span class='ocrx_word' id='word_1_348' title='bbox 1021 3138 1135 3186; x_wconf 88' lang='lat' dir='ltr'>soutane</span> <span class='ocrx_word' id='word_1_349' title='bbox 1152 3150 1182 3185; x_wconf 92' lang='lat' dir='ltr'>or</span> <span class='ocrx_word' id='word_1_350' title='bbox 1199 3148 1254 3185; x_wconf 83' lang='lat' dir='ltr'>aaa·</span> 
     </span>
     <span class='ocr_line' id='line_1_75' title="bbox 731 3206 1253 3275; baseline 0.008 -15"><span class='ocrx_word' id='word_1_351' title='bbox 731 3206 808 3274; x_wconf 84' lang='lat' dir='ltr'>sock]</span> <span class='ocrx_word' id='word_1_352' title='bbox 840 3208 864 3259; x_wconf 89' lang='lat' dir='ltr'>is</span> <span class='ocrx_word' id='word_1_353' title='bbox 892 3209 970 3260; x_wconf 82' lang='lat' dir='ltr'>often</span> <span class='ocrx_word' id='word_1_354' title='bbox 1000 3225 1029 3261; x_wconf 93' lang='lat' dir='ltr'>so</span> <span class='ocrx_word' id='word_1_355' title='bbox 1058 3215 1137 3275; x_wconf 83' lang='lat' dir='ltr'>great</span> <span class='ocrx_word' id='word_1_356' title='bbox 1165 3226 1196 3263; x_wconf 93' lang='lat' dir='ltr'>as</span> <span class='ocrx_word' id='word_1_357' title='bbox 1223 3216 1253 3263; x_wconf 88' lang='lat' dir='ltr'>to</span> 
     </span>
     <span class='ocr_line' id='line_1_76' title="bbox 733 3283 1255 3351; baseline 0.004 -19"><span class='ocrx_word' id='word_1_358' title='bbox 733 3283 838 3347; x_wconf 81' lang='lat' dir='ltr'>justify</span> <span class='ocrx_word' id='word_1_359' title='bbox 862 3285 909 3335; x_wconf 88' lang='lat' dir='ltr'>the</span> <span class='ocrx_word' id='word_1_360' title='bbox 934 3285 1019 3349; x_wconf 88' lang='lat' dir='ltr'>priest</span> <span class='ocrx_word' id='word_1_361' title='bbox 1043 3285 1071 3334; x_wconf 92' lang='lat' dir='ltr'>in</span> <span class='ocrx_word' id='word_1_362' title='bbox 1096 3287 1255 3351; x_wconf 86' lang='lat' dir='ltr'>dispensing</span> 
     </span>
     <span class='ocr_line' id='line_1_77' title="bbox 734 3359 1254 3429; baseline 0.004 -20"><span class='ocrx_word' id='word_1_363' title='bbox 734 3359 800 3410; x_wconf 86' lang='lat' dir='ltr'>with</span> <span class='ocrx_word' id='word_1_364' title='bbox 829 3360 859 3410; x_wconf 93' lang='lat' dir='ltr'>it.</span> <span class='ocrx_word' id='word_1_365' title='bbox 905 3360 961 3410; x_wconf 91' lang='lat' dir='ltr'>But</span> <span class='ocrx_word' id='word_1_366' title='bbox 989 3363 1079 3429; x_wconf 78' lang='lat' dir='ltr'>surely</span> <span class='ocrx_word' id='word_1_367' title='bbox 1108 3362 1131 3412; x_wconf 89' lang='lat' dir='ltr'>it</span> <span class='ocrx_word' id='word_1_368' title='bbox 1158 3362 1181 3412; x_wconf 90' lang='lat' dir='ltr'>is</span> <span class='ocrx_word' id='word_1_369' title='bbox 1207 3368 1254 3412; x_wconf 92' lang='lat' dir='ltr'>not</span> 
     </span>
     <span class='ocr_line' id='line_1_78' title="bbox 734 3435 1255 3503; baseline 0.004 -18"><span class='ocrx_word' id='word_1_370' title='bbox 734 3435 836 3499; x_wconf 86' lang='lat' dir='ltr'>always</span> <span class='ocrx_word' id='word_1_371' title='bbox 861 3450 899 3487; x_wconf 90' lang='lat' dir='ltr'>so.</span> <span class='ocrx_word' id='word_1_372' title='bbox 943 3436 997 3487; x_wconf 80' lang='lat' dir='ltr'>For</span> <span class='ocrx_word' id='word_1_373' title='bbox 1021 3439 1153 3503; x_wconf 85' lang='lat' dir='ltr'>example,</span> <span class='ocrx_word' id='word_1_374' title='bbox 1180 3438 1255 3487; x_wconf 86' lang='lat' dir='ltr'>there</span> 
     </span>
     <span class='ocr_line' id='line_1_79' title="bbox 734 3511 1255 3576; baseline 0.004 -15"><span class='ocrx_word' id='word_1_375' title='bbox 734 3525 785 3561; x_wconf 92' lang='lat' dir='ltr'>can</span> <span class='ocrx_word' id='word_1_376' title='bbox 814 3511 847 3562; x_wconf 87' lang='lat' dir='ltr'>bo</span> <span class='ocrx_word' id='word_1_377' title='bbox 877 3527 911 3562; x_wconf 93' lang='lat' dir='ltr'>no</span> <span class='ocrx_word' id='word_1_378' title='bbox 940 3517 1020 3576; x_wconf 85' lang='lat' dir='ltr'>great</span> <span class='ocrx_word' id='word_1_379' title='bbox 1049 3513 1255 3563; x_wconf 82' lang='lat' dir='ltr'>inconvenience</span> 
     </span>
     <span class='ocr_line' id='line_1_80' title="bbox 736 3586 1255 3652; baseline 0.002 -17"><span class='ocrx_word' id='word_1_380' title='bbox 736 3586 760 3636; x_wconf 82' lang='lat' dir='ltr'>if</span> <span class='ocrx_word' id='word_1_381' title='bbox 777 3588 810 3637; x_wconf 90' lang='lat' dir='ltr'>he</span> <span class='ocrx_word' id='word_1_382' title='bbox 829 3602 893 3650; x_wconf 89' lang='lat' dir='ltr'>goes</span> <span class='ocrx_word' id='word_1_383' title='bbox 912 3591 941 3638; x_wconf 87' lang='lat' dir='ltr'>to</span> <span class='ocrx_word' id='word_1_384' title='bbox 960 3589 1006 3640; x_wconf 87' lang='lat' dir='ltr'>the</span> <span class='ocrx_word' id='word_1_385' title='bbox 1023 3587 1100 3652; x_wconf 88' lang='lat' dir='ltr'>place</span> <span class='ocrx_word' id='word_1_386' title='bbox 1119 3605 1153 3638; x_wconf 92' lang='lat' dir='ltr'>on</span> <span class='ocrx_word' id='word_1_387' title='bbox 1173 3604 1190 3638; x_wconf 89' lang='lat' dir='ltr'>a</span> <span class='ocrx_word' id='word_1_388' title='bbox 1208 3603 1255 3638; x_wconf 91' lang='lat' dir='ltr'>car</span> 
     </span>
     <span class='ocr_line' id='line_1_81' title="bbox 734 3664 1252 3727; baseline 0.002 -14"><span class='ocrx_word' id='word_1_389' title='bbox 734 3678 764 3713; x_wconf 91' lang='lat' dir='ltr'>or</span> <span class='ocrx_word' id='word_1_390' title='bbox 786 3664 864 3714; x_wconf 86' lang='lat' dir='ltr'>other</span> <span class='ocrx_word' id='word_1_391' title='bbox 884 3664 995 3727; x_wconf 88' lang='lat' dir='ltr'>vehiole,</span> <span class='ocrx_word' id='word_1_392' title='bbox 1016 3679 1047 3714; x_wconf 90' lang='lat' dir='ltr'>or</span> <span class='ocrx_word' id='word_1_393' title='bbox 1069 3664 1094 3713; x_wconf 86' lang='lat' dir='ltr'>if</span> <span class='ocrx_word' id='word_1_394' title='bbox 1114 3666 1147 3715; x_wconf 91' lang='lat' dir='ltr'>he</span> <span class='ocrx_word' id='word_1_395' title='bbox 1169 3665 1191 3712; x_wconf 89' lang='lat' dir='ltr'>is</span> <span class='ocrx_word' id='word_1_396' title='bbox 1213 3679 1252 3714; x_wconf 91' lang='lat' dir='ltr'>ac·</span> 
     </span>
     <span class='ocr_line' id='line_1_82' title="bbox 733 3739 1255 3804; baseline 0.004 -16"><span class='ocrx_word' id='word_1_397' title='bbox 733 3739 892 3804; x_wconf 86' lang='lat' dir='ltr'>componied</span> <span class='ocrx_word' id='word_1_398' title='bbox 909 3739 946 3802; x_wconf 85' lang='lat' dir='ltr'>by</span> <span class='ocrx_word' id='word_1_399' title='bbox 963 3740 1009 3791; x_wconf 92' lang='lat' dir='ltr'>the</span> <span class='ocrx_word' id='word_1_400' title='bbox 1027 3754 1180 3804; x_wconf 87' lang='lat' dir='ltr'>messengcr</span> <span class='ocrx_word' id='word_1_401' title='bbox 1196 3740 1255 3790; x_wconf 89' lang='lat' dir='ltr'>who</span> 
     </span>
     <span class='ocr_line' id='line_1_83' title="bbox 733 3814 1255 3878; baseline -0.002 -14"><span class='ocrx_word' id='word_1_402' title='bbox 733 3830 808 3865; x_wconf 90' lang='lat' dir='ltr'>camo</span> <span class='ocrx_word' id='word_1_403' title='bbox 828 3815 872 3864; x_wconf 85' lang='lat' dir='ltr'>for</span> <span class='ocrx_word' id='word_1_404' title='bbox 891 3814 955 3866; x_wconf 88' lang='lat' dir='ltr'>hirn.</span> <span class='ocrx_word' id='word_1_405' title='bbox 992 3815 1049 3867; x_wconf 84' lang='lat' dir='ltr'>The</span> <span class='ocrx_word' id='word_1_406' title='bbox 1067 3820 1189 3878; x_wconf 89' lang='lat' dir='ltr'>soutane,</span> <span class='ocrx_word' id='word_1_407' title='bbox 1210 3815 1255 3865; x_wconf 80' lang='lat' dir='ltr'>for</span> 
     </span>
     <span class='ocr_line' id='line_1_84' title="bbox 734 3891 1254 3956; baseline 0 -16"><span class='ocrx_word' id='word_1_408' title='bbox 734 3892 865 3954; x_wconf 83' lang='lat' dir='ltr'>instance,</span> <span class='ocrx_word' id='word_1_409' title='bbox 887 3891 974 3955; x_wconf 86' lang='lat' dir='ltr'>might</span> <span class='ocrx_word' id='word_1_410' title='bbox 992 3891 1026 3942; x_wconf 91' lang='lat' dir='ltr'>be</span> <span class='ocrx_word' id='word_1_411' title='bbox 1047 3892 1080 3942; x_wconf 84' lang='lat' dir='ltr'>of</span> <span class='ocrx_word' id='word_1_412' title='bbox 1099 3907 1164 3955; x_wconf 87' lang='lat' dir='ltr'>very</span> <span class='ocrx_word' id='word_1_413' title='bbox 1184 3891 1254 3956; x_wconf 91' lang='lat' dir='ltr'>light</span> 
     </span>
     <span class='ocr_line' id='line_1_85' title="bbox 733 3967 1255 4025; baseline 0.006 -10"><span class='ocrx_word' id='word_1_414' title='bbox 733 3967 868 4025; x_wconf 86' lang='lat' dir='ltr'>material,</span> <span class='ocrx_word' id='word_1_415' title='bbox 899 3968 977 4018; x_wconf 86' lang='lat' dir='ltr'>made</span> <span class='ocrx_word' id='word_1_416' title='bbox 1008 3968 1122 4017; x_wconf 88' lang='lat' dir='ltr'>without</span> <span class='ocrx_word' id='word_1_417' title='bbox 1154 3968 1255 4018; x_wconf 81' lang='lat' dir='ltr'>sleever</span> 
     </span>
     <span class='ocr_line' id='line_1_86' title="bbox 734 4042 1255 4107; baseline 0.002 -14"><span class='ocrx_word' id='word_1_418' title='bbox 734 4042 789 4094; x_wconf 93' lang='lat' dir='ltr'>and</span> <span class='ocrx_word' id='word_1_419' title='bbox 810 4057 839 4093; x_wconf 93' lang='lat' dir='ltr'>so</span> <span class='ocrx_word' id='word_1_420' title='bbox 861 4058 892 4094; x_wconf 89' lang='lat' dir='ltr'>as</span> <span class='ocrx_word' id='word_1_421' title='bbox 913 4048 942 4095; x_wconf 90' lang='lat' dir='ltr'>to</span> <span class='ocrx_word' id='word_1_422' title='bbox 963 4043 996 4094; x_wconf 86' lang='lat' dir='ltr'>tlt</span> <span class='ocrx_word' id='word_1_423' title='bbox 1017 4044 1104 4107; x_wconf 89' lang='lat' dir='ltr'>easily</span> <span class='ocrx_word' id='word_1_424' title='bbox 1124 4058 1187 4094; x_wconf 83' lang='lat' dir='ltr'>over</span> <span class='ocrx_word' id='word_1_425' title='bbox 1208 4043 1255 4094; x_wconf 86' lang='lat' dir='ltr'>the</span> 
     </span>
     <span class='ocr_line' id='line_1_87' title="bbox 734 4119 1255 4182; baseline 0.004 -13"><span class='ocrx_word' id='word_1_426' title='bbox 734 4119 865 4182; x_wconf 89' lang='lat' dir='ltr'>ordinary</span> <span class='ocrx_word' id='word_1_427' title='bbox 886 4123 962 4182; x_wconf 87' lang='lat' dir='ltr'>coat;</span> <span class='ocrx_word' id='word_1_428' title='bbox 989 4120 1011 4169; x_wconf 92' lang='lat' dir='ltr'>it</span> <span class='ocrx_word' id='word_1_429' title='bbox 1033 4120 1112 4171; x_wconf 91' lang='lat' dir='ltr'>could</span> <span class='ocrx_word' id='word_1_430' title='bbox 1135 4119 1199 4169; x_wconf 92' lang='lat' dir='ltr'>thus</span> <span class='ocrx_word' id='word_1_431' title='bbox 1221 4119 1255 4171; x_wconf 90' lang='lat' dir='ltr'>be</span> 
     </span>
     <span class='ocr_line' id='line_1_88' title="bbox 733 4195 1254 4246; baseline -0.002 -1"><span class='ocrx_word' id='word_1_432' title='bbox 733 4195 839 4246; x_wconf 88' lang='lat' dir='ltr'>carried</span> <span class='ocrx_word' id='word_1_433' title='bbox 863 4195 978 4245; x_wconf 89' lang='lat' dir='ltr'>without</span> <span class='ocrx_word' id='word_1_434' title='bbox 1000 4196 1079 4246; x_wconf 85' lang='lat' dir='ltr'>much</span> <span class='ocrx_word' id='word_1_435' title='bbox 1102 4195 1254 4246; x_wconf 85' lang='lat' dir='ltr'>inconveni-</span> 
     </span>
     <span class='ocr_line' id='line_1_89' title="bbox 733 4270 1254 4337; baseline 0 -15"><span class='ocrx_word' id='word_1_436' title='bbox 733 4286 797 4322; x_wconf 87' lang='lat' dir='ltr'>ence</span> <span class='ocrx_word' id='word_1_437' title='bbox 832 4271 915 4335; x_wconf 88' lang='lat' dir='ltr'>along</span> <span class='ocrx_word' id='word_1_438' title='bbox 949 4270 1015 4321; x_wconf 89' lang='lat' dir='ltr'>with</span> <span class='ocrx_word' id='word_1_439' title='bbox 1047 4273 1094 4322; x_wconf 87' lang='lat' dir='ltr'>the</span> <span class='ocrx_word' id='word_1_440' title='bbox 1128 4271 1254 4337; x_wconf 76' lang='lat' dir='ltr'>surpliee,</span> 
     </span>
     <span class='ocr_line' id='line_1_90' title="bbox 734 4346 1253 4413; baseline -0.002 -16"><span class='ocrx_word' id='word_1_441' title='bbox 734 4346 800 4397; x_wconf 93' lang='lat' dir='ltr'>both</span> <span class='ocrx_word' id='word_1_442' title='bbox 821 4347 911 4413; x_wconf 85' lang='lat' dir='ltr'>being,</span> <span class='ocrx_word' id='word_1_443' title='bbox 933 4362 964 4398; x_wconf 87' lang='lat' dir='ltr'>as</span> <span class='ocrx_word' id='word_1_444' title='bbox 982 4362 1021 4398; x_wconf 94' lang='lat' dir='ltr'>we</span> <span class='ocrx_word' id='word_1_445' title='bbox 1041 4361 1166 4413; x_wconf 85' lang='lat' dir='ltr'>suppose,</span> <span class='ocrx_word' id='word_1_446' title='bbox 1186 4362 1253 4397; x_wconf 91' lang='lat' dir='ltr'>com-</span> 
     </span>
     <span class='ocr_line' id='line_1_91' title="bbox 734 4422 1254 4489; baseline 0.002 -17"><span class='ocrx_word' id='word_1_447' title='bbox 734 4422 865 4489; x_wconf 84' lang='lat' dir='ltr'>preasible</span> <span class='ocrx_word' id='word_1_448' title='bbox 887 4423 945 4475; x_wconf 92' lang='lat' dir='ltr'>into</span> <span class='ocrx_word' id='word_1_449' title='bbox 966 4438 1032 4480; x_wconf 80' lang='lat' dir='ltr'>very</span> <span class='ocrx_word' id='word_1_450' title='bbox 1051 4422 1130 4472; x_wconf 70' lang='lat' dir='ltr'>small</span> <span class='ocrx_word' id='word_1_451' title='bbox 1151 4423 1254 4474; x_wconf 85' lang='lat' dir='ltr'>bulk.’&#39;</span> 
     </span>
    </p>
   </div>
   <div class='ocr_carea' id='block_1_7' title="bbox 735 4498 989 4565">
    <p class='ocr_par' dir='ltr' id='par_1_11' title="bbox 735 4498 989 4565">
     <span class='ocr_line' id='line_1_92' title="bbox 735 4498 989 4565; baseline 0.004 -15"><span class='ocrx_word' id='word_1_452' title='bbox 735 4499 862 4565; x_wconf 77' lang='lat' dir='ltr'>O&#39;Kaue,</span> <span class='ocrx_word' id='word_1_453' title='bbox 886 4514 912 4551; x_wconf 88' lang='lat' dir='ltr'>n.</span> <span class='ocrx_word' id='word_1_454' title='bbox 937 4498 989 4551; x_wconf 67' lang='lat' dir='ltr'>pqr</span> 
     </span>
    </p>
   </div>
   <div class='ocr_carea' id='block_1_8' title="bbox 0 0 1406 4890">
    <p class='ocr_par' dir='ltr' id='par_1_12' title="bbox 0 0 1406 4890">
     <span class='ocr_line' id='line_1_93' title="bbox 0 0 1406 4890; baseline 0 0"><span class='ocrx_word' id='word_1_455' title='bbox 0 0 1406 4890; x_wconf 95' lang='lat' dir='ltr'> </span> 
     </span>
    </p>
   </div>
  </div>
 </body>
</html>
