2804 4890
170 670 232 734 282
315 680 370 739 ΒΕ
393 681 791 739 PRAESTANTIORIBUS
816 682 1125 739 FUNCTIONIBUS.

174 866 475 918 aannnremrosssous
486 866 686 910 amrmemus.
814 865 994 908 asnsmcrro
1012 865 1175 908 sonamus.

174 949 251 1002 aqua
272 949 367 1002 nuper
387 931 548 999 benedicta,
568 929 681 986 medius
720 928 831 986 serario
847 946 897 984 seu
913 927 1048 984 ministro
1064 932 1203 997 portante
1216 942 1268 980 vas

173 1008 251 1065 inter
267 1009 424 1065 secundum
442 1014 472 1064 et
489 1008 608 1064 tertium
626 1008 680 1064 cle·
722 1025 814 1079 aquae
852 1005 1020 1063 benedictae
1057 1011 1086 1061 et
1123 1003 1266 1074 acolythis

175 1086 276 1157 ricum,
290 1093 366 1144 tecto
379 1085 484 1156 capite,
498 1085 630 1157 procedit
642 1086 681 1143 ad
723 1104 786 1142 cum
817 1083 999 1141 candelabris
1028 1082 1165 1150 accensis,
1196 1081 1265 1139 Dia-

175 1165 278 1221 Altare
292 1171 322 1220 et
334 1164 502 1234 genuflectit
515 1164 544 1220 in
558 1164 624 1235 ejus
637 1164 680 1220 in·
723 1181 811 1221 conus
827 1169 856 1219 et
873 1161 1076 1219 Subdiaconus
1092 1178 1110 1217 a
1126 1159 1267 1216 lateribus

172 1239 239 1296 flmo
279 1239 373 1308 gradu
413 1257 469 1310 pro
509 1238 679 1311 aspersione
722 1239 913 1309 Celebrantis,
955 1238 1084 1295 fimbrias
1127 1237 1265 1309 pluvialis

175 1336 268 1390 aquae
281 1318 477 1376 benedictae.'’
722 1318 906 1374 sustinentes.

211 1394 237 1450 3.
257 1393 327 1450 “Fit
341 1392 474 1464 aspersio
489 1410 568 1450 more
583 1391 678 1462 solito,
760 1393 809 1448 Ad
831 1391 1029 1463 aspersionem
1052 1409 1145 1461 aquae
1166 1407 1189 1446 s.
1211 1386 1268 1444 Mi-

175 1478 348 1546 postquam
368 1470 619 1543 primusclericus
638 1489 681 1527 re·
726 1472 812 1529 nistri
833 1471 974 1528 assistunt
997 1489 1077 1528 more
1098 1469 1193 1537 solito,
1216 1469 1269 1525 sub

176 1550 262 1622 ponit
287 1549 407 1606 Missale
431 1567 522 1619 super
547 1548 625 1617 legili
650 1548 681 1604 in
727 1550 812 1621 cujus
836 1548 931 1619 linem,
954 1548 993 1605 ad
1017 1548 1186 1604 Orationem
1211 1549 1269 1602 Er·

178 1645 269 1685 cornu
297 1625 451 1697 Epistolae
479 1623 619 1682 Altarisss’
727 1630 796 1683 audi
810 1633 961 1684 assumunt
975 1625 1141 1696 manipulos
1155 1626 1192 1682 ab
1206 1642 1270 1681 aco-

727 1703 816 1776 lythis
833 1711 993 1775 porrectos.

213 1783 241 1839 4.
261 1780 439 1838 “Celebrans
467 1779 579 1836 medius
605 1779 683 1835 inter
765 1781 913 1839 Diaconus
932 1801 950 1839 a
970 1781 1090 1851 dextris,
1111 1780 1271 1838 Subdiaco-

177 1858 296 1917 clericos
309 1857 439 1916 ascendit
453 1859 556 1913 Altare
567 1876 599 1913 ac
611 1856 682 1912 illud
729 1879 782 1916 nus
797 1878 815 1917 a
830 1859 958 1916 sinistris
975 1858 1157 1915 Celebrantis
1173 1876 1271 1915 ascen·

178 1937 327 1995 osculatur
349 1936 380 1992 in
402 1934 506 2002 medio,
528 1934 632 1990 deinde
654 1932 683 1989 in
728 1938 801 1994 dunt
831 1937 948 1993 Altare³
979 1944 1007 1992 et
1037 1936 1078 1990 sic
1109 1936 1147 1992 ad
1175 1954 1265 1992 cornu

175 2030 265 2070 cornu
282 2012 433 2083 Epistolae
445 2011 506 2068 alta
519 2017 544 2067 et
559 2008 673 2080 aequali
728 2015 880 2085 llpistolae
906 2014 1078 2082 consistunt,
1104 2013 1270 2084 aliquantu-

176 2106 244 2145 voce
277 2088 382 2159 incipit
416 2090 486 2145 Ant.
521 2089 673 2154 Hosanno,
726 2093 785 2148 lum
801 2098 888 2150 retro.

177 2171 240 2235 ele„
258 2182 345 2236 quam
365 2183 430 2221 eum
449 2161 560 2220 clericis
576 2180 675 2233 prose·
767 2167 1018 2227 Caeremoniarius
1058 2168 1167 2238 detegit
1208 2167 1271 2239 pal·

176 2241 316 2313 quetur;'’
341 2242 416 2311 leget
439 2259 508 2299 vero
531 2239 675 2298 submissa
728 2267 804 2316 mas3
832 2247 936 2303 deinde
962 2246 1073 2303 assistit
1100 2252 1132 2302 ut
1158 2246 1196 2302 ad
1223 2246 1271 2301 ln-

177 2335 255 2388 voce,
274 2317 300 2374 si
318 2318 423 2376 cuorus
441 2322 546 2374 cantet·
726 2324 855 2382 troitum.
944 2322 1086 2381 Centoras
1151 2326 1272 2379 cantant

728 2401 851 2473 Antiph.
888 2419 975 2472 quam
1013 2401 1170 2456 Celebrans
1205 2400 1271 2455 sub-

730 2479 816 2535 missa
829 2497 898 2535 voce
911 2478 989 2546 legit.

219 2551 246 2607 5.
267 2550 377 2607 “Stans
397 2549 502 2606 ibidem
524 2547 622 2620 dicit,”
642 2549 688 2605 vel
762 2553 852 2612 Initio
886 2554 1036 2611 Orationis
1070 2552 1271 2611 Subdiaconus

182 2633 282 2685 cantat
307 2626 460 2684 “manibus
485 2627 611 2697 junctis:
629 2630 688 2685 Do·
729 2632 874 2688 descendit
892 2631 1053 2688 lateraliter
1070 2632 1105 2687 dc
1120 2631 1227 2688 illtari.
1244 2636 1271 2686 ct

183 2707 278 2760 minas
289 2707 447 2774 vobiscum,
459 2709 487 2760 et
502 2703 686 2762 Orationem:
727 2708 862 2779 deposita
892 2709 1014 2779 planeta
1044 2707 1154 2778 plicata
1186 2707 1272 2778 adju·

179 2782 259 2836 Dm
279 2798 362 2851 luem
383 2779 512 2850 ditipere,
530 2779 603 2836 ete.''
731 2792 816 2843 vante
836 2786 980 2857 acolytho.
1002 2786 1109 2856 accipit
1131 2804 1147 2841 a
1170 2788 1272 2841 t'aerc-

220 2859 245 2913 6.
267 2857 448 2927 “Snbjungit
472 2857 635 2915 lectionem
659 2864 686 2914 et
726 2863 868 2921 moniario
887 2862 1107 2933 Epistolarium,
1125 2869 1152 2918 et
1171 2861 1200 2917 in
1217 2861 1274 2917 flne

184 2940 249 3004 post
265 2953 327 2991 eam
342 2935 410 2992 dicit
427 2953 490 2991 curn
505 2934 617 2990 clericis
632 2936 686 2990 lie·
731 2939 879 2997 Orationis
909 2940 1074 3009 genuflectit
1108 2941 1136 2995 in
1170 2940 1271 2999 medio.

182 3009 382 3081 sponsorium:
399 3012 595 3081 Colleyerunt‚
609 3015 677 3065 etc:
728 3015 836 3071 salutat
850 3016 969 3071 chorum
985 3023 1011 3071 et
1026 3013 1184 3071 comitante
1200 3013 1270 3069 (fae-

183 3089 219 3142 ln
237 3096 334 3144 monte
351 3091 466 3144 oliveti.
730 3093 903 3152 remoniario
922 3094 970 3149 “in
989 3094 1051 3151 loco
1069 3094 1155 3149 solito
1171 3102 1270 3150 cantat

732 3171 893 3228 Lectionenr
926 3171 955 3226 iu
988 3176 1057 3227 tono
1091 3172 1272 3241 Epistulae*

727 3253 755 3304 et
770 3248 799 3303 in
815 3247 871 3303 fine
886 3248 1031 3304 “salutato
1046 3247 1161 3312 clioro,”
1174 3247 1273 3305 “oscu-

730 3325 808 3381 latur
832 3343 947 3381 manuni
975 3326 1169 3381 sa‹·er‹totis.·'
1220 3327 1272 3381 lic-

727 3408 845 3472 sumpta
866 3401 986 3472 planeta
1008 3401 1117 3472 plicata
1140 3400 1216 3458 redit
1237 3401 1274 3457 ad

731 3478 879 3536 sinistram
899 3479 1089 3536 l'elebrantis

768 3556 918 3626 “Interim
951 3557 1019 3613 dnm
1051 3564 1188 3614 cantatur
1219 3559 1274 3614 Re-

731 3633 925 3703 sponsorium.
959 3635 1125 3692 Diaconus”
1158 3636 1274 3692 descen·

732 3711 774 3766 dit
817 3712 846 3768 in
892 3713 1022 3782 plaunrn.
1067 3720 1095 3770 et
1139 3713 1273 3784 deposita

729 3788 848 3858 planeta
891 3787 1010 3859 plicata,
1053 3789 1175 3847 assumit
1217 3795 1275 3847 sto

729 3864 788 3920 lam
827 3865 968 3934 latiorem,
1010 3872 1038 3922 et
1077 3885 1141 3923 cum
1181 3865 1275 3923 solitis

732 3940 901 3998 reverentiis
924 3944 1026 4015 “ponit
1049 3945 1155 4002 librum
1179 3945 1274 4001 Evan-

731 4019 871 4088 geliorum
912 4040 1001 4092 super
1060 4022 1191 4091 Allare‚'’
1232 4042 1274 4079 re-

733 4098 857 4154 vertitur
874 4099 911 4155 ad
931 4100 1063 4157 dextram
1084 4101 1275 4170 Celebrantis‚

220 4200 312 4250 ⁸Non
359 4203 551 4263 genuflectunt,
596 4205 703 4266 quando
790 4203 967 4254 ⁴Celebrana
987 4205 1076 4269 legere
1094 4210 1185 4272 potcst
1203 4221 1273 4256 eanr-

184 4274 329 4326 Celebrans
354 4279 449 4326 Altera
472 4279 497 4325 in
521 4278 608 4326 medio
631 4293 703 4327 oecu-
757 4283 817 4333 dem
834 4283 998 4348 Lectionem,
1016 4301 1098 4335 unurn
1116 4301 1149 4337 ex
1167 4300 1274 4351 respon·

187 4353 259 4403 latur
281 4355 467 4415 (Martinucci
484 4355 524 4404 De
540 4354 628 4419 Carpo
644 4372 702 4404 con·
757 4361 844 4422 soriis,
862 4365 890 4413 et
907 4366 984 4412 stane
999 4365 1091 4414 eodem
1110 4365 1168 4415 loco
1187 4366 1275 4414 dicere
1338 4416 1344 4429 ⁸

186 4435 230 4479 tra
247 4431 338 4489 alios.)
755 4441 845 4500 potest
860 4439 964 4488 iliande
978 4455 1025 4489 cor
1039 4456 1126 4490 meum
1141 4456 1172 4491 ac
1187 4441 1276 4501 legere

759 4515 944 4579 bivangelium.
977 4518 1075 4573 (biart.
1096 4519 1133 4568 ll.
1153 4521 1194 4580 22,
1214 4520 1270 4579 25.)
