2804 4890
346 714 431 769 APP.
457 715 482 769 l.
527 714 768 768 Mahoamnn
789 715 1031 771 RECITANDA.
1179 706 1240 769 537

191 875 234 938 al.
259 877 301 938 Et
324 875 411 957 plebs
433 882 488 939 tua
512 875 679 938 laetabitur
702 877 736 938 in
760 882 800 939 te.

192 970 224 1032 S.
249 969 385 1032 Ostende
408 968 507 1045 nobis,
532 969 677 1045 Domine,
700 970 947 1032 misericordiam
971 975 1070 1035 tuam.

191 1063 235 1123 M.
260 1064 303 1125 ht
321 1062 457 1124 salutare
477 1067 568 1124 tuum
588 1063 629 1124 da
648 1062 747 1126 nobis.

192 1156 225 1218 S,
248 1156 393 1232 Domine,
413 1155 526 1218 exaudi
546 1157 720 1218 orationem
740 1176 851 1220 meam.

192 1248 236 1311 M.
259 1249 302 1311 Et
319 1248 436 1311 clamor
453 1269 541 1310 meus
556 1249 596 1312 ad
614 1254 645 1313 te
664 1250 776 1311 veniat.

192 1341 347 1403 Dominus
367 1341 533 1405 vobiscum.

193 1434 480 1496 Oramus—Aufer
505 1454 523 1496 a
550 1435 649 1510 nobis,
675 1453 861 1516 quaesumus
888 1434 1033 1512 Domine,
1060 1433 1242 1515 iniquitates

150 1530 289 1590 nostras:
312 1532 348 1589 ut
370 1528 408 1590 ad
432 1528 547 1591 Sancta
571 1527 758 1590 Sanctorum
779 1529 867 1609 puris
889 1548 1064 1590 mereamur
1085 1528 1243 1590 mentibus

151 1621 291 1682 introire.
332 1621 393 1682 Per
414 1620 576 1682 Christum
597 1620 768 1683 Dominum
790 1630 943 1682 nostrum.
986 1621 1097 1684 Amen.

194 1714 327 1775 Oramus
341 1720 381 1789 te,
397 1712 542 1789 Domine,
556 1733 611 1794 per
626 1713 739 1776 merita
754 1714 942 1776 Sanctorum
958 1718 1095 1789 tuorum,
1110 1733 1243 1794 quorum

152 1806 300 1886 reliquiae
314 1807 364 1868 hie
381 1810 465 1882 sunt,
479 1811 510 1870 et
525 1806 667 1868 omnium
686 1806 890 1868 Sanctorum:
906 1812 943 1869 ut
957 1806 1120 1887 indulgere
1136 1807 1243 1887 digna

152 1898 194 1960 ris
213 1901 318 1960 onmia
338 1904 463 1979 peecata
484 1919 561 1962 mea.
603 1898 714 1962 Amen.

196 1991 302 2054 Gloria
323 1992 356 2052 in
378 1990 504 2072 eneelais
524 1993 599 2053 Deo.
644 1992 686 2055 nt
707 1993 740 2052 in
761 1998 844 2054 terra
865 2012 926 2073 pax
945 1993 1125 2054 hominibus
1146 1994 1244 2054 bonae

153 2083 332 2145 voluntatis.
376 2083 556 2144 Laudamus
581 2088 620 2146 te.
669 2084 888 2147 Benedieimus
912 2090 952 2147 te.
1000 2084 1178 2146 Adoramus
1203 2089 1243 2146 te,

153 2176 372 2239 Glorilicamus
388 2182 427 2238 te.
463 2177 587 2237 Gratias
600 2176 722 2255 agimus
737 2176 795 2239 tibi
808 2182 936 2256 propter
950 2196 1097 2256 magnam
1111 2177 1243 2256 gloriam

153 2275 249 2331 tuam.
292 2266 426 2330 Domine
446 2268 540 2344 Deus,
562 2269 627 2330 Rex
645 2266 795 2343 eoelestis,
816 2267 901 2330 Deus
922 2269 1017 2331 Pater
1037 2270 1243 2349 omnipotens

154 2361 298 2435 Domino,
319 2360 381 2421 Fili
401 2360 574 2439 unigenite,
593 2360 670 2421 Jesu
690 2360 823 2422 Christe.
865 2359 999 2423 Domine
1019 2361 1114 2436 Deus,
1133 2361 1245 2440 Agnus

154 2453 223 2529 Dei,
240 2452 340 2514 Filius
360 2453 473 2515 Patris.
515 2452 575 2526 Qui
595 2450 680 2515 tollis
697 2459 823 2533 peccata
842 2452 964 2529 mundi,
982 2454 1128 2517 miserere
1146 2454 1244 2515 nobis.

154 2546 214 2620 Qui
231 2546 315 2608 tollis
330 2552 455 2626 peccata
469 2545 591 2621 mundi,
607 2546 727 2625 suscipe
743 2545 992 2625 deprecationem
1007 2551 1157 2608 nostram.
1183 2546 1244 2620 Qui

153 2639 238 2700 sedes
257 2638 296 2700 ad
315 2638 475 2699 dexteram
495 2637 609 2712 Patris,
627 2636 773 2700 miserere
792 2636 889 2700 nobis.
932 2638 1087 2712 Quoniam
1106 2644 1142 2701 tu
1162 2638 1246 2700 solus

153 2737 288 2794 sanctus.
341 2730 390 2791 Tu
419 2728 503 2793 solus
534 2728 698 2792 Dominus.
749 2730 799 2791 'l'u
829 2727 913 2792 solus
943 2730 1137 2806 Altissimus,
1167 2731 1246 2793 Jesu

155 2824 287 2886 Christe.
332 2823 411 2884 Cum
435 2822 549 2884 Sancto
572 2822 706 2902 Spiritu,
729 2823 761 2883 in
783 2822 883 2902 gloria
904 2823 963 2886 Dei
987 2823 1101 2885 Patris.
1133 2823 1245 2885 Amen,

194 2917 317 2979 Mundo
345 2937 397 2978 cor
424 2936 538 2991 meum,
566 2935 600 2976 ae
627 2913 710 2976 labia
738 2934 817 2990 mea,
843 2916 1043 2995 omnipotens
1069 2916 1164 2993 Deus,
1192 2917 1245 2998 qui

154 3010 235 3072 labia
260 3009 360 3071 Isaiae
384 3009 552 3088 prophetae
576 3007 695 3069 calculo
718 3007 879 3069 mundasti
905 3009 1024 3087 ignito:
1050 3010 1094 3072 ita
1118 3031 1167 3073 me
1191 3014 1246 3071 tua

154 3108 244 3182 grata
262 3102 461 3164 miseratione
480 3101 610 3178 dignare
630 3099 845 3174 mundarent
865 3101 1017 3162 Sanctum
1039 3101 1246 3183 Evangelium

155 3201 246 3257 tuum
267 3194 362 3272 digne
385 3193 502 3254 valeam
525 3192 680 3254 nuntiare.
726 3193 787 3256 Per
810 3192 972 3255 Christum
997 3193 1170 3256 Dominum
1193 3216 1247 3258 no·

155 3292 265 3348 strum.
307 3284 553 3357 Amen-Juhe,
577 3283 721 3357 Domine,
742 3284 929 3348 benedicere.
974 3285 1129 3349 Dominus
1149 3289 1191 3350 sit
1214 3289 1247 3349 iu

155 3379 246 3441 cordo
265 3398 342 3449 meo,
359 3384 391 3437 et
410 3377 441 3436 in
459 3376 549 3436 labiis
567 3376 659 3436 mois:
680 3383 715 3438 ut
734 3376 828 3454 (ligne
847 3383 877 3439 et
895 3384 1107 3457 competenter
1125 3399 1247 3441 aunuu-

156 3472 231 3533 liem
251 3469 456 3547 Evangelium
474 3488 575 3529 suurn.
612 3467 724 3530 Amen.

200 3565 259 3625 Per
278 3560 453 3636 evangeliea
472 3560 556 3621 ‹livta
576 3559 739 3621 deleantur
759 3565 865 3623 nostra
885 3561 1009 3625 delicta.

198 3655 298 3718 Credo
327 3654 360 3716 in
388 3674 487 3715 noum
514 3652 627 3724 Deum,
655 3652 782 3716 Patrem
810 3653 1068 3734 omnipotentem,
1096 3657 1248 3720 factorem

156 3751 232 3812 coeli
259 3753 291 3812 et
317 3753 427 3817 terrae,
455 3744 627 3806 visibilium
654 3745 795 3808 omnium
821 3751 853 3809 et
880 3745 1097 3812 invisibilium.
1146 3750 1187 3812 Et
1215 3752 1248 3813 in

156 3865 256 3904 unum
282 3840 452 3902 Dominum
478 3838 587 3899 Jesnm
613 3836 785 3914 Christum,
811 3838 930 3903 Filium
954 3840 1013 3904 Dei
1036 3842 1248 3923 unigenitum.

158 3937 199 3999 nt
214 3956 251 3999 ex
265 3936 359 3996 Patre
375 3936 484 3994 natum
500 3936 573 3994 ante
589 3931 694 3993 omnia
710 3929 840 3993 saecula.
878 3933 980 3995 Deum
997 3934 1034 3997 de
1050 3935 1126 4012 Deo,
1142 3936 1248 3998 lumen

157 4028 341 4101 delumine,
360 4025 461 4086 Deum
481 4045 586 4084 verum
604 4022 642 4086 (le
661 4022 727 4087 Deo
745 4043 825 4086 vero,
867 4026 1016 4088 Genitum
1035 4049 1098 4091 nou
1118 4028 1249 4103 factum,

157 4117 452 4184 consubstantialem
480 4117 586 4181 Patri:
613 4136 668 4200 por
694 4136 785 4196 quem
811 4118 917 4180 omnia
945 4119 1029 4181 facta
1055 4125 1138 4184 sunt.
1187 4121 1248 4196 Qui

158 4217 284 4294 propter
308 4232 363 4272 nos
387 4211 529 4272 homines
555 4214 585 4272 et
611 4211 739 4289 propter
764 4213 904 4271 nostram
930 4210 1061 4274 salutem
1089 4214 1249 4276 deseendit

157 4307 194 4367 clo
211 4306 311 4367 coelis.
352 4304 394 4365 Et
412 4305 592 4363 incarnatus
607 4307 652 4365 est
670 4302 707 4364 (le
727 4301 849 4381 Spiritu
870 4303 985 4366 Sancto
1001 4325 1039 4366 ex
1057 4306 1158 4369 Maria
1176 4306 1249 4368 Vir-

156 4399 244 4478 gine:
278 4398 318 4458 nt
350 4398 442 4458 homo
476 4394 577 4455 faetus
609 4399 664 4456 ost.
719 4394 895 4455 Crucifixus
929 4397 1023 4459 etiam
1055 4417 1111 4477 pro
1141 4400 1247 4462 nobis:

157 4493 213 4555 sub
230 4491 344 4553 Pontio
361 4488 465 4550 Pilato
481 4506 599 4568 passus,
615 4492 645 4549 et
662 4486 802 4567 sepultus
818 4491 873 4550 ost.
911 4488 952 4551 Et
969 4492 1137 4555 resurrexit
1156 4494 1248 4555 tortia
