2804 4890
160 675 223 739 298
378 686 432 741 ΒΕ
455 685 575 741 FERIA
597 685 633 743 V.
658 686 700 741 IN
724 687 857 743 OOENA
878 687 1038 745 DOMINI.

167 859 214 921 rel
232 858 342 922 Altare
361 862 507 939 paratum
518 857 558 919 :’'¹
581 858 615 919 1⁰
639 859 822 922 “Vexillum
841 865 1025 923 consuetum
1044 862 1078 923 in
1098 861 1254 926 delatione

167 951 225 1014 SS.
239 951 376 1027 Viatici;
389 953 401 986 ²
415 951 451 1012 2⁰
470 950 608 1028 Sodales,
621 952 669 1014 vel
683 954 728 1033 pii
743 953 802 1014 viri
816 974 888 1015 cum
903 953 1085 1015 luminibus.
1113 953 1150 1015 3ο
1168 953 1254 1015 Crux

164 1043 401 1125 processionalis
415 1044 518 1108 delata
532 1065 550 1107 a
565 1046 659 1110 tertio
674 1045 794 1109 clerico.
838 1046 876 1107 4ο
894 1046 1022 1109 Primus
1036 1046 1167 1109 clericus
1181 1068 1253 1109 eum

164 1137 326 1200 thuribulo
349 1138 545 1218 fumigante;
570 1137 606 1198 5⁰
634 1138 801 1201 Celebrans
824 1141 881 1202 sub
905 1140 1100 1215 baldachino,
1124 1140 1171 1202 vel
1196 1139 1253 1202 sub

164 1230 311 1307 umbella,
334 1236 365 1295 at
388 1250 406 1293 a
428 1230 566 1294 sinistris
589 1232 658 1312 ejus
682 1232 835 1294 secundus
858 1232 989 1296 clericus
1012 1233 1136 1296 elevans
1159 1234 1253 1298 vestis

164 1323 332 1388 anterioris
348 1325 417 1403 ejus
435 1324 658 1397 extremitates,
676 1324 752 1385 dum
771 1325 930 1389 descendit
948 1327 1064 1406 gradus
1083 1326 1129 1388 rel
1148 1347 1251 1388 ascen-

166 1417 226 1493 dit,
256 1416 443 1480 recitantes'’
479 1415 647 1498 [cantores
677 1419 704 1478 si
734 1418 850 1492 adsint,
881 1418 1025 1498 cantant]
1062 1420 1252 1498 “hymnum:

161 1511 269 1592 Pange
285 1511 405 1592 lingua,
420 1510 499 1575 etc.’'
534 1512 713 1574 Transeunt
728 1512 810 1574 circa
824 1531 880 1592 per
895 1512 1068 1592 longiorem
1082 1513 1175 1588 viam,
1191 1533 1254 1575 non

165 1619 235 1662 vero
251 1605 340 1664 extra
357 1600 538 1662 Ecclesiam.

206 1696 234 1756 3.
258 1692 328 1754 “Ad
347 1693 502 1754 Sacellum
518 1714 623 1755 omnes
639 1715 670 1755 se
685 1694 859 1773 disponunt
874 1714 928 1774 per
943 1695 1022 1756 duas
1036 1700 1140 1775 partes
1157 1697 1200 1757 ita
1216 1702 1251 1757 ut

162 1784 397 1862 thuriferarius,
411 1789 443 1850 et
458 1784 625 1849 Celebrans
639 1786 697 1848 sub
712 1786 897 1849 baldachino
912 1788 1033 1867 possint
1047 1788 1181 1849 transire
1197 1807 1252 1867 per

162 1878 302 1941 medium
320 1877 457 1940 illorum.
502 1877 686 1942 Deferentes
703 1879 844 1941 labarum
867 1878 1047 1960 [vexillum]
1070 1885 1102 1943 et
1120 1879 1251 1941 Crucem

162 1971 275 2036 sistent
296 1991 312 2035 e
333 1972 459 2052 regione
480 1970 616 2048 sacelli,''
637 1992 691 2037 seu
713 1994 731 2035 a
752 1971 859 2045 latere,
880 1972 1016 2034 crucifer
1037 1991 1132 2052 prope
1154 1992 1251 2034 comu

163 2063 338 2145 Evangelii,
358 2065 516 2145 deponens
535 2063 678 2139 Crucem,
698 2065 922 2127 thuriferarius
942 2085 1037 2145 prope
1058 2085 1155 2127 cornu
1177 2065 1251 2145 npi-

162 2155 268 2221 stolae.

202 2253 233 2315 4.
255 2250 443 2314 “Celebrans
469 2250 609 2314 ascendit
635 2250 744 2314 Altare
772 2251 882 2313 Sacelli
911 2256 940 2312 et
968 2251 1096 2332 deponit
1123 2252 1249 2313 calicem

161 2364 257 2425 supra
270 2343 397 2420 Altare;
412 2343 605 2425 genuflectit,
621 2342 782 2407 descendit
796 2344 935 2424 primum
949 2343 1094 2422 gradum,
1108 2349 1140 2405 et
1154 2364 1250 2424 genu·

161 2435 260 2500 flexus
279 2438 312 2499 in
331 2435 559 2516 suppedane0,''
579 2437 625 2498 rel
645 2436 753 2498 infimo
770 2436 884 2516 gradu³
903 2436 1053 2517 “deponit
1072 2436 1173 2497 velum
1193 2436 1249 2497 hu-

160 2529 285 2595 merale.
330 2529 465 2592 Interim
486 2530 661 2594 deferentes
681 2529 904 2592 baldachinum
925 2535 1088 2610 asportant
1110 2530 1188 2592 illud
1211 2528 1250 2591 ad

160 2623 265 2687 locum
279 2622 484 2702 congruum.''

204 2720 230 2778 5.
254 2717 442 2778 “Celebrans
456 2736 586 2794 surgens
600 2717 735 2796 imponit
748 2717 863 2779 iterum
876 2718 949 2778 thus
963 2717 996 2779 in
1009 2717 1171 2780 thuribulo
1184 2717 1250 2778 sine

160 2808 376 2872 benedictione
394 2813 424 2870 et
443 2810 510 2871 sine
528 2808 651 2884 osculis,
670 2813 700 2872 et
718 2808 901 2889 genuflexus
920 2830 1012 2890 super
1031 2808 1249 2889 suppedaneo''

160 2901 207 2964 rel
233 2901 342 2964 intimo
364 2901 475 2982 gradu
499 2901 760 2964 “Sacramentum
784 2902 933 2972 incensat,
956 2909 986 2964 et
1011 2902 1115 2963 clerici
1141 2902 1249 2965 recita·

157 2994 258 3058 bunt’'
291 2995 337 3056 rei
369 3000 509 3057 cantores
541 2996 713 3056 cantabunt
743 2996 853 3058 “Vers.
889 2996 1026 3057 Tantum
1059 3016 1140 3074 erpo,
1172 2991 1252 3055 etc.'’

162 3083 324 3163 Completo
347 3084 489 3147 Genitori
509 3083 669 3145 “ascendit
690 3084 809 3155 Altera,
829 3084 1022 3162 genuflectit,
1043 3091 1073 3147 et
1095 3084 1249 3164 accipiens

159 3176 298 3252 calicem,
313 3177 403 3237 illum
417 3177 558 3239 recondit
571 3177 605 3238 in
617 3176 754 3257 capsula,
767 3176 893 3239 admoto
906 3197 962 3257 per
975 3177 1145 3239 seeundum
1161 3175 1249 3238 eleri-

155 3290 228 3331 cum
241 3270 372 3331 scabello
384 3269 525 3347 gradata
538 3271 562 3331 si
578 3290 654 3349 opus
667 3270 736 3331 erit.
783 3269 902 3330 lterum
916 3269 1109 3346 genuflectit,
1122 3275 1153 3332 et
1166 3271 1248 3348 post·

159 3383 193 3425 ea
208 3362 327 3425 claudit
341 3362 511 3442 capsulam,
525 3362 709 3442 genuflectit
723 3367 753 3424 et
768 3362 928 3424 descendit
945 3363 976 3423 in
993 3363 1087 3442 plano
1104 3359 1248 3424 Sacelli.'’

202 3458 229 3518 6.
253 3454 440 3518 “Celebrans
461 3455 647 3535 genuflectit
668 3456 700 3516 in
721 3454 821 3532 gradu
845 3455 952 3514 intimo
975 3455 1104 3526 nitaris,
1126 3458 1156 3515 et
1178 3458 1248 3533 post

159 3547 326 3629 aliqualem
353 3549 524 3609 orationem
552 3549 663 3625 surgit,
690 3554 719 3610 et
749 3548 830 3609 facta
857 3547 1072 3625 genuflexione
1099 3547 1247 3608 amhohus

158 3642 289 3721 genibus
314 3644 345 3702 in
369 3642 486 3722 plano‚⁴
510 3640 712 3721 praecedente
737 3639 846 3712 Cruce,
870 3639 990 3700 medius
1016 3639 1098 3701 inter
1121 3639 1247 3701 ciericos

160 3735 328 3797 revertitur
345 3734 384 3796 ad
404 3734 523 3806 Altare,
542 3738 622 3795 tecto
642 3731 764 3812 eapite'’
783 3739 870 3793 extra
888 3737 1087 3813 conspectum
1110 3734 1246 3794 Sanctis-

159 3829 240 3891 simi.

194 4019 204 4050 ¹
224 4012 307 4062 Ruhr.
325 4012 401 4061 hliss.
765 4015 777 4049 ⁴
797 4008 1003 4061 sanctissimum
1027 4011 1052 4060 in
1076 4011 1247 4076 Repositorio

194 4088 311 4137 ²“The
341 4087 453 4146 banner,
485 4087 509 4136 if
539 4087 614 4138 there
643 4086 676 4138 bo
731 4087 809 4137 hodie
825 4087 860 4137 ab
875 4089 1000 4137 omnihus
1015 4090 1192 4152 adorandum,
1208 4088 1248 4139 uti

157 4164 250 4229 sny.’'
285 4164 386 4215 Cerem.
404 4164 438 4214 15.
456 4164 484 4215 S.
730 4164 838 4230 publice
857 4165 1017 4230 expositum.

192 4242 365 4293 ⁸Auctorea.
