2804 4890
301 672 355 728 DE
378 673 554 741 RELIQUO
576 674 735 729 orriolo
757 675 888 731 HUJUS
911 675 1067 733 numen.
1168 666 1229 732 323

139 844 354 909 celebrantem
370 849 541 924 sequentes,
558 844 714 908 Iliaeonus
729 866 785 926 per
799 846 970 909 seeundum
985 846 1130 928 gradum,
1147 847 1225 911 Sub·

138 938 287 1002 diacenus
308 939 340 1000 in
362 939 465 1018 pleno,
486 938 702 1019 genuflectunt
724 941 756 1000 in
778 940 880 1002 medie
900 944 932 1003 et
952 961 983 1003 se
1003 941 1122 1006 sistunt
1142 946 1225 1005 retro
1329 1021 1332 1025 .

138 1035 206 1111 pest
236 1032 461 1093 Celebruntem.
515 1033 574 1105 Qui
605 1033 699 1093 dicit:
729 1034 770 1095 ln
799 1032 915 1115 spirite
945 1034 1136 1097 humititatis
1165 1038 1222 1098 etc.

136 1125 248 1187 deinde
271 1127 365 1188 Orate
385 1129 501 1207 fratres
523 1131 580 1186 cte.
628 1125 697 1186 Non
721 1126 926 1205 respondetur
948 1126 1117 1209 Suscipiet.

179 1223 206 1280 5.
231 1219 342 1281 Postea
363 1220 396 1279 iu
415 1230 508 1280 eamn
531 1219 633 1280 l'eriali
657 1219 822 1280 (¹clehruns
843 1218 938 1280 dicit:
960 1221 1109 1284 Oramus:
1129 1222 1222 1284 Proe-

136 1312 233 1393 ceptis
250 1314 440 1375 solutoribus
460 1320 517 1373 etc.
564 1312 627 1372 Sub
647 1313 741 1373 tinem
762 1313 922 1374 (trationis
941 1312 1055 1376 Libere
1073 1335 1129 1376 nos
1150 1312 1223 1374 Dia·

135 1426 229 1468 conus
251 1406 391 1467 ascendit
413 1406 452 1466 ad
474 1406 626 1479 dextram,
651 1406 867 1468 Subdiaconus
889 1406 929 1468 ad
951 1406 1112 1468 sinistram
1136 1405 1221 1468 Cele-

135 1498 265 1573 brantis,
293 1502 325 1561 et
351 1498 568 1578 genulleetunt
595 1500 629 1559 in
657 1518 802 1578 supremo
830 1499 1029 1579 suppedaneo
1057 1498 1096 1560 ad
1125 1499 1222 1560 eleva-

135 1592 251 1654 tionem
267 1613 291 1653 s.
308 1592 436 1665 hostiae,
452 1597 562 1654 atrion
578 1592 777 1654 sustollentes
792 1593 961 1673 planetam.
1001 1592 1128 1667 Statim,
1145 1592 1221 1652 dum

135 1685 301 1746 Celebrans
318 1685 458 1748 demittit
476 1707 499 1746 s.
517 1684 651 1747 hostiam
668 1705 731 1746 non
750 1686 867 1748 iterans
884 1684 1133 1766 genuflexionem
1152 1688 1223 1764 post

134 1777 348 1851 elevationem,
378 1799 401 1838 s.
434 1777 576 1840 Ministri
606 1779 780 1842 ascendunt
809 1779 848 1841 ad
879 1779 978 1842 latera
1009 1777 1221 1850 Celebrantis3

133 1871 292 1933 Diaconus
312 1871 431 1950 detegit
451 1871 596 1947 calicem;
616 1877 648 1934 et
667 1877 832 1952 postquam
855 1871 1021 1934 Celebrans
1041 1892 1064 1934 s.
1087 1871 1221 1933 hostiam

134 1965 167 2026 in
185 1970 248 2027 tres
266 1969 369 2044 partes
387 1964 494 2026 divisit
512 1965 718 2045 ultimamque
736 1971 858 2045 partem
878 1967 911 2027 in
931 1965 1058 2027 calicem
1078 1963 1221 2037 immisit,

134 2057 291 2120 Diaconus
319 2058 445 2119 calicem
473 2059 620 2138 cooperit,
649 2058 815 2120 Celebrans
842 2079 914 2120 cum
941 2058 1097 2119 ministris
1124 2075 1220 2137 genu·

133 2149 241 2225 flectit,
264 2154 319 2230 qui
343 2152 409 2212 loca
432 2157 558 2213 mutant
582 2152 757 2231 iterumque
779 2150 1006 2231 genuflectunt.

176 2249 203 2305 6.
228 2245 303 2306 Post
334 2244 515 2306 Orationem
545 2245 708 2325 Pcrccptio
738 2243 874 2325 corporis
902 2241 1121 2324 genuflectunt
1148 2260 1219 2304 cum

134 2337 326 2412 Celebrante,
346 2343 453 2418 pectus
472 2338 511 2399 ad
530 2336 665 2400 Domine
684 2358 747 2399 non
764 2358 835 2400 sem
854 2336 969 2417 clipeus
988 2336 1171 2415 percutiunt
1189 2338 1221 2396 et

132 2431 171 2493 ad
201 2431 461 2493 Communionem
489 2451 520 2492 se
548 2430 713 2492 inclinant.
763 2428 980 2492 Subdiaconus
1008 2428 1136 2489 calicem
1164 2446 1220 2488 suo

133 2528 272 2605 tempore
298 2525 426 2604 detegit,
452 2524 561 2584 vinum
586 2528 619 2586 et
643 2542 755 2604 aquam
783 2544 839 2604 pro
863 2543 927 2584 una
953 2521 1112 2584 ablutione
1138 2519 1219 2599 digi-

132 2621 237 2679 torum
259 2618 412 2680 infundit.

175 2715 202 2774 7.
227 2712 370 2791 Surgunt
391 2732 498 2775 omnes
520 2715 551 2774 et
573 2710 716 2773 candelas
739 2730 810 2772 suas
831 2711 1032 2790 extinguunt.

175 2805 390 2866 Subdiaconus
419 2805 534 2867 transit
562 2804 601 2866 ad
629 2804 712 2867 latus
741 2803 916 2883 Evangelii,
943 2803 1155 2884 genuflectens
1184 2804 1218 2865 in

131 2898 234 2960 medio
263 2898 364 2958 infimi
393 2897 519 2977 gradus
548 2900 579 2959 et
607 2897 741 2977 extergit
768 2897 988 2978 componitque
1016 2896 1155 2971 calicem,
1183 2899 1219 2957 ut

131 2993 164 3052 in
184 2992 281 3053 Missa
298 2991 440 3064 solemni,
458 2989 555 3051 altero
573 2989 716 3069 acolytho
734 2989 883 3053 afferente
903 2989 1016 3065 velum,
1034 2994 1127 3070 atque
1145 2989 1218 3052 cali-

132 3106 196 3147 cem
224 3085 261 3146 ad
290 3083 483 3145 credentiam
509 3083 629 3158 delert;
656 3083 769 3145 deinde
796 3084 965 3145 revertitur
990 3083 1030 3145 ad
1057 3083 1217 3145 sinistram

132 3178 334 3239 Celebrantis.

174 3271 330 3333 Diaconus
356 3270 483 3333 interim
508 3290 603 3349 prope
628 3269 820 3331 credentiam
844 3270 985 3350 deposita
1009 3270 1088 3333 stela
1112 3271 1217 3334 latiori

131 3365 262 3427 resumit
288 3364 447 3444 planetam
472 3362 620 3442 plicatam
646 3367 677 3424 et
702 3362 870 3424 revertitur
896 3362 935 3423 ad
962 3362 1106 3425 dextram
1133 3364 1217 3426 Cele-

131 3458 259 3519 hrantis.

172 3554 200 3613 8.
225 3550 317 3612 Dicta
341 3550 489 3612 Oratione
511 3550 602 3626 Quod
623 3570 673 3612 ore
694 3549 887 3629 sumpsimus
909 3548 1069 3609 clauditur
1091 3549 1217 3611 Missale

130 3649 161 3707 et
188 3664 294 3705 omnes
321 3643 360 3705 de
387 3641 490 3703 Alteri
519 3641 721 3713 descendunt,
747 3639 964 3720 genuflectunt
991 3642 1025 3702 in
1052 3642 1159 3721 plano⁰
1186 3647 1218 3704 et

129 3738 231 3818 capite
248 3742 328 3798 tecto
346 3734 521 3809 discedunt,
539 3733 794 3815 praecedentibus
811 3733 1016 3798 thuriferario
1033 3735 1100 3796 sine
1117 3735 1217 3796 thuri·

130 3831 202 3892 bulo
221 3835 251 3890 et
272 3829 423 3908 acolythis
443 3830 509 3892 sine
530 3827 732 3890 candelabris.

173 3928 199 3984 9.
224 3923 287 3985 “llt
303 3923 454 3984 dicuntur
471 3922 625 4001 Vesperae
640 3920 707 3983 sina
723 3917 849 3991 cantu‚’'
864 3919 983 3981 relictis
998 3939 1092 4000 super
1108 3919 1217 3983 Altera

130 4017 267 4079 candelis
295 4016 441 4090 accensis,
470 4016 521 4077 “et
548 4012 727 4076 denudatur
754 4010 885 4075 Altare''
913 4012 951 4074 ab
979 4012 1122 4093 acolytho
1151 4013 1217 4078 sine

130 4111 193 4172 alia
223 4109 424 4171 caeremonia.

567 4287 579 4320 ⁸
598 4282 631 4332 D.
658 4281 735 4332 3059.
763 4281 788 4332 4.
