2804 4890
183 679 243 742 414
453 691 506 746 DE
528 691 719 748 VESPERIS
743 690 1009 750 SOLEMNIBUS.

183 854 258 914 siori
275 874 345 917 voce
360 854 525 935 subjungit
539 856 697 919 l'ideliurn
711 857 833 923 ooloioe
849 862 906 920 etc.
928 864 1007 936 (non
1023 877 1054 921 se
1069 856 1230 937 signans),
1245 862 1274 919 et

183 950 299 1009 secreto
317 948 544 1011 l’oter'nostor.

225 1043 252 1101 8.
278 1039 313 1101 Si
337 1040 585 1122 Completonium
609 1064 670 1106 non
696 1048 853 1123 sequatur,
878 1043 1043 1105 Celebrans
1067 1062 1196 1105 manens
1220 1063 1276 1104 suo

183 1131 272 1208 Ιοοο,θ
288 1131 438 1195 mediocri
454 1155 525 1197 voce
540 1135 706 1216 subjungit
721 1136 877 1198 llomioua
892 1137 943 1198 det
960 1135 1048 1199 nobis
1062 1155 1152 1199 suom
1168 1155 1274 1217 ponem

182 1227 239 1286 eto.
256 1229 288 1289 et
306 1227 440 1306 “incipit
455 1227 660 1306 antiphonam
679 1230 714 1290 B.
734 1229 852 1291 Mariae
869 1236 955 1291 stans
973 1228 1090 1291 ibidem
1107 1248 1161 1293 seu
1179 1247 1275 1308 genu-

183 1316 340 1392 llectens,”
366 1323 472 1399 postea
498 1319 576 1383 dicit
602 1320 807 1397 versiculum3
833 1321 946 1386 deinde
977 1321 1106 1403 (stando
1132 1326 1270 1401 semper)

183 1409 366 1474 Orationem
384 1416 415 1474 et
432 1412 587 1475 Divinum
606 1413 761 1477 auxilium
781 1415 853 1477 etc.T

619 1635 734 1710 ART.
760 1636 826 1710 IV.

267 1827 318 1879 DE
336 1828 651 1881 CAEREMONIARIO
671 1831 713 1880 IN
733 1830 916 1882 VESPERIS
934 1829 1186 1884 SOLEMNIBUS.

223 1997 294 2062 201.
318 2000 588 2065 caeremoniarius
604 2000 826 2083 superpelliceo
842 2003 974 2065 indutus
988 2008 1059 2085 post
1073 2002 1275 2066 ceroferarios

182 2093 340 2174 praecedit
356 2099 413 2156 etc.
433 2099 467 2156 ut
485 2095 524 2156 ad
544 2095 674 2156 Missam
690 2097 877 2169 solemnem3
893 2095 1104 2176 genuflectens
1121 2117 1139 2157 a
1156 2095 1275 2158 dextris

183 2185 376 2249 Celebrantis
397 2192 466 2267 (seu
480 2188 588 2250 ultimi
602 2188 798 2263 desistentis,
813 2189 839 2250 si
854 2187 987 2268 adsint)
1007 2189 1086 2251 dicit
1100 2189 1198 2269 Aperi
1212 2187 1274 2250 Do-

183 2279 266 2343 mine
283 2285 340 2343 eto.
382 2280 501 2343 Iterata
519 2279 735 2361 genuflexione
756 2283 787 2342 in
807 2282 901 2361 plano
919 2301 992 2343 cum
1011 2280 1140 2361 reliquis
1158 2278 1273 2341 salutat

181 2371 321 2447 chorum,
357 2371 476 2435 assistit
513 2372 691 2435 Celebranti
733 2374 775 2452 (si
811 2394 873 2435 non
911 2373 1017 2434 adsint
1052 2371 1274 2450 Assistentes),

182 2464 312 2528 levando
340 2465 500 2528 dexteram
526 2464 673 2546 pluvialis
701 2465 868 2539 fimbriam,
895 2466 1019 2546 quaudo
1049 2465 1215 2527 Celebrans
1243 2485 1274 2526 se

182 2558 294 2638 signet,
313 2558 494 2638 accipiendo
513 2563 544 2620 et
564 2556 721 2620 reddendo
741 2558 887 2632 biretum,
907 2558 1030 2638 quando
1050 2578 1128 2638 opus
1148 2559 1198 2619 sit.

224 2653 251 2711 2.
276 2652 365 2712 lntra
385 2650 520 2730 psalmos
537 2650 624 2713 sedet
643 2653 676 2712 in
697 2651 822 2731 proprio
842 2651 973 2714 scabello
993 2670 1088 2730 prope
1110 2650 1273 2712 t'elehran-

181 2748 244 2805 tem
266 2764 283 2804 a
305 2743 433 2817 dextris,
455 2743 502 2805 vel
522 2741 574 2802 ubi
596 2743 695 2821 magis
717 2747 929 2822 opportunum
952 2744 1003 2804 sit.
1048 2743 1273 2804 inclinationes

181 2835 341 2898 faciendas
362 2835 481 2898 indicat
501 2833 657 2914 surgendo
677 2842 707 2896 et
728 2833 910 2896 inclinando
932 2855 1036 2896 versus
1058 2835 1272 2897 Celebrantcm

180 2935 212 2991 et
231 2930 339 2991 statim
359 2929 398 2990 ad
419 2928 546 3002 Altare3
567 2927 695 2990 adducit
717 2927 867 2989 (lautores
892 2929 955 3006 (vel
978 2927 1212 3003 Pluvialistas),
1234 2929 1271 2989 ad

181 3019 443 3102 praeintonandas
465 3020 664 3099 antiphonas,
685 3020 723 3081 ad
747 3019 962 3081 Celebrantem
985 3026 1016 3082 et
1035 3021 1204 3100 digniores
1227 3021 1272 3081 in-

182 3113 259 3176 vitat
277 3113 435 3191 acolythos
452 3119 508 3174 etc.
528 3113 565 3174 ad
585 3110 793 3172 accedendum
813 3131 868 3174 suo
887 3118 1034 3192 tempore.

223 3210 250 3266 3.
275 3205 323 3265 Ad
343 3204 527 3286 Mopnificot
545 3204 713 3266 comitatur
733 3202 948 3266 Celebrantem
967 3206 1006 3266 ad
1027 3204 1145 3277 Altarc,
1164 3210 1204 3275 et,
1223 3206 1272 3265 sin

180 3298 284 3359 adsint
300 3297 512 3370 Pluvialistae
525 3298 552 3358 ei
566 3297 684 3358 assistit
701 3297 873 3373 (consuetis
887 3297 1017 3373 osculis)
1039 3298 1070 3358 in
1085 3296 1274 3376 imponendo

181 3392 272 3454 thure
299 3395 330 3454 et
355 3391 387 3451 in
413 3390 533 3452 Altaris
561 3390 781 3462 incensatione,
807 3389 930 3451 elevans
957 3389 1098 3451 dextram
1126 3390 1273 3469 pluvialis

182 3484 345 3545 fimbriam.
398 3483 473 3545 Post
502 3481 621 3542 Altaris
653 3482 894 3543 incensationem
928 3483 959 3542 in
987 3502 1083 3543 cornu
1115 3483 1273 3561 Epistulae

179 3577 376 3640 thuribulum
402 3575 507 3638 reddit
533 3573 747 3636 thuriferario.
802 3573 854 3647 (Si
883 3573 1086 3637 Pluvialistae
1113 3577 1271 3641 assistant.

181 3670 307 3731 interim
327 3675 389 3731 stat
408 3669 440 3729 in
458 3668 553 3748 plano
571 3667 677 3728 lateris
695 3665 880 3745 Epistulae.)
927 3666 1038 3729 Postea
1058 3668 1273 3730 Celehrnntem

178 3763 347 3824 comitatur
362 3761 400 3822 ad
416 3759 530 3831 sedern,
546 3779 616 3821 curn
633 3760 699 3836 ipso
712 3756 852 3819 salutans
868 3757 997 3821 chorum
1013 3780 1049 3822 ex
1065 3769 1155 3839 parte
1170 3762 1271 3822 Evan-

178 3855 252 3934 gelii
272 3859 303 3916 et
323 3852 491 3933 Epistolae.
535 3850 749 3913 Celebrantem
772 3847 889 3928 triplici
911 3851 1008 3912 ductu
1029 3852 1179 3925 incensat,
1206 3853 1270 3932 (sin

179 3947 283 4010 adsint
297 3945 534 4021 Pluvialistae),
550 3945 675 4022 ipseque
691 3946 868 4004 incensatur
883 3949 952 4022 post
968 3943 1105 4007 Clarum.
1142 3946 1272 4009 Assistit

180 4040 356 4102 Celebranti
372 4038 410 4101 ad
426 4036 552 4112 librum,
566 4040 689 4098 vertens
700 4032 787 4110 folia,
799 4041 856 4096 ete.
892 4033 931 4096 In
944 4034 1007 4097 fine
1020 4057 1126 4100 omnes
1141 4039 1272 4113 reducit,

181 4134 228 4194 uti
255 4133 411 4193 venerant.

216 4287 314 4338 ⁸Caer.
340 4286 391 4351 Ep.
416 4284 456 4337 11.
481 4283 506 4351 ὃ,
531 4284 579 4348 15;
605 4283 700 4333 Marti·
752 4285 794 4331 ter
821 4280 922 4332 dicitur
947 4279 1100 4346 antiphona
1125 4281 1216 4335 finalis
1242 4283 1273 4336 B.

181 4363 265 4425 nurci,
282 4362 322 4414 De
339 4362 428 4427 Carpo
445 4365 496 4413 etc.
753 4356 790 4406 Μ.
814 4357 846 4406 V.
871 4358 897 4406 in
921 4355 975 4409 flue
997 4357 1218 4422 Vesperamm.”
1240 4360 1273 4414 D,

216 4438 301 4488 τΗῙιι
323 4439 460 4497 Ecclesiis,
481 4436 526 4487 nbi
549 4451 602 4486 non
624 4436 702 4486 adest
755 4435 794 4483 18.
811 4433 880 4497 Maj.
900 4435 975 4498 1883,
993 4448 1018 4484 n.
1036 4434 1113 4484 3574.
1133 4437 1155 4487 1.

179 4515 278 4566 stricta
298 4515 432 4579 obligatio
453 4513 536 4574 chori,
559 4510 701 4562 laudabili·
