2804 4890
194 653 255 714 210
300 662 517 717 nluuuolnu
541 664 694 717 SACRAE
717 664 932 720 EXPOSITIO
955 662 1185 721 Hlsaouch.

241 827 299 888 IV.
344 826 491 908 Liturgia
520 829 680 890 chaldaica
712 830 758 890 rel
790 830 898 909 Syriae
928 830 1102 906 orientalis,
1131 835 1240 912 postea
1269 849 1287 891 a

200 922 228 981 N
232 921 397 983 estorianis
412 921 537 983 usitata.

242 1015 279 1077 V.
323 1014 469 1095 Liturgia
494 1016 525 1077 S.
549 1016 658 1078 dacobi
681 1038 734 1078 seu
759 1017 1057 1096 Hierosolymitana,
1079 1040 1117 1082 es
1138 1039 1200 1100 qua
1223 1019 1286 1081 for-

199 1114 301 1172 matae
317 1113 392 1171 sunt
409 1107 572 1189 Liturgiae
591 1111 622 1171 S.
642 1110 750 1171 Basilii
768 1115 798 1172 et
819 1113 849 1172 S.
869 1112 1082 1190 Clrrysostomi
1100 1132 1187 1175 nunc
1202 1111 1286 1193 apud

200 1207 332 1266 tiraeeos
347 1204 428 1266 solae
445 1205 588 1278 usitatae,
604 1223 725 1266 necnon
741 1204 887 1283 Liturgia
903 1205 1131 1282 dacobitarum,
1148 1205 1286 1267 Maroni·

198 1301 304 1359 tarum
326 1303 357 1359 et
380 1297 613 1359 Armeniorum.

241 1392 272 1452 N
273 1411 348 1452 exus
361 1392 460 1472 igitur
475 1392 506 1452 S.
521 1391 683 1471 Liturgiae
696 1412 767 1453 cum
781 1393 982 1456 institutione
996 1392 1054 1456 SS.
1068 1393 1285 1457 Eucharistiae

198 1485 233 1546 in
247 1486 361 1547 ultima
376 1486 480 1548 Coena
492 1485 592 1564 magia
607 1486 807 1563 exponendus
821 1490 876 1548 est.

645 1843 759 1912 Anu.
785 1842 836 1913 Π.

252 2067 302 2117 DE
322 2067 473 2119 COENAE
494 2067 636 2119 DOMINI
657 2069 704 2117 ET
726 2070 753 2119 S.
775 2068 982 2120 LITURGIAE
1003 2070 1230 2123 RELATIONE.

240 2279 308 2342 llo.
323 2279 467 2341 Christus
481 2299 623 2340 summus
638 2278 786 2340 Sacerdos
801 2280 834 2340 in
847 2280 961 2341 ultima
975 2279 1078 2340 Coena
1091 2278 1286 2357 conjungens

199 2379 272 2454 typi>
303 2374 527 2452 impletionem,
559 2373 676 2451 figurae
708 2372 881 2447 veritatem,
911 2371 1053 2433 instituit
1083 2371 1284 2434 incruentum

199 2467 393 2529 Sacrificium
411 2467 511 2546 pridie
527 2486 620 2545 quam
637 2468 702 2545 ipse
717 2470 884 2527 cruentum
902 2465 1098 2526 Sacrificium
1113 2485 1145 2526 se
1161 2464 1284 2526 obtulit

198 2562 317 2623 “l'enit
343 2566 447 2622 autem
476 2560 541 2620 dies
569 2559 770 2637 Azpmorum,
798 2558 831 2619 in
859 2579 918 2638 qua
945 2578 1065 2621 neeesse
1092 2561 1160 2621 erat
1185 2558 1283 2621 occidi

199 2655 326 2716 Pascha.
372 2654 414 2715 ut
428 2654 516 2715 misit
532 2653 662 2713 Petrum
677 2658 708 2714 et
722 2652 744 2713 J
747 2671 889 2725 oannem,
904 2653 1026 2715 dicens:
1043 2652 1163 2713 Euntes
1177 2656 1285 2732 parate

198 2748 286 2811 nobis
310 2749 427 2808 l'asclm
452 2751 489 2808 ut
513 2745 738 2807 manducemus
770 2793 776 2806 .
828 2794 834 2806 .
865 2750 897 2807 et
920 2749 1109 2826 paraverunt
1134 2743 1285 2808 Pascha.’'

203 2842 294 2921 (Luc.
329 2842 394 2915 22.)
462 2841 619 2919 “Vespere
650 2843 755 2901 autem
788 2839 871 2900 facto
904 2839 989 2902 venit
1017 2859 1088 2900 eum
1120 2838 1284 2902 duodecim

204 2984 211 2996 .
248 2984 254 2996 .
286 2936 327 2996 ul
352 2936 612 2996 rrurndmmrtibus
638 2934 709 3003 illis,
734 2934 851 3012 aceepit
877 2933 969 2994 desua
994 2954 1116 3013 panem.
1141 2939 1172 2994 el.
1196 2933 1283 2996 bene·

196 3031 302 3092 dicens
328 3029 435 3108 fregit,
460 3028 539 3092 etc.''
592 3029 706 3108 (Marc.
735 3029 801 3107 14.)
853 3027 1088 3090 “Cooooolibos
1112 3033 1219 3093 autem
1243 3030 1288 3093 eis

198 3122 317 3201 accepit
332 3121 425 3183 desua
440 3141 562 3200 panem,
578 3128 607 3183 ct
623 3120 784 3182 benedixit
799 3140 833 3179 ac
851 3121 943 3194 fregit
959 3120 1105 3199 deditque
1121 3120 1285 3199 discipulis

198 3216 272 3283 siris,
298 3221 330 3276 et
355 3214 417 3276 ait:
444 3214 586 3294 Accipite
612 3218 643 3276 et
668 3212 838 3275 comedite:
865 3213 923 3275 boe
949 3218 995 3275 est
1020 3233 1132 3293 corpus
1159 3212 1284 3276 meum’'

202 3311 296 3389 (Mat.
319 3314 368 3386 26,
388 3311 458 3388 26).
503 3310 534 3372 S.
554 3310 655 3370 Lucas
675 3315 780 3371 autem
801 3309 911 3370 scribit
932 3313 981 3382 22,
1002 3313 1058 3371 19:
1079 3310 1142 3373 “nt
1163 3314 1288 3390 accepto

196 3425 275 3484 pane
308 3404 427 3484 gratias
463 3405 537 3482 egit,
573 3407 630 3464 ete.
691 3402 846 3464 Similiter
882 3406 913 3463 et
949 3403 1085 3476 calicem,
1122 3405 1288 3483 postquam

198 3497 369 3559 coerror·it.''

240 3594 267 3650 2.
293 3589 429 3650 Proinde
448 3595 516 3671 post
536 3608 662 3649 coenam
684 3588 782 3666 ipsam
801 3608 892 3647 sensu
911 3587 1072 3651 strictiori.
1092 3591 1122 3647 at
1143 3587 1285 3647 comisio

196 3685 337 3746 nondum
350 3683 451 3745 soluto
470 3681 720 3759 (“coeuantibus‚
733 3680 996 3742 manducantibus
1010 3679 1125 3757 illis'')‚
1140 3680 1286 3741 Christus

197 3778 339 3841 instituit
356 3777 544 3839 sacrificium
563 3780 594 3837 et
612 3780 844 3836 sacramentum
862 3773 1124 3835 Eucharisticum.

239 3877 268 3935 3.
290 3871 384 3934 Ritus
408 3869 516 3949 leontis
542 3869 662 3931 t‘oerme
687 3867 840 3947 paschalis
864 3868 981 3947 partim
1005 3887 1042 3928 ex
1065 3868 1131 3947 lege
1157 3868 1284 3946 Moysis,

196 3967 313 4047 partim
334 3985 371 4026 ex
392 3962 573 4037 traditione,
595 3963 645 4023 bie
667 3966 749 4023 erat:

239 4059 265 4121 Ι.
290 4059 373 4120 Ante
396 4059 542 4125 Coenam,
565 4056 682 4118 lotione
704 4075 854 4116 manuum
878 4055 970 4127 tacta,
993 4054 1074 4115 calix
1096 4054 1285 4118 miscebatur

202 4154 255 4231 (ex
275 4152 375 4214 tribua
396 4151 459 4212 vini
480 4151 622 4229 partibus
641 4154 669 4209 et
693 4169 754 4209 uno
774 4168 870 4227 aquae
890 4150 1018 4227 purte);
1038 4152 1126 4227 pater
1146 4147 1286 4211 familias

196 4246 441 4309 benedictionem
462 4244 525 4303 riui
543 4248 572 4304 et
589 4243 762 4319 muliorum
780 4243 932 4302 actionem
953 4260 1008 4320 pro
1024 4240 1119 4301 sacris
1136 4243 1285 4322 tempori-

198 4341 254 4400 bus
280 4340 461 4419 praesertim
490 4337 649 4397 l'usrlmtia
675 4335 797 4396 «licebat
828 4334 1045 4413 (liiddusrlr),
1070 4341 1100 4396 ct
1126 4335 1165 4397 de
1189 4336 1285 4399 calice

197 4435 350 4497 bibebant.
