2804 4890
220 703 282 767 306
451 712 505 767 DE
528 712 648 767 FERIA
670 713 723 770 Vl.
747 713 790 768 IN
816 714 1058 770 Pannscnvu.

223 907 320 949 cornu
338 884 497 966 Epistolae
515 886 591 965 legit
607 887 742 966 primam
760 886 940 948 lectionem
958 908 1029 949 cum
1046 888 1195 962 Tractu,”
1212 889 1311 949 muni-

222 980 278 1042 bus
310 979 431 1041 Missali
463 980 623 1059 appositis.
679 979 822 1042 “Deinde
853 979 948 1042 dicit:
982 982 1124 1052 Oreraas,
1156 988 1188 1044 et
1218 1002 1311 1062 genu-

223 1067 351 1133 flectens
368 1090 439 1131 cum
457 1071 617 1132 omuibus:
636 1070 665 1131 F
665 1071 815 1132 tectonicis
832 1092 943 1152 pentae,
961 1077 993 1134 et
1010 1072 1163 1135 secundus
1181 1073 1311 1133 clericus

224 1163 326 1243 primo
353 1182 483 1243 surgens
511 1162 606 1225 dicit:
631 1164 757 1236 Levate,
785 1169 818 1227 et
846 1163 1012 1226 Celebraus
1040 1165 1207 1245 subjungit
1236 1165 1310 1225 Ora·

221 1257 356 1319 tionem:
370 1257 465 1329 Deua,
480 1279 499 1320 o
514 1278 584 1338 qao,
598 1254 678 1320 etc.''

265 1349 295 1407 4.
317 1345 460 1410 “Deinde
489 1346 566 1427 legit
594 1346 762 1409 secundam
791 1347 972 1410 Lectionern
1001 1352 1032 1411 ct
1062 1346 1233 1409 'fractum'
1262 1347 1311 1407 uti

223 1458 328 1520 supro,
354 1440 409 1501 “ac
434 1441 602 1503 successive
629 1440 820 1502 Passionem.
865 1440 951 1506 Dicit
977 1439 1114 1502 ibidem''
1142 1440 1312 1501 inclinatus

224 1553 329 1596 versus
349 1532 498 1594 Crucem:
518 1533 661 1596 “M-anda
679 1555 731 1596 cor
750 1535 875 1596 prodeest
893 1534 1006 1613 absque
1025 1535 1119 1606 lube,
1138 1537 1170 1595 et
1189 1534 1311 1613 “prose-

223 1626 332 1706 quitur
348 1645 415 1687 eam
434 1631 556 1705 partem
574 1646 651 1706 quae
669 1631 849 1688 cantaretur
867 1627 899 1687 in
919 1631 993 1690 tono
1012 1625 1208 1707 Evangelii.''

266 1722 294 1781 5.
317 1718 378 1780 “In
396 1719 457 1780 fine
475 1739 538 1783 non
556 1719 715 1782 osculatur
732 1719 859 1794 librum,
877 1720 930 1781 sed
948 1719 1139 1794 immediate,
1163 1720 1241 1798 (nisi
1260 1721 1311 1780 ha-

224 1811 342 1874 bendus
358 1813 400 1874 sit
414 1834 514 1875 sermo
531 1812 569 1874 de
586 1812 750 1891 Pessione)
771 1813 885 1892 incipit
902 1814 935 1874 in
950 1812 1058 1876 eodem
1074 1833 1171 1876 cornu
1188 1812 1311 1893 Epist)-

221 1907 269 1968 lae
280 1905 489 1970 monitiones''
505 1908 638 1968 Oremus
651 1903 858 1979 dilectissimi,
869 1911 926 1968 etc.
960 1907 1080 1985 junctis
1095 1906 1248 1981 munibus,
1263 1906 1313 1965 “et

226 1993 411 2058 Orationes''
444 1996 579 2058 extensis
613 1995 768 2069 menibus,
802 1995 835 2055 in
870 1999 943 2057 tono
978 1995 1082 2057 feriali
1116 1994 1237 2070 Missae3
1272 1993 1310 2054 ad

224 2089 357 2151 Oremus
371 2093 444 2152 ante
461 2088 625 2151 Orationes
640 2088 853 2152 extendendae
868 2095 900 2151 et
914 2088 1093 2169 jungendae
1110 2095 1182 2149 sunt
1199 2107 1311 2149 manus

223 2187 255 2245 et
278 2184 374 2261 caput
397 2186 443 2244 est
469 2181 696 2244 inclinandum.
742 2182 777 2244 Si
801 2182 907 2244 adsint
932 2186 1084 2256 cantores,
1109 2180 1214 2243 omnia
1240 2200 1310 2240 can-

222 2281 340 2339 tsntur.
378 2277 558 2338 Fleetamas
573 2296 685 2357 penora,
702 2281 759 2338 etc.
779 2280 816 2339 ut
831 2294 936 2356 supra.

267 2368 295 2428 6.
319 2363 431 2427 “Circa
467 2365 561 2427 finem
598 2364 784 2428 Orationurn
821 2367 942 2445 primus
978 2365 1108 2428 clericus
1141 2363 1310 2443 adjurante

226 2458 329 2532 tertio,
355 2459 497 2521 extendit
524 2464 595 2521 ante
621 2459 737 2538 gradus
765 2458 885 2520 Altaris
912 2460 956 2521 vel
987 2458 1169 2538 presbyterii
1199 2461 1310 2537 tapeto,

225 2557 256 2614 et
275 2573 368 2632 super
387 2554 504 2632 primos
524 2554 593 2631 ejus
612 2551 748 2631 gradus''
770 2552 802 2612 in
822 2552 924 2613 medio
945 2552 1112 2631 “prdvinar
1131 2552 1311 2615 violaceum.

224 2653 255 2710 ct
283 2646 386 2708 relum
414 2647 519 2707 album
548 2646 645 2707 serico
674 2646 808 2708 violaceo
837 2651 1016 2706 contextum
1047 2644 1230 2725 expandunt
1259 2664 1312 2724 per

225 2737 375 2818 longum''
393 2738 431 2800 ad
450 2738 582 2800 Crucem
600 2738 733 2819 desuper
749 2737 969 2800 collocandam.

572 2957 607 3018 B.
635 2956 679 3018 De
698 2957 802 3018 Officio
818 2956 964 3018 Solemni.

269 3114 338 3176 190.
363 3114 519 3176 Diaconus
546 3122 576 3177 et
606 3115 821 3177 Subdiaconus
848 3116 953 3177 induti
980 3122 1054 3178 sunt
1081 3117 1215 3195 planctis
1241 3123 1313 3177 aute

227 3213 334 3288 pectus
371 3208 505 3287 plicatis
544 3209 589 3269 rel
627 3208 821 3272 solummodo
857 3209 927 3270 elba
964 3230 1033 3269 cum
1074 3210 1245 3288 instripida,
1284 3221 1313 3271 ot

228 3301 385 3363 Diaconus
403 3302 482 3363 stola
500 3321 619 3380 quoque
637 3302 789 3363 humerali
809 3303 893 3381 nigri
911 3302 1030 3364 coloris.

270 3395 472 3455 Omittuntur
489 3395 546 3455 hac
563 3399 627 3455 tota
645 3395 724 3457 teria
741 3394 845 3456 oscula
861 3414 972 3456 manus
990 3394 1313 3470 ('elebra11tisetc.,et

228 3489 417 3552 reverentiae
436 3486 475 3548 ad
494 3488 632 3548 chorum.

270 3585 298 3644 2.
323 3580 584 3643 Praecedentibus
600 3580 804 3643 thuriferario
820 3587 851 3644 et
867 3581 1062 3642 ceroferariis
1079 3583 1166 3642 “sine
1181 3581 1315 3642 lumina-

228 3675 314 3736 ribus
336 3679 367 3736 et
390 3672 545 3748 incenso‚”
566 3694 590 3735 s.
614 3672 755 3734 Ministri
777 3677 849 3735 unte
873 3674 1088 3736 Celebrautern
1111 3675 1212 3753 capite
1236 3678 1316 3736 tecto

229 3768 388 3830 incedunt.
434 3766 600 3829 Celebrans
620 3772 651 3828 et
672 3787 694 3827 s.
717 3766 859 3828 Ministri
880 3788 911 3830 so
932 3771 1145 3847 prosternunt,
1167 3773 1316 3847 ponentes

227 3863 330 3942 capita
347 3866 376 3924 ot
399 3861 524 3923 brachia
544 3862 577 3922 in
597 3860 730 3922 cussinis
751 3861 784 3921 in
805 3860 963 3940 superiore
983 3860 1082 3940 gradu
1103 3861 1223 3941 positis,
1243 3860 1319 3921 dum

230 3950 341 4030 reliqui
359 3948 574 4029 genuflectunt
592 3951 693 4030 capito
711 3951 872 4025 inclinate,
892 3951 1160 4013 Cacrcmoniurius
1178 3953 1216 4013 ad
1236 3953 1318 4014 latus

231 4043 401 4123 Epistolac‚
422 4043 645 4105 thuriferarius
665 4047 747 4104 retro
767 4043 807 4105 ad
826 4043 987 4105 sinistram
1008 4044 1218 4111 Celebranti52
1239 4046 1317 4105 inte·

231 4138 292 4197 rim
308 4137 442 4215 acolythi
460 4157 555 4197 unurn
572 4136 723 4198 tobaleam
740 4137 914 4198 extendunt
929 4156 1022 4215 super
1039 4137 1156 4204 Alture.
1174 4142 1207 4199 nt
1225 4158 1318 4217 supra

229 4248 260 4289 n.
283 4233 352 4298 189,
373 4235 408 4293 ⁸2:
429 4235 503 4290 tum·
526 4230 795 4292 t¹nererriorriuri11s
815 4230 905 4307 legito
925 4251 994 4290 cum
1019 4231 1136 4291 hlissuli
1160 4237 1266 4309 aporlo
1288 4231 1319 4289 in

231 4342 327 4383 cornu
349 4323 507 4401 llpisloluc
526 4323 663 4384 collocat.

277 4418 304 4476 3.
332 4415 487 4476 Dim-onus
519 4423 547 4479 ot
583 4416 797 4476 Sulnliuconus
829 4417 920 4476 simul
955 4437 1024 4477 curn
1060 4417 1241 4478 t'elolnunte
1273 4440 1318 4478 us-

233 4508 367 4569 cendunt
399 4512 487 4595 vique
512 4512 661 4572 assistunt
692 4511 722 4572 iu
751 4530 847 4572 cornu
876 4509 1034 4592 Epistulae
1062 4512 1117 4570 hoo
1146 4512 1252 4574 ruodo:
1282 4512 1317 4573 ud
