2804 4890
147 690 210 756 582
333 697 420 757 ΔΡΡ.
443 698 486 756 11.
525 697 580 754 Da
602 697 859 753 PARAMENTIS
882 694 1050 753 camela.

589 954 704 1026 ART.
728 954 801 1025 ΙΙΙ.

501 1104 552 1156 Da
580 1101 882 1155 ruarmoxcomo

188 1242 259 1307 aab.
282 1244 562 1309 “Purifieatorium
581 1250 629 1307 est
647 1245 792 1321 linteum,
812 1242 971 1308 ordinarie
989 1241 1026 1306 in
1041 1242 1260 1326 longitudine

149 1337 196 1400 bis
216 1336 423 1419 duplicatum,
446 1337 538 1418 quod,
560 1357 658 1419 quum
678 1341 884 1418 praeparatur
903 1336 985 1398 calix
1006 1341 1080 1399 ante
1104 1336 1259 1410 Missam,

149 1450 242 1510 super
265 1431 334 1510 ejus
356 1451 390 1493 os
411 1430 551 1511 ponitur,
574 1438 606 1493 et
630 1431 755 1507 iterum,
779 1431 864 1492 sacta
888 1429 1131 1506 Communione,
1158 1448 1255 1509 super

149 1523 277 1585 calicem
299 1522 481 1587 extenditur
502 1529 572 1604 post
593 1524 690 1603 hujus
712 1524 928 1585 extersionem.
967 1521 1007 1582 ln
1030 1521 1132 1583 Missa
1159 1521 1258 1583 Puri·

149 1615 327 1678 ficatorium
347 1617 477 1678 inservit
497 1616 537 1678 ad
557 1614 799 1695 extergendum:
832 1619 859 1678 1.
880 1614 1028 1690 Calicem,
1048 1613 1089 1675 ad
1112 1614 1258 1678 Offerto

148 1708 244 1785 rium,
268 1713 436 1789 antequam
461 1709 571 1771 vinum
596 1706 803 1783 infundatur3
830 1710 858 1769 2.
886 1707 1048 1782 Patenam,
1072 1711 1149 1788 post
1177 1707 1258 1768 Ora-

150 1803 268 1864 tionem
288 1801 497 1879 Dominicsm,
516 1801 699 1882 priusquam
718 1800 750 1862 S.
769 1799 884 1862 Hostia
901 1801 935 1861 in
951 1820 987 1862 ea
1003 1798 1209 1879 deponatur3
1227 1803 1259 1861 3.

149 1893 265 1974 digitos
284 1893 479 1955 Celebrantis
496 1895 568 1956 vino
585 1897 616 1956 et
632 1914 711 1974 aqua
728 1893 860 1969 ablutos,
878 1896 949 1974 post
967 1891 1081 1954 Calicis
1098 1891 1258 1970 purifica-

149 1987 286 2061 tionem;
309 1990 337 2047 4.
363 2007 396 2047 os
420 1985 614 2048 Celebrantis
635 1991 667 2048 et
691 1985 795 2066 ipsum
819 1985 966 2062 Calicem,
989 1989 1060 2066 post
1084 1990 1259 2066 sumptam

149 2075 386 2142 ablutionem.'’²

192 2174 220 2235 2.
243 2171 511 2249 Purificatorium,
540 2170 629 2251 quale
657 2191 741 2233 nunc
769 2171 886 2247 existit,
914 2170 1017 2232 medio
1044 2189 1122 2233 aevo
1151 2172 1258 2234 intro

148 2263 281 2327 ductum
309 2264 382 2325 suit.
437 2264 551 2327 Proeul
583 2263 678 2328 dubio
709 2262 853 2325 omnibus
884 2262 1077 2343 temporibus
1109 2261 1258 2328 linteum

151 2357 291 2418 adhiberi
315 2355 432 2418 solebat
454 2357 493 2417 ad
517 2356 758 2437 abstergendum
783 2355 919 2417 Calicem
943 2361 1014 2436 post
1034 2376 1142 2419 nsum.
1191 2358 1258 2421 Ve-

150 2454 328 2511 rumtamen
350 2450 424 2511 haec
446 2449 631 2511 linteamina
651 2469 715 2510 non
737 2454 826 2511 erant
848 2450 991 2527 sejuncta
1011 2448 1049 2510 ab
1071 2446 1159 2524 aliis,
1183 2452 1257 2530 qui-

150 2543 207 2604 bus
228 2563 254 2603 v.
274 2562 303 2621 g.
325 2562 381 2622 pro
400 2541 516 2603 lotione
537 2561 689 2602 manuum
711 2540 861 2603 Sacerdos
882 2541 1050 2620 indigebat.
1093 2541 1257 2622 Separata

150 2636 335 2697 linteamina
357 2633 522 2715 paullatim
546 2633 711 2695 dumtaxat
735 2633 768 2694 in
790 2654 881 2694 usum
905 2636 1065 2695 venerunt.
1110 2634 1257 2698 Consue-

150 2727 276 2790 tudines
294 2725 513 2787 Cluniacenses
531 2730 561 2786 et
581 2726 705 2787 Rituale
722 2726 840 2787 Montis
859 2726 980 2787 Cossini
999 2727 1037 2788 de
1056 2726 1095 2786 iis
1114 2727 1256 2806 loquun-

150 2826 211 2881 tnr.
257 2819 378 2880 Nomen
400 2816 698 2877 “Purificatoriurn’'
721 2818 856 2880 occurrit
879 2819 911 2879 in
934 2818 1111 2880 inventario
1136 2820 1254 2901 Papali

150 2914 224 2973 arini
249 2914 337 2973 1295.

193 3009 220 3065 3,
245 3003 501 3065 Purificatorium
527 3025 589 3064 non
615 3004 704 3065 debet
727 3003 877 3077 benedici,
904 3005 954 3065 sed
981 3006 1005 3065 si
1031 3005 1255 3079 benedicatur,

152 3098 186 3158 sit
215 3095 351 3176 generali
380 3095 527 3170 formula,
557 3116 633 3175 quae
663 3095 823 3156 invenitur
851 3096 882 3157 in
914 3095 1034 3159 Rituali
1064 3116 1123 3177 pro
1155 3098 1254 3162 indu·

150 3189 264 3250 mentis
290 3186 532 3250 sacerdotalibus
556 3188 736 3248 universim.
786 3187 940 3248 Ornatum
964 3188 1102 3266 adjicere
1131 3191 1253 3253 Purifi-

26 3284 41 3311 ’
150 3281 266 3342 catorio
292 3280 396 3341 minus
419 3281 573 3352 convenit,
598 3283 723 3359 excepta
746 3300 841 3359 parra
866 3301 955 3343 cruce
978 3301 1036 3342 acu
1061 3278 1192 3360 depicta
1220 3285 1255 3345 in

151 3374 262 3443 medio,
282 3378 318 3434 ut
339 3373 382 3433 sic
402 3373 439 3434 ab
457 3372 527 3433 aliis
547 3370 654 3433 linteis
674 3373 771 3452 possit
790 3370 954 3451 distingui.

192 3471 220 3527 4.
246 3466 340 3527 liccat
357 3463 544 3539 omnimode,
560 3469 597 3526 ut
614 3462 796 3533 sacerdotes,
813 3465 864 3545 qui
884 3465 1069 3541 regulariter
1085 3467 1120 3527 in
1138 3468 1253 3532 eadem

150 3559 278 3622 ccclesia
308 3557 473 3632 celebrent,
507 3555 624 3635 singuli
659 3576 714 3617 sna
748 3557 875 3635 propria
909 3556 1129 3620 Purificatoria
1168 3563 1252 3623 sicut

149 3653 245 3713 etiam
272 3651 405 3712 amictus
430 3669 486 3729 pro
511 3667 696 3727 unaquaque
722 3648 913 3711 hebdomade
939 3650 1093 3729 accipiant
1122 3660 1154 3714 ct
1184 3656 1252 3717 loco

150 3751 291 3822 separato
323 3744 488 3804 asservent.
543 3740 682 3801 Tolerari
718 3742 825 3818 nequit
858 3762 924 3803 mos
956 3742 1125 3804 adhibendi
1164 3747 1250 3810 idem

151 3835 417 3909 Purifieatorium,
447 3833 528 3913 quod
558 3853 594 3895 ex
621 3853 680 3893 usu
710 3833 892 3912 quotidiano
921 3832 1013 3896 facile
1042 3834 1250 3901 immundum

150 3928 264 3997 eradit,
285 3948 340 4008 per
359 3930 483 4006 tempus
504 3925 599 3986 nimis
620 3926 819 3992 diuturnum.
838 3948 864 3986 r.
886 3947 915 4005 g.
938 3947 992 4006 per
1013 3948 1164 3992 mensem.

193 4026 219 4082 5.
244 4019 464 4081 Purificatoria
502 4017 663 4078 immunda
697 4016 809 4079 debent
845 4018 941 4080 lavari
976 4020 1064 4098 prins
1108 4020 1249 4104 (duplici

150 4113 282 4186 lotione)
317 4133 334 4174 a
366 4110 561 4171 Subdiacono
591 4110 635 4169 rcl
667 4110 774 4170 saltem
806 4133 823 4172 a
854 4111 973 4171 (¹lcric0
1004 4112 1034 4171 in
1067 4111 1250 4178 Minoribus

150 4207 329 4267 constituto.
373 4203 460 4264 idcm
486 4203 625 4263 calcide
649 4202 809 4279 corporali
834 4208 864 4264 et
886 4202 983 4264 Palla.
1028 4203 1063 4263 ld
1090 4205 1177 4267 clare
1200 4232 1248 4271 ox-

151 4300 301 4378 primitur
329 4298 360 4357 in
391 4294 614 4358 admonitione.
644 4315 735 4372 cpiam
770 4294 951 4356 l’ontiticalc
983 4296 1160 4361 llomannm
1199 4306 1248 4373 (in

150 4393 212 4454 ritu
238 4390 446 4452 ordinationis
474 4387 680 4453 Subdiaconil
711 4385 866 4445 continet:
903 4386 1040 4453 “Pallae
1066 4410 1145 4468 ‹prac
1173 4404 1248 4460 sunt

440 4522 521 4573 rl'an
539 4523 585 4570 der
603 4523 724 4585 Stnppcn
744 4521 798 4569 lll.
817 4523 847 4587 Q.
866 4523 906 4571 82.
