2804 4890
175 720 237 785 374
362 729 416 784 DE
439 728 563 784 HORIS
585 726 801 783 canonicis
824 726 1079 784 RECITANDIS.

222 895 280 979 [In
299 895 447 960 Adventu
466 896 555 958 Anae
575 897 720 977 propriae
740 916 777 959 er
795 895 894 957 Laud.
915 893 1125 976 Dominicae]

218 994 247 1053 3.
271 989 472 1072 Capitulum:

225 1086 276 1166 (a)
304 1085 338 1146 in
358 1084 533 1147 Dominicis
552 1085 726 1148 minoribus
745 1087 872 1165 excepto
892 1085 1046 1165 Tempore
1066 1083 1211 1148 Puschali
1232 1084 1270 1148 de

180 1177 314 1241 Sebbato
342 1198 379 1239 ex
407 1177 579 1254 Psalterio;

225 1270 277 1351 (b)
305 1270 339 1332 in
359 1268 534 1332 Dominicis
555 1270 728 1350 majoribus
748 1274 779 1333 et
798 1270 952 1349 Tempore
973 1268 1118 1332 Paschali
1137 1290 1175 1332 ex
1196 1269 1273 1331 Pro-

181 1364 249 1446 prio
270 1363 308 1426 de
330 1364 501 1445 Tempore;

219 1461 248 1520 4.
271 1456 421 1538 Hymnus
438 1462 470 1520 et
487 1457 622 1520 Versus:

225 1550 276 1630 (a)
304 1551 338 1612 in
352 1547 527 1612 Dominicis
541 1549 715 1611 minoribus
735 1550 878 1629 (excepto
893 1550 1046 1629 Tempore
1060 1549 1222 1627 Paschali)
1243 1552 1274 1612 et

179 1643 214 1704 in
239 1641 330 1705 Dom.
360 1642 520 1723 Septuug„
547 1642 657 1722 Sexag.
685 1646 716 1705 et
743 1641 920 1722 Quinquag.
947 1642 985 1704 de
1014 1641 1149 1705 Sabbato
1176 1647 1213 1703 ut
1240 1643 1274 1702 iu

184 1736 344 1800 Psalterio.

227 1828 280 1908 (b)
306 1829 341 1890 in
357 1828 447 1890 Dom.
465 1829 637 1907 majoribus
659 1831 811 1909 (exceptis
829 1830 977 1910 Septuag.
998 1829 1107 1910 Sexag.
1125 1834 1156 1893 et
1173 1829 1271 1904 Quin-

181 1921 291 2002 quag.)
320 1925 353 1985 et
378 1921 531 2002 Tempore
556 1922 698 1984 Paschali
725 1922 763 1984 de
789 1922 967 1985 Ordinario.

224 2017 251 2075 5.
290 2013 474 2095 Antiphone
507 2014 547 2077 ud
578 2014 764 2094 Mapaificot
797 2034 834 2076 cx
868 2016 1001 2095 Proprio
1035 2015 1073 2078 de
1108 2016 1271 2097 Tempore.

183 2105 376 2188 Mapaificat.
412 2106 597 2188 Antiphone
621 2107 784 2187 repetitur.

225 2203 253 2263 6.
296 2198 453 2263 Dominus
476 2198 643 2262 vobiscum.
669 2201 810 2263 Oramus.
836 2200 944 2262 Oratio
967 2199 1039 2263 diei.

219 2296 246 2355 7.
291 2292 609 2356 Commemorationes
630 2292 785 2372 speciales.

224 2383 419 2464 Suffragium
436 2385 474 2446 de
488 2385 632 2446 omuibus
649 2383 783 2459 Sanctis,
801 2385 882 2464 quod
900 2392 1004 2447 tamen
1022 2386 1183 2448 omittitur
1199 2389 1277 2448 tem-

182 2498 256 2559 pore
278 2478 451 2552 Adventus
474 2476 632 2539 Passionis
653 2482 684 2540 et
706 2477 831 2556 quando
853 2478 936 2540 facta
956 2485 1001 2542 est
1023 2477 1278 2541 commemoratio

183 2570 328 2651 Duplicis
347 2571 393 2633 vel
414 2570 555 2632 Octavae.

225 2668 253 2726 8.
276 2663 432 2726 Dominum
475 2663 642 2726 vobiscum.
707 2663 935 2725 Benedicumus
980 2664 1061 2727 Duo.
1115 2663 1277 2727 siderium

183 2777 316 2820 animae.

225 2850 459 2922 paternoster,
481 2850 543 2912 nisi
567 2856 714 2930 sequatur
738 2850 995 2930 Completorium.

575 3037 872 3088 COMPLETORIUM

185 3187 223 3252 de
247 3186 381 3251 Sabbato
401 3192 438 3250 ut
461 3187 494 3249 in
516 3187 684 3249 Ordinario
706 3192 737 3249 ct
760 3187 923 3250 Psalterio.
968 3186 1141 3252 Adduntur
1163 3208 1281 3270 preces,

183 3281 247 3344 nisi
262 3280 301 3343 ad
316 3280 469 3360 Vesperas
483 3279 568 3342 facta
583 3280 624 3342 sit
641 3281 894 3342 commemoratio
910 3279 1055 3361 Duplicis
1069 3281 1115 3344 vel
1133 3281 1279 3347 Octauae.

607 3468 851 3519 MATUTINUM.

210 3625 258 3726 .¹·
302 3622 405 3685 Peter.
434 3621 508 3684 Aue.
537 3619 647 3682 Credo.
685 3618 820 3683 Domine
849 3618 940 3683 lobio.
978 3618 1064 3684 Deus
1090 3622 1126 3685 in
1152 3622 1278 3703 adjuro-

187 3734 281 3869 “zm
297 3807 520 3869 Invitatorium
542 3807 630 3885 (cum
646 3805 698 3867 Ps.
714 3806 780 3884 94.)

235 3901 286 3979 (a)
314 3901 348 3962 in
366 3898 523 3962 Adventu.

235 3993 288 4071 (1)
316 3993 407 4053 Dom.
432 3996 458 4054 1.
480 3996 511 4054 et
532 3995 559 4052 2.
589 3991 704 4069 Repcm
727 3992 953 4053 ventorumne
975 3992 1163 4070 Ordinuri03

234 4087 287 4165 (2)
316 4084 407 4146 Dom.
430 4086 460 4146 3.
482 4086 514 4146 et
531 4086 560 4144 4.
584 4083 685 4163 Prope
702 4087 747 4144 est
765 4083 803 4144 de
822 4083 1009 4160 Ordinari03

236 4180 288 4257 (b)
316 4184 385 4259 post
411 4177 623 4259 Epiphaniam
647 4178 667 4238 i.
690 4198 715 4239 e.
740 4199 759 4239 a
782 4176 833 4238 dic
859 4181 906 4238 14.
931 4179 1078 4241 Januarii
1104 4181 1282 4246 Adoremus

191 4272 360 4336 Dominum
386 4271 424 4333 de
449 4271 620 4341 Psalterio;

234 4365 283 4437 (c)
312 4364 403 4472 Dom.
431 4362 590 4442 Septuag„
617 4361 727 4442 Serag.
753 4366 784 4424 et
810 4362 924 4443 Quinq.
951 4364 1220 4447 Prococcupemus
1245 4368 1285 4432 de

190 4457 456 4638 Pszlitfltzmpore
477 4547 633 4633 Quadrata
674 4549 745 4614 Nou
767 4548 809 4611 sit
829 4549 913 4613 rotie
933 4551 970 4615 de
990 4551 1177 4627 Ordinurio;
