2804 4890
128 667 182 722 DE
191 666 386 721 EXTREMA
402 665 607 722 UNCTIONE
620 666 661 720 IN
677 664 827 721 blORBIS
840 663 1115 722 CONTAGIOSIS.
1156 655 1216 716 471

127 835 210 896 tione
229 833 354 913 [saltem
368 833 515 913 mentali]
534 834 769 914 pronuntiando
783 835 929 909 sormam,
941 834 1064 895 dicens:
1079 831 1218 903 Stoicis,

125 948 181 1007 per
202 926 293 987 istam
318 932 459 990 sanctam
488 926 676 990 Unctioaem
701 926 780 989 ete.''
1188 980 1190 984 Α

168 1023 195 1079 o.
221 1018 255 1080 Si
271 1018 415 1101 pla-ribus
429 1019 525 1082 sirirut
543 1019 576 1080 irr
592 1019 700 1083 eodeni
716 1018 869 1097 cubicula,
884 1043 910 1083 e.
926 1039 956 1100 g.
972 1019 1006 1080 in
1022 1016 1218 1092 nosocomiis,

130 1112 275 1173 llxtrenra
297 1112 412 1175 Unctio
431 1111 683 1188 administratur,
702 1132 806 1193 preces
825 1119 897 1175 ante
917 1118 948 1174 et
967 1115 1038 1193 post
1055 1110 1218 1172 unctiones

127 1205 219 1267 senrol
241 1205 412 1266 recitentur
431 1207 464 1266 in
485 1204 613 1285 plurali,
634 1204 802 1285 unicuique
821 1210 926 1267 autem
948 1205 1033 1266 Crux
1050 1202 1219 1266 osculanda

128 1299 316 1377 porrigatur,
330 1303 362 1359 et
376 1296 540 1358 unctiones
555 1317 627 1358 cum
641 1298 752 1359 tonnis
767 1317 860 1377 super
875 1297 1010 1377 siugulis
1026 1301 1218 1376 repetantur.

130 1392 162 1450 Si
182 1408 285 1469 preces
305 1391 381 1451 istae
401 1390 434 1451 iu
453 1389 570 1470 plurali
589 1390 749 1453 commode
767 1390 892 1452 recitari
913 1393 1078 1470 nequeant,
1096 1387 1220 1463 suffieit,

128 1482 249 1544 casdem
279 1483 310 1542 in
338 1482 491 1561 singulari
520 1501 651 1543 numero
678 1482 888 1563 pronuntiari,
916 1483 989 1562 quia
1016 1479 1219 1562 singulariter

128 1576 211 1636 elicta
227 1575 265 1637 de
280 1594 465 1655 unoquoque
480 1593 619 1638 seorsum
636 1578 761 1654 sumpta
776 1574 873 1637 etiam
890 1573 1137 1655 intelliguntur.³

565 1840 680 1911 ΛΒΤ.
703 1839 769 1914 IV.

145 2055 195 2105 Dll
221 2057 402 2107 EXTREMA
429 2057 622 2107 UNO'I'IONE
648 2058 968 2109 ADMINIS'PRANDA
993 2057 1037 2109 IN
1062 2057 1204 2109 MORBIS

275 2131 524 2182 CONTAGIOSIS
548 2133 703 2182 anusve:
730 2133 1076 2185 Dirricmrrnrmus

171 2317 241 2380 292.
266 2319 312 2380 Ob
328 2319 471 2380 morbum
485 2320 701 2399 contagiosum
715 2320 880 2382 Orationes
894 2325 966 2383 ante
982 2325 1097 2402 etpost
1114 2321 1223 2382 Extre-

132 2433 214 2473 mam
229 2412 416 2474 Unctiouem
431 2411 477 2472 vel
494 2411 652 2472 Viaticum
665 2433 723 2492 per
733 2432 765 2474 se
780 2431 841 2472 nou
855 2417 930 2475 sunt
942 2413 1143 2477 omittendae.
1179 2413 1222 2475 At

131 2506 156 2565 si
175 2524 267 2585 grase
286 2510 317 2565 et
336 2502 621 2565 extraordinarium
640 2503 740 2566 subsit
758 2502 934 2584 periculum
953 2504 1017 2569 sire
1036 2505 1095 2586 ipsi
1117 2504 1222 2568 Sacer-

131 2596 198 2660 doti
220 2598 283 2658 sive
304 2595 375 2658 aliis
396 2616 452 2676 por
473 2596 586 2674 ipsum,
608 2614 713 2675 preces
734 2596 812 2659 istae
832 2617 896 2658 non
918 2595 1097 2660 essentiales
1117 2597 1222 2661 omitti

133 2689 178 2752 vel
204 2689 277 2751 alibi
304 2689 430 2751 recitari
455 2694 603 2768 possunt;
628 2695 703 2751 tuuc
726 2688 810 2751 enim
834 2693 931 2752 oessat
956 2689 1004 2751 lex
1030 2690 1162 2770 positiva
1186 2689 1224 2751 ob

131 2803 223 2861 grave
243 2781 417 2862 periculum
438 2781 485 2842 rel
506 2779 750 2854 incommodum,
771 2781 804 2842 in
823 2800 884 2861 quo
903 2783 1069 2844 necessitas
1088 2786 1223 2846 excusat.

133 2874 264 2949 Quando
286 2875 349 2937 tale
368 2874 482 2935 existat
505 2872 679 2953 periculum
702 2873 749 2935 rel
773 2873 1016 2949 incommodum,
1036 2875 1225 2955 generaliter

132 2967 194 3029 diei
215 2968 335 3047 nequit,
355 2966 407 3028 sed
427 2966 577 3046 prudenti
596 2963 717 3044 judicio
735 2965 1011 3028 determinandum
1029 2970 1100 3030 est.¹

176 3063 203 3122 2.
227 3060 303 3122 Tale
321 3059 496 3140 periculum
515 3057 562 3121 vel
582 3058 813 3119 incommodum
833 3080 993 3123 occurrere
1010 3065 1112 3141 potest
1129 3061 1224 3124 etiarn

134 3172 171 3212 cx
191 3153 305 3231 majori
325 3172 456 3214 nurnero
475 3150 718 3230 aegrotantium,
738 3172 763 3213 e.
783 3172 813 3231 g.
835 3153 867 3213 in
888 3152 1015 3232 proelio,
1036 3153 1070 3214 in
1089 3156 1225 3215 extraor-

135 3244 259 3306 dinaria
276 3242 454 3306 calamitate
471 3244 504 3305 in
522 3243 570 3304 ria
589 3244 699 3315 ferrea,
718 3244 765 3305 rel
783 3249 922 3324 tempore
940 3242 1122 3326 epidemiae,
1139 3264 1226 3326 prae-

136 3338 242 3397 ¹sertim
261 3337 293 3397 in
308 3335 482 3411 majoribus
498 3333 683 3398 nosocomiis
698 3341 767 3410 etc,
784 3337 908 3416 quando
925 3337 1100 3400 timendum
1115 3342 1172 3407 est,
1188 3357 1227 3399 ne

138 3427 287 3489 Sacerdos
318 3427 463 3489 omnibns
494 3428 630 3507 aegrotis
661 3431 709 3489 sat
741 3430 924 3508 tempestive
955 3450 1133 3491 succurrere
1164 3448 1225 3490 non

136 3523 243 3600 possit,
258 3520 303 3582 vel
319 3525 458 3599 tempore
471 3520 530 3582 sibi
548 3521 590 3597 (e.
604 3540 633 3599 g.
648 3520 679 3581 in
694 3520 870 3583 nosocomio
883 3521 1033 3584 saeculari
1045 3544 1063 3584 a
1077 3521 1222 3595 medicis)

136 3615 293 3693 assignato
321 3613 428 3674 omnia
455 3611 601 3692 perficere
629 3633 693 3673 non
721 3611 830 3676 valeat.
881 3614 1020 3676 Ecclesia
1047 3616 1131 3679 enim
1160 3615 1227 3677 vult

137 3727 241 3786 preces
264 3706 339 3767 istas
358 3724 422 3769 non
444 3702 623 3767 essentiales
645 3705 679 3767 in
700 3705 856 3783 angustiis
877 3707 945 3768 istis
988 3709 1093 3788 potius
1112 3707 1228 3781 omitti,

137 3820 230 3879 quarn
251 3802 392 3877 aegrotos
411 3795 561 3878 quosdam
583 3798 689 3860 forsan
712 3798 778 3862 sine
798 3801 1001 3861 sacramentis
1022 3800 1067 3861 rel
1087 3799 1228 3862 benedic·

138 3893 222 3954 tione
244 3889 414 3972 apostolica
438 3890 471 3952 in
494 3889 628 3953 articulo
650 3890 760 3952 mortis
783 3911 820 3952 err
842 3890 901 3954 hac
924 3892 987 3953 rita
1010 3891 1164 3954 decedere.

180 3989 208 4046 3.
233 3984 337 4046 immo
361 3983 449 4063 gravi
475 3982 627 4046 existente
650 3982 832 4045 infectionis
857 3982 1006 4064 periculo,
1033 3986 1141 4049 unctio
1166 4006 1228 4048 non

138 4084 262 4140 tantum
288 4097 398 4140 renum
424 4074 475 4136 sed
501 4075 595 4138 etiam
618 4072 734 4155 pedum
758 4073 863 4138 omitti
887 4078 999 4157 potest,
1021 4077 1094 4157 quia
1118 4082 1228 4141 neutra

137 4172 273 4250 pertinet
299 4169 337 4231 ad
364 4168 572 4231 substantiam
599 4168 809 4230 sacramenti.²
858 4168 941 4232 Item
968 4173 1108 4250 ternpore
1135 4171 1231 4251 pestis

139 4264 184 4327 vel
211 4264 273 4325 alia
298 4266 430 4341 urgente
457 4260 640 4323 necessitate
665 4261 781 4340 poterit
807 4260 947 4324 adhiberi
974 4283 1038 4325 una
1063 4262 1172 4326 unctio
1197 4262 1232 4325 in

173 4411 235 4464 ana
256 4412 355 4474 nanis,
376 4410 434 4462 nr.
456 4410 515 4461 aaa.
742 4408 792 4459 rs.
807 4407 888 4475 Arph.
902 4409 964 4475 rag.
980 4410 1029 4461 vr.
1045 4411 1111 4476 ⁷103
1128 4410 1230 4465 sena.

173 4489 239 4540 1or.
259 4488 300 4540 ns
318 4488 417 4545 naras.
436 4484 493 4538 rn.
512 4486 563 4536 aa*
711 4486 786 4535 xiv.
808 4485 873 4548 syn.
896 4487 979 4537 uma
1002 4486 1085 4538 vrri.
1107 4488 1132 4552 s,
1153 4489 1177 4539 a.
