2804 4890
341 693 395 751 Du
417 693 577 751 OFFIOIO
601 692 780 751 SOLEMNI
807 692 1122 751 DEFUNOTORUM.
1217 680 1277 746 427

228 870 256 929 2.
279 866 330 929 Ad
349 866 479 928 initium
498 867 707 946 vesperarum
725 871 756 929 et
774 865 927 928 Matutini
944 864 1062 928 dicitur
1078 865 1185 929 Potor.
1202 865 1278 926 Ave.

192 959 352 1039 (Credo),
372 960 435 1020 nisi
456 959 636 1021 immediate
657 965 827 1039 sequantur
853 959 1003 1039 l'esperas
1024 957 1192 1039 respective
1213 957 1279 1018 Ma-

188 1052 328 1113 tutinum
353 1072 425 1112 cum
449 1050 611 1113 Laudibus
635 1052 698 1112 diei
722 1051 877 1113 currentis
904 1051 950 1112 vel
975 1050 1165 1112 delationem
1190 1049 1279 1112 cada-

187 1145 266 1208 veris
285 1144 325 1206 ad
345 1143 516 1206 Ecclesiam
538 1164 572 1206 ac
594 1143 836 1222 llesponsorium
856 1144 1051 1206 Subvenite?

228 1240 257 1298 3.
280 1237 482 1316 Antiphonae
495 1236 699 1317 duplicantur
715 1238 747 1298 in
761 1236 812 1298 die
825 1236 1019 1320 obitustseu
1033 1242 1104 1317 post
1118 1240 1279 1316 acceptum

185 1330 368 1409 nuntium),
389 1331 422 1391 in
442 1328 493 1392 die
511 1329 715 1410 depositionis
736 1329 832 1392 etiam
851 1328 977 1394 absente
997 1348 1135 1410 corpore,
1156 1328 1207 1394 die
1229 1328 1280 1405 3⁰,

187 1421 237 1498 1⁰,
251 1421 309 1482 30ο
327 1422 539 1486 anniversario
552 1428 587 1486 et
601 1423 722 1502 quoties
737 1421 918 1486 solemniter
934 1420 1109 1487 celebratur
1125 1421 1280 1496 Officium,

186 1516 245 1576 etsi
263 1535 363 1576 unum
380 1518 506 1577 tantum
525 1514 725 1577 Nocturnum
744 1515 877 1579 dicatur.

227 1611 255 1668 4.
275 1607 327 1670 Ad
355 1607 552 1669 Matutinum
577 1607 696 1670 dicitur
723 1608 949 1670 Invitatorium
976 1628 1048 1672 cum
1076 1607 1127 1670 Ps.
1157 1605 1279 1680 Venite,

187 1700 311 1781 quando
327 1701 390 1763 tria
406 1700 569 1763 Nocturna
585 1700 736 1763 dicuntur
751 1706 807 1763 aut
821 1700 946 1782 quando
962 1720 1062 1763 unum
1080 1700 1280 1763 Nocturnum

185 1791 374 1873 persolvitur
397 1793 461 1856 ritu
484 1792 613 1871 duplici.
658 1792 718 1856 Die
739 1792 943 1874 depositionis
967 1814 1094 1875 corpore
1119 1800 1279 1874 praesente

186 1887 324 1964 primum
342 1905 462 1965 semper
483 1885 682 1947 Nocturnum
701 1885 830 1948 dicitur.
871 1883 969 1961 Alias,
987 1887 1014 1947 si
1034 1905 1135 1948 unum
1153 1890 1280 1947 tantum

189 1977 388 2041 Nocturnum
413 1978 571 2053 recitetur,
596 1978 765 2040 dicendum
789 1987 836 2043 est
860 1977 998 2059 primum
1023 1998 1080 2059 pro
1104 1977 1281 2053 Dominica,

188 2070 244 2130 fer.
264 2069 298 2129 ΙΙ
318 2076 349 2130 et
369 2070 417 2143 11,
435 2070 607 2131 secundum
626 2072 758 2150 profer.
778 2069 843 2131 III.
861 2075 892 2132 et
912 2069 979 2146 1⁷1,
998 2071 1128 2134 tertium
1147 2090 1204 2151 pro
1223 2070 1281 2132 fer.

186 2161 244 2222 Il'.
260 2168 293 2224 et
312 2163 470 2224 Sabbato.⁴

231 2258 258 2316 5.
283 2253 401 2315 Psalmi
427 2254 537 2316 Laudo
561 2255 668 2317 animo
694 2256 727 2316 in
754 2255 900 2335 Vesperis
924 2262 955 2318 et
979 2255 1027 2319 Ds
1052 2255 1222 2337 profundis
1247 2256 1281 2317 in

189 2344 349 2407 Laudibus
376 2344 425 2426 [in
448 2345 524 2426 fine]
551 2366 613 2407 non
635 2345 796 2422 dicuntur,
817 2345 941 2428 quando
964 2347 1109 2410 Officium
1131 2349 1282 2410 recitatur

189 2438 253 2499 ritu
275 2438 419 2519 duplici.⁵
464 2437 498 2500 Si
520 2437 655 2500 officium
676 2459 733 2519 pro
755 2459 818 2503 uno
839 2437 1037 2520 persolvitur,
1060 2438 1205 2502 versiculi
1227 2440 1281 2520 qui

190 2532 372 2594 Orationem
400 2531 578 2594 immediate
603 2531 794 2612 praecedunt
818 2539 850 2595 et
876 2552 953 2613 quae
978 2532 1220 2612 subsequuntur,
1248 2532 1280 2592 in

190 2624 345 2704 singulari
366 2623 525 2686 dicuntur.
573 2623 652 2703 (Sed
673 2623 735 2686 duo
756 2624 863 2687 ultimi
884 2644 990 2687 versus
1009 2630 1081 2707 post
1099 2624 1282 2686 Orationem

189 2718 392 2791 omittuntur,
407 2719 433 2779 si
449 2717 557 2778 statim
573 2722 722 2796 sequatur
738 2717 835 2779 Missa
851 2717 897 2779 vel
914 2716 1107 2797 Absolutio.)
1150 2715 1281 2796 Reliqua

190 2811 222 2870 in
246 2809 353 2871 Officio
373 2829 437 2870 non
457 2812 631 2870 mutantur.

232 2905 259 2962 6.
282 2901 386 2963 Ritus.
422 2899 589 2963 Celebrans
601 2921 657 2981 pro
672 2901 819 2981 Vesperia
830 2909 861 2965 et
875 2902 1036 2968 Matutino
1048 2901 1179 2965 solemni
1192 2899 1284 2965 indul

190 3001 291 3075 potest
305 2992 538 3074 superpelliceo,
551 2991 630 3055 stola
644 2999 675 3057 et
688 2992 820 3074 pluviali
834 2995 949 3074 nigro.⁸
978 2994 1109 3059 Accedit
1120 2995 1161 3058 ad
1174 2994 1285 3060 altare

191 3085 282 3148 modo
298 3092 444 3148 consueto
460 3084 717 3166 praecedentibus
731 3085 882 3166 acolythis
898 3107 970 3150 cum
986 3085 1124 3150 candelis
1138 3087 1284 3162 accensis,

192 3179 443 3242 Caeremoniario
457 3184 488 3241 et
504 3178 626 3240 duobus
643 3177 841 3241 Cantoribus.

234 3269 319 3332 Dum
331 3291 437 3333 omnes
451 3274 537 3333 stant
551 3271 584 3332 in
597 3271 673 3332 locis
685 3269 750 3333 suis
761 3277 794 3333 et
805 3270 899 3334 dictis
910 3271 1015 3337 Pater.
1029 3273 1106 3337 Ave.
1124 3273 1285 3352 (Credo),
1312 3262 1321 3277 ’

190 3365 216 3425 si
236 3363 367 3426 dicenda
387 3366 471 3439 aunt,
489 3363 552 3427 duo
573 3362 724 3426 Cantores
745 3364 778 3424 in
798 3362 901 3428 medio
921 3365 1013 3427 choro
1033 3368 1105 3428 ante
1125 3364 1217 3446 legile
1235 3367 1283 3429 in·

193 3457 316 3536 cipiunt
341 3455 567 3519 Invitatorium
588 3456 702 3536 Repem
728 3455 780 3517 cui
803 3457 908 3518 onmia
929 3454 1040 3520 vivunt
1061 3461 1119 3520 etc.
1165 3458 1287 3520 Chorus

193 3549 416 3610 lrivitatorium
431 3550 545 3629 repetit
558 3550 616 3610 etc.
654 3547 704 3610 Ad
720 3547 812 3609 verba
831 3548 942 3611 Venite
957 3546 1123 3613 odoremus
1140 3556 1169 3613 et
1185 3550 1285 3632 proci·

194 3643 402 3703 ruminante
430 3641 531 3703 Deam
558 3660 666 3702 omnes
690 3639 915 3719 genuflectunt.
965 3640 1087 3704 Ohoms
1113 3641 1286 3704 Cantorum

192 3735 380 3814 antiphonas
392 3733 522 3805 cantat,l
534 3737 567 3795 et
579 3733 722 3795 intonato
733 3751 788 3812 per
797 3731 875 3795 duos
888 3731 1040 3796 Cantores
1052 3735 1154 3813 primo
1167 3733 1287 3814 psalmo

226 3921 281 3973 ³1).
297 3923 337 3973 14.
351 3921 417 3973 Feb.
434 3921 508 3972 1913.
521 3919 551 3970 si
564 3919 591 3970 in
602 3919 712 3986 privata
803 3926 816 3959 ⁴
828 3919 912 3972 Rubr.
927 3920 1006 3972 Brav.
1023 3922 1086 3972 novi
1099 3927 1128 3974 et
1144 3923 1199 3973 Bit.
1214 3923 1290 3975 Rom.

191 3999 352 4050 recitatione
371 3998 540 4049 Matutinum
557 4011 618 4048 cum
635 3996 713 4046 unico
768 3995 839 4047 novi.

193 4076 232 4126 vel
254 4075 343 4125 tribus
366 4073 515 4125 Nocturnis
536 4088 553 4124 a
573 4072 714 4124 Laudibus
804 4073 937 4127 ⁵Rituala
950 4088 1056 4124 novum.

190 4156 340 4218 separetur,
363 4150 557 4214 subjungitur:
582 4148 713 4199 Dominus
804 4148 902 4200 ⁸anr.
920 4150 971 4216 Ep.
991 4149 1030 4201 11.
1050 4153 1089 4202 10.
1112 4154 1151 4215 10,
1167 4155 1195 4205 et
1214 4150 1241 4202 S.
1259 4153 1291 4204 B.

191 4229 250 4278 vob.
265 4228 362 4279 Oratio
381 4228 442 4289 (aen
457 4225 616 4287 Orationes)
634 4228 664 4274 ut
678 4224 713 4274 ad
767 4225 795 4276 O.
816 4227 855 4276 12.
873 4226 944 4292 Aug.
965 4229 1040 4291 1854,
1057 4244 1083 4279 n.
1101 4230 1204 4279 30295.

192 4305 306 4356 Laudes.
340 4303 628 4366 Requiemoeternam.
665 4301 712 4353 Re·
806 4301 870 4351 anx
927 4303 1121 4355 consuetudine
1177 4308 1292 4367 possunt

192 4382 331 4442 ‘wimadi
358 4381 387 4429 ¹⁴1¹
414 4394 488 4443 9⁰0⁶·
532 4379 626 4429 ΑΜ·
671 4377 713 4427 Ad
769 4385 963 4451 praeintonari,
991 4390 1022 4437 ut
1049 4387 1077 4436 in
1104 4388 1167 4438 aliis
1195 4385 1291 4439 officiis

194 4458 301 4506 initium
343 4457 467 4508 Laudum
507 4469 570 4507 varo
613 4453 714 4506 dicitur
768 4460 940 4511 solemnibus„
973 4459 1014 4511 Do
1027 4459 1124 4527 carpo.

190 4535 282 4585 Pater.
296 4535 362 4585 Ave.
395 4534 428 4585 D.
443 4535 485 4584 24.
498 4532 556 4584 Jul.
573 4532 647 4582 1912.
