2804 4890
323 1211 559 1271 PRAEFATIO
583 1213 640 1271 AD
663 1213 896 1271 EDITIONEM
920 1212 1075 1271 NONAM.

196 1386 313 1451 Libens
333 1387 392 1452 tibi
412 1388 519 1467 offero,
540 1389 637 1454 lector
657 1390 810 1468 benevole,
832 1392 994 1473 egregium
1015 1391 1073 1455 hoc
1096 1391 1249 1472 Compen-

156 1481 247 1544 dium
285 1483 351 1562 jam
389 1501 473 1544 nona
511 1483 577 1545 vice
616 1484 702 1563 prelo
740 1485 926 1565 subjectum.
989 1485 1119 1547 Praeter
1148 1504 1249 1546 neces·

155 1573 252 1636 sarias
281 1575 525 1652 emendationes,
556 1595 688 1655 quarum
718 1578 829 1638 scriem
860 1584 963 1639 texere
993 1577 1088 1637 nimis
1119 1577 1248 1655 longum

156 1666 290 1743 videtur,
311 1673 473 1748 sequentes
493 1670 682 1730 mutationes
704 1688 783 1747 resp.
805 1668 980 1731 additiones
1001 1668 1103 1732 iactae
1124 1674 1208 1730 sunt.

199 1760 344 1823 Tabellae
360 1760 563 1822 ministrandi
579 1762 612 1822 in
628 1761 725 1825 Missa
741 1761 872 1823 solemni
888 1764 954 1841 jam
971 1761 1103 1824 ultimae
1118 1759 1251 1824 editioni

159 1854 192 1915 in
209 1872 309 1915 unum
327 1853 479 1934 adjectae,
499 1874 553 1934 per
573 1853 712 1934 singulas
732 1855 863 1936 paginas
881 1854 1069 1917 distributae
1087 1855 1252 1916 inveniun-

159 1949 221 2022 tur,
236 1965 296 2026 quo
312 1946 427 2008 clarius
442 1947 574 2010 materia
589 1951 722 2010 tractata
739 1949 776 2011 ob
792 1948 895 2011 oculos
910 1955 1055 2029 ponatur.

203 2038 284 2100 Cum
326 2059 363 2101 ex
405 2039 628 2102 reformatione
668 2040 850 2119 nuperrima
893 2039 1101 2101 Rubricarum
1142 2038 1253 2099 nrodus

156 2131 325 2194 ordinandi
352 2130 497 2193 Officium
522 2131 674 2192 Divinum
700 2153 763 2193 uon
789 2152 901 2212 parum
927 2133 1084 2195 difficilior
1109 2132 1251 2205 eraserit,

158 2224 235 2286 utile
263 2224 402 2303 judicavi
431 2224 574 2287 exhibere
601 2232 801 2303 conspectum
830 2225 931 2286 Officii
960 2225 1069 2285 Divini
1098 2223 1250 2285 recitandi

158 2316 319 2397 aliquanto
336 2317 497 2392 fusiorem,
513 2317 695 2396 praesertim
712 2316 873 2380 commodo
889 2319 1042 2397 juvenum
1059 2316 1252 2379 Clericorum

158 2409 317 2470 consulere
334 2407 447 2470 volens.

205 2501 243 2562 In
273 2500 471 2563 commodum
502 2501 652 2575 tironum,
683 2503 737 2581 qui
768 2499 907 2564 missalia
936 2522 1000 2565 nou
1030 2521 1151 2580 semper
1181 2519 1255 2579 prae

161 2593 305 2655 manibus
335 2592 460 2667 habent,
490 2613 595 2672 preces
626 2593 805 2655 nicanoritcr
833 2593 975 2656 sciendos
1005 2613 1042 2655 ex
1073 2598 1138 2655 toto
1170 2594 1253 2672 typis

160 2685 377 2749 ‹loscribendas
394 2687 499 2747 curavi
524 2685 622 2765 (App.
642 2685 700 2759 1.).

203 2779 318 2842 Varias
343 2778 381 2840 ob
407 2779 543 2841 rationes
569 2777 737 2858 Appendix
763 2777 900 2857 pristina
924 2777 992 2840 “De
1017 2778 1097 2841 Jure
1124 2776 1256 2839 Ecclesi-

161 2869 278 2934 astico''
302 2876 359 2934 etc.
385 2871 515 2932 dimissa
542 2869 616 2944 suit,
641 2870 735 2931 sicuti
763 2870 795 2931 in
821 2870 962 2950 plurium
988 2869 1068 2932 votis
1092 2874 1168 2932 erat.
1196 2870 1254 2931 Ast

164 2965 297 3028 materia
328 2962 477 3043 liturgica
509 2963 611 3024 diotae
643 2961 837 3042 Appendiois
870 2962 903 3023 in
934 2982 1063 3043 corpore
1096 2961 1250 3042 Compen-

162 3057 208 3119 dii
231 3057 297 3119 suis
319 3055 395 3118 locis
419 3056 535 3117 inserta
559 3055 725 3134 reperitur,
750 3057 793 3117 ita
818 3061 854 3117 ut
877 3075 914 3118 ex
936 3055 1050 3118 omissa
1075 3055 1256 3136 Appendicc

163 3150 219 3212 hoc
239 3147 385 3211 manuale
404 3149 553 3224 liturgiae
574 3149 729 3225 jacturam
751 3167 877 3228 passum
897 3168 960 3210 non
982 3147 1032 3209 sit.

205 3242 288 3305 Loco
316 3240 508 3320 Appendicis
536 3241 654 3302 excisae
682 3240 850 3320 Appendir
877 3240 976 3303 altera
1002 3241 1174 3304 substituta
1202 3243 1259 3317 est,

164 3334 229 3397 scil.
268 3337 450 3414 conspectus
487 3332 587 3394 brevis
624 3333 942 3412 historico-practicus
979 3335 1017 3397 de
1065 3335 1258 3413 paramentis

166 3429 270 3492 sacris.

207 3520 330 3584 Littera
344 3518 383 3581 D.
398 3519 432 3580 in
445 3517 701 3580 annotationibus
712 3519 870 3597 significat
885 3518 1054 3583 Decretum
1066 3520 1113 3583 vel
1129 3519 1259 3582 Decreta

168 3614 200 3677 S.
222 3612 482 3694 congregationis
506 3610 637 3672 Rituum
658 3610 721 3673 siro
742 3609 943 3675 Collectionis
965 3611 1175 3674 Anthenticac
1197 3611 1260 3673 sive

166 3705 390 3771 recentissima.

1081 3795 1217 3858 Enrroa.

204 3888 318 3957 Quincy,
343 3886 411 3951 Ins,
437 3886 462 3935 d.
491 3886 530 3934 11.
552 3882 697 3934 Februarii
727 3882 803 3933 1915.

1126 3973 1155 4029 iv
