2804 4890
163 679 225 742 294
380 689 433 744 Dll
457 690 577 745 naam
596 691 632 746 V.
656 689 700 745 IN
723 690 856 746 COENA
878 687 1037 745 DOMINI.

167 863 258 939 valet,
286 863 345 926 etsi
375 863 533 925 Parochus
561 861 645 925 solus
675 863 743 925 Fer.
774 864 814 924 V.
844 866 1008 942 aegrotans
1036 862 1177 942 sequenti
1207 861 1258 923 die

167 953 279 1017 melior
297 973 328 1016 se
348 951 515 1015 hahuerit.⁴

211 1046 251 1109 In
272 1046 419 1110 Ecclesiis
441 1066 504 1110 non
527 1046 762 1109 Parochialibus
784 1047 889 1108 omitti
911 1051 1014 1127 potest
1034 1049 1158 1128 selectio
1180 1048 1256 1110 Sab-

169 1142 235 1204 bati
252 1140 373 1214 Sancti,
391 1161 455 1202 non
473 1143 579 1202 tamen
598 1139 653 1202 illa
673 1140 781 1202 Feriae
802 1140 858 1200 VI.
880 1141 913 1201 in
934 1141 1119 1215 Parasceve3
1137 1147 1169 1203 et
1189 1140 1256 1202 fieri

168 1234 260 1299 debet
281 1234 492 1315 Sepulcrum.³
763 1312 764 1315 Ἴ

208 1332 237 1391 3.
260 1327 304 1390 Be
323 1326 577 1406 Praeparandia.⁶
619 1327 748 1392 “Altare
767 1329 948 1392 solemniter
969 1334 1116 1392 ornatum
1137 1336 1259 1392 etcum

169 1417 265 1499 pallio
292 1417 355 1481 albi
383 1419 503 1483 coloris.
553 1418 640 1481 Crux
667 1420 751 1481 inter
778 1418 963 1480 candelabra
990 1423 1072 1481 tecta
1101 1418 1166 1480 velo
1195 1418 1255 1479 albi

168 1511 311 1574 coloris.''

212 1606 274 1670 “ln
293 1608 397 1680 abaco,
417 1627 472 1670 aea
492 1607 667 1670 credentia:
692 1605 743 1686 (a)
770 1606 860 1669 Calin
880 1627 937 1687 pro
957 1607 1056 1668 Missa
1075 1627 1147 1668 cum
1167 1626 1256 1668 orna-

169 1700 284 1763 mentis
305 1700 417 1763 coloris
438 1699 512 1777 albi,
533 1705 565 1764 et
587 1700 708 1780 duplici
729 1701 839 1762 hostia.
890 1701 943 1780 (b)
970 1700 1062 1762 Alius
1084 1700 1164 1762 calix
1186 1720 1256 1762 cum

169 1792 263 1874 palla,
290 1798 414 1874 patena,
442 1795 508 1859 velo
535 1793 604 1857 albo
631 1799 664 1857 et
689 1794 788 1874 ligula
814 1795 911 1857 serica
939 1795 1002 1856 albi
1030 1793 1172 1859 coloris.''
1222 1793 1256 1855 Si

169 1886 273 1951 desint
292 1887 396 1951 clerici
416 1887 566 1964 ordinati,
586 1888 753 1951 Celebrans
772 1888 899 1951 calicem
918 1909 1004 1951 more
1024 1888 1115 1953 solito
1135 1891 1257 1969 portat;

168 1982 305 2045 alterum
317 2001 387 2043 vero
400 1981 528 2043 calicem
541 1986 632 2044 antea
645 2001 738 2062 super
751 1980 855 2045 Altari
868 1982 1013 2063 deponat.
1054 1983 1102 2062 (c)
1122 1980 1258 2046 “Velum

169 2075 329 2138 humerale
348 2074 412 2137 albi
432 2074 575 2138 coloris.''

212 2169 314 2248 Prope
353 2169 545 2232 credentiam
586 2169 694 2231 “Crux
733 2170 969 2250 processionalis
1008 2174 1151 2250 cooperta
1191 2170 1258 2233 rclo

170 2261 336 2326 violaceo.''

213 2355 463 2418 “Baldachinum
497 2357 668 2431 hastatum,
703 2357 750 2418 vel
785 2357 931 2421 Umbella
965 2378 1021 2437 pro
1055 2357 1257 2437 processione,

170 2453 258 2511 extra
277 2449 437 2511 cancellos
480 2449 644 2512 Crotalum
663 2469 720 2529 pro
740 2451 830 2529 signo
850 2450 1049 2513 salutationis
1069 2449 1257 2531 angelicae.''

213 2546 241 2603 4.
265 2543 326 2605 “ln
354 2543 496 2605 Sacello”
524 2545 572 2605 vel
600 2542 661 2607 alio
688 2541 807 2605 AlteriT
835 2548 945 2626 parato
972 2565 1028 2624 pro
1057 2544 1256 2625 depositione

169 2636 229 2699 SS.
249 2637 464 2700 Sacramenti:

213 2729 334 2792 “Iocus
355 2730 421 2809 ipse
442 2729 480 2790 ab
502 2728 605 2790 Altari
628 2729 741 2806 majori
764 2729 943 2804 distinctus,
964 2734 995 2792 ct
1017 2730 1161 2793 decenter
1183 2731 1257 2792 velis

171 2823 325 2903 pretiosis,
343 2842 405 2883 non
426 2827 531 2883 tamen
549 2822 659 2901 nigris,
678 2826 709 2883 et
727 2822 899 2883 luminibus
918 2842 952 2883 ac
971 2821 1100 2886 floribus
1118 2828 1257 2897 ornatae,

171 2916 238 2978 sine
267 2915 420 2995 Reliquiis
448 2918 504 2976 aut
532 2915 722 2995 imaginibus
753 2915 950 2977 Sanctorum.
1017 2916 1119 2996 Supra
1149 2916 1258 2979 Altare

171 3008 285 3071 ibidem
304 3012 441 3070 erectum
460 3010 587 3089 capsula
603 3010 737 3089 elegans,
755 3008 839 3070 clave
858 3008 991 3084 firmata,
1010 3030 1066 3089 pro
1084 3011 1179 3074 calice
1197 3031 1258 3072 scr-

170 3101 279 3164 vando.
325 3101 493 3181 Corporale
511 3106 645 3165 stratum
666 3103 750 3163 intra
769 3101 938 3182 capsulam.
982 3102 1080 3164 Aliud
1101 3103 1258 3182 corporale

170 3215 263 3276 super
286 3195 404 3258 Altare.
451 3195 625 3257 Scabellum
649 3194 838 3275 graduatum
862 3215 918 3275 pro
942 3196 1130 3276 repositione
1154 3195 1258 3259 calicis

170 3289 204 3350 in
224 3287 406 3368 capsula.''⁸
445 3288 590 3368 Capsula‚
610 3308 663 3353 seu
684 3308 764 3350 urna
784 3289 826 3350 sit
846 3289 932 3350 intus
952 3294 983 3350 et
1004 3289 1081 3350 foris
1101 3289 1259 3369 eleganter

169 3381 326 3445 elaborata
348 3382 394 3444 vel
417 3381 546 3462 pulchre
568 3386 687 3443 ornata.
734 3381 768 3442 Si
790 3381 881 3456 desit,
905 3382 1140 3444 tabernaculum
1161 3383 1258 3445 serico

171 3475 324 3537 velamine
339 3473 401 3537 albi
417 3473 530 3538 coloris
545 3474 722 3536 involutum
737 3472 878 3535 adhiberi
895 3479 1005 3555 potest.

205 3677 270 3728 ⁴1).
287 3677 364 3728 3219.
743 3676 896 3739 gratiarum
919 3678 1026 3728 actione
1051 3693 1101 3742 pro
1126 3678 1259 3743 singulari

206 3759 219 3793 ὅ
237 3754 270 3804 D.
291 3754 315 3803 9.
336 3753 399 3805 Dec.
423 3754 498 3818 1899,
520 3769 545 3804 n.
566 3753 643 3803 4049.
666 3755 689 3804 1.
742 3757 853 3817 accepto
866 3753 1035 3805 benefici0.''
1053 3755 1256 3818 (blartinucci.)

206 3831 389 3881 ⁸Citationes
423 3831 481 3881 sine
516 3830 612 3881 addito
646 3831 689 3881 de·
743 3830 856 3894 “Quasi
876 3831 989 3881 thronus
1010 3832 1066 3896 ipae
1085 3831 1210 3896 erigitur,
1233 3833 1259 3881 in

169 3912 295 3973 sumptae
312 3911 376 3957 aunt
393 3923 425 3957 ex
443 3907 595 3958 Memoriali
614 3907 689 3957 Ritu·
741 3921 793 3970 quo
815 3910 876 3958 tota
899 3907 1022 3972 sequenti
1045 3913 1122 3959 noete
1145 3925 1162 3960 a
1185 3911 1258 3959 Chri-

170 3999 214 4034 um
234 3984 376 4036 Benedicti
396 3984 480 4034 XIII.
740 3984 839 4034 atianis
873 3986 1005 4036 adoratur
1038 3991 1066 4036 et
1101 3987 1258 4049 honoratur,

206 4067 217 4099 ἵ
238 4062 320 4112 Rubr.
339 4062 415 4111 Miss.
741 4063 849 4125 quando
864 4078 881 4113 a
895 4063 914 4113 J
917 4064 1011 4113 udaeis
1026 4064 1150 4114 maximis
1164 4081 1258 4131 oppro-

207 4139 354 4202 ⁸“Quurn
374 4143 486 4203 propter
506 4139 595 4189 officia
614 4140 689 4200 lugu·
741 4139 808 4188 briis
821 4143 862 4189 eat
878 4140 1034 4191 affectus.”
1063 4142 1192 4203 (Burins)
1212 4143 1257 4194 Sa-

171 4215 233 4266 bria
262 4230 314 4264 non
345 4215 425 4265 liceat
455 4216 611 4264 serlernnitcr
640 4217 689 4265 hac
741 4217 836 4265 cellum
853 4218 936 4266 etiarn
953 4220 1122 4282 seruth-hrum
1140 4223 1257 4285 appella·

171 4292 215 4342 dia
238 4292 374 4343 celebrare
399 4292 483 4353 hujus
509 4292 690 4341 institutionis
742 4298 787 4342 tur
807 4295 872 4357 quin
893 4299 1036 4359 utrumque
1057 4304 1259 4361 representatur

171 4368 282 4431 testum,
301 4370 446 4432 exponitur
465 4370 513 4419 SS.
533 4372 688 4419 Saeranren·
742 4375 797 4419 tani
818 4373 960 4435 sepultura
982 4373 1098 4431 lionrini
1119 4390 1197 4438 quarn
1222 4375 1258 4423 in-

171 4450 229 4496 turu
249 4447 276 4495 in
295 4447 393 4496 sacello
413 4448 529 4506 laterali,
550 4452 577 4494 nt
599 4446 690 4496 fideles
741 4448 851 4497 stitutio
874 4450 1066 4512 Arrgustissirni
1090 4451 1257 4503 Sacranrenti

172 4523 259 4594 ipsum
278 4528 438 4572 venerentur
455 4529 481 4573 et
499 4525 611 4575 arlorent
630 4539 689 4574 curn
746 4524 792 4586 (D.
813 4527 851 4575 15.
870 4526 931 4576 Dee.
952 4528 1026 4590 1896,
1043 4543 1068 4578 n.
1086 4529 1162 4577 39³9.
1184 4532 1222 4588 l).
