2804 4890
191 711 231 774 86
475 724 593 778 RITUS
618 721 764 778 Missas
786 722 995 778 valvarum

195 896 338 959 Sabbatis
367 897 509 971 Quatuor
536 897 736 977 Temporum.
788 897 935 958 Minister
962 897 1035 957 ante
1063 895 1194 956 Missam
1222 916 1285 957 mo·

193 990 315 1053 naudus
328 995 385 1066 est,
400 994 436 1052 ut
450 991 494 1053 sie
509 990 694 1071 respondeat
708 990 774 1051 Deo
788 988 917 1070 prutina,
931 1008 1008 1052 neve
1021 987 1139 1049 librum
1154 987 1287 1062 deferat,

193 1092 360 1162 antequam
379 1082 499 1143 dietum
519 1082 561 1143 sit
578 1081 734 1143 Dominus
753 1081 920 1142 vobiscum.

634 1313 747 1384 ART.
774 1311 838 1383 VI.

191 1482 241 1530 DE
270 1480 462 1545 samsom,
490 1479 892 1599 GRADUAL'IlOIEzII'l'UfibLIIS
919 1480 1042 1545 USQUE
1069 1479 1121 1531 AD
1150 1479 1284 1531 oma-

233 1703 282 1765 54.
306 1703 429 1766 “Dictis
458 1704 671 1776 Orationibus,
700 1705 866 1768 Celebrans
894 1705 1004 1787 positis
1032 1725 1125 1786 super
1153 1705 1282 1777 librum,

191 1799 237 1860 vel
258 1818 352 1879 super
370 1797 500 1860 Altare''
521 1804 576 1861 aut
596 1799 686 1878 legile
706 1801 881 1874 “rnarribus,
902 1801 946 1861 ita
966 1804 1004 1862 ut
1021 1799 1144 1879 palmae
1165 1799 1282 1861 librum

190 1897 323 1972 tangant
349 1892 397 1954 vel
430 1894 483 1971 (ut
509 1892 678 1972 placuerit)
710 1893 825 1953 librum
854 1898 973 1968 tenens,
1000 1892 1077 1972 legit
1102 1893 1281 1974 Epistolam

192 1985 385 2066 intelligibili
403 1984 495 2048 voee’'
512 1988 546 2046 in
564 1986 625 2047 fine
643 2006 746 2048 vocem
763 1986 952 2066 deprimens,
969 1988 1020 2049 “et
1038 1986 1247 2067 respondetur
1263 2006 1281 2047 a

191 2080 353 2141 ministro:
375 2080 440 2141 Deo
461 2081 598 2160 prutina·
617 2084 647 2140 et
669 2080 816 2141 similiter
837 2087 922 2142 stans
944 2080 1050 2143 eodem
1073 2078 1186 2142 modo''
1210 2100 1280 2141 vore

190 2173 253 2234 alta
272 2173 492 2252 “prosequitur
513 2173 677 2244 Groduole,
697 2175 847 2254 alleluja.
866 2180 897 2235 et
919 2176 1068 2237 Tmolum
1087 2194 1122 2235 ae
1143 2175 1280 2254 Sequen-

193 2269 278 2337 liom,
301 2266 328 2327 si
350 2266 482 2329 dicenda
504 2265 599 2327 siut.''
645 2267 678 2327 Si
703 2267 741 2328 ad
765 2267 869 2345 aliqua
893 2267 983 2328 verba
1004 2266 1279 2345 genuflectendum

189 2361 240 2434 ait,
259 2379 370 2421 manus
388 2360 492 2421 Alteri
512 2360 656 2440 imponit,
675 2364 707 2422 et
725 2361 792 2421 sine
809 2380 906 2434 mora,
926 2360 1037 2440 primis
1056 2359 1156 2420 verbis
1174 2359 1280 2434 dietis,

189 2454 299 2532 surgit.

230 2546 371 2621 “Quibus
391 2547 494 2621 dietis,
517 2547 666 2608 Sacerdos
687 2548 828 2626 ipsemet,
849 2547 922 2608 seu”
943 2548 1179 2610 convenientius
1200 2549 1279 2608 “mi-

189 2642 287 2702 nister
310 2645 415 2719 portat
437 2640 553 2701 librum
576 2640 713 2701 Missalis
736 2641 775 2701 ad
799 2641 931 2702 alteram
955 2644 1077 2720 partem
1100 2639 1221 2701 Altaria
1245 2641 1278 2701 in

189 2752 285 2795 cornu
305 2733 479 2811 Evangelii,
499 2740 530 2795 et
549 2733 625 2794 dum
646 2734 760 2796 transit
780 2742 852 2796 aute
871 2733 1010 2795 medium
1030 2732 1171 2795 Altaris''
1193 2733 1278 2796 Cele-

188 2826 291 2901 branS,
308 2829 423 2906 “eaput
440 2826 534 2887 Cruci
552 2827 694 2901 inclinat,
711 2835 741 2890 ot
760 2827 886 2888 llissale
903 2827 947 2888 sio
964 2827 1055 2901 locat,
1072 2831 1108 2887 ut
1125 2827 1279 2906 posterior

189 2939 260 2999 pars
279 2918 352 2981 libri
372 2921 517 2999 respiciat
536 2921 639 2998 ipsum
659 2940 755 2981 cornu
774 2919 905 2991 Altaria,
924 2924 954 2981 et
974 2940 1037 2980 non
1056 2918 1096 2981 ad
1115 2921 1279 3000 parietem,

188 3014 250 3075 sive
276 3012 315 3075 ad
341 3019 461 3092 partem
486 3014 555 3091 ejus
581 3018 690 3075 eontra
714 3034 745 3075 se
770 3012 953 3087 directam,”
979 3013 1024 3076 ita
1048 3017 1085 3074 ut
1111 3012 1279 3077 Celebrans

189 3105 395 3185 Evangelium
422 3106 525 3184 legens
549 3112 670 3186 partem
695 3106 832 3185 aliquam
857 3107 904 3167 sui
931 3105 1037 3167 vultus
1060 3106 1100 3168 ad
1124 3106 1280 3188 populum

187 3219 365 3261 conversam
382 3199 502 3260 babeat.

231 3296 258 3352 2.
282 3293 416 3353 “locato
446 3292 576 3366 blissali,
606 3293 772 3354 (blobmns
800 3293 883 3356 redit
910 3294 949 3354 ad
977 3293 1119 3355 medium
1146 3295 1279 3371 Altaria,

188 3387 291 3465 ibique
316 3391 402 3447 stans
426 3387 545 3463 junctis
569 3386 714 3446 titanibus
739 3392 811 3447 ante
836 3385 975 3466 peetus‚’'
1000 3408 1064 3448 uon
1088 3408 1160 3450 vero
1185 3409 1279 3469 super

187 3480 297 3541 Altare
312 3479 423 3558 positia
440 3479 630 3557 “levatisque
646 3479 685 3540 ad
705 3479 826 3540 Deum''
842 3479 874 3539 id
890 3486 936 3541 ost
952 3479 991 3541 ad
1009 3480 1141 3542 Crucem
1158 3482 1279 3544 “oeulis

187 3578 218 3635 et
240 3573 347 3633 statim
370 3573 522 3645 demissis,
545 3581 611 3633 turn
636 3572 813 3651 prolaude’'
835 3592 962 3651 corpore
984 3573 1177 3645 “inclinatus
1200 3575 1277 3638 dicit

187 3670 320 3728 secreto:
343 3666 466 3728 Mando
490 3689 542 3728 ror
566 3687 679 3733 areum,
704 3669 735 3727 ot
757 3667 840 3729 dude
864 3666 1000 3729 Domine
1029 3665 1109 3746 [non
1134 3667 1273 3749 Domne]

187 3759 575 3830 benedicere-Dominus
602 3760 644 3823 sit
675 3758 709 3821 in
739 3762 829 3823 cordo
859 3782 936 3832 atreo,
966 3766 1002 3823 ut
1032 3760 1066 3822 in
1096 3760 1276 3826 Ordinario.

187 3853 307 3926 Quibus
335 3852 429 3914 dietis
460 3853 544 3914 vadit
575 3854 614 3914 ad
644 3852 760 3913 librum
792 3852 940 3928 Missalis‚
969 3854 1023 3915 ubi
1054 3859 1140 3917 stans
1170 3876 1277 3919 versus

186 3946 287 4020 illurn,
312 3947 431 4024 junctis
456 3947 600 4007 manibus
624 3952 697 4007 ante
722 3952 839 4026 portus,
864 3947 943 4008 divit
967 3948 1162 4028 intelligibili
1187 3971 1276 4012 vore:

185 4039 342 4101 Dominus
362 4039 528 4102 vobiscum.
569 4041 607 4102 R.
628 4041 670 4101 Et
691 4062 761 4101 cura
780 4042 896 4121 spiritu
919 4045 981 4104 tao.
1022 4040 1144 4106 Deinde
1164 4044 1276 4124 pollice

185 4132 312 4196 dextrae
333 4132 475 4206 manus‚''
497 4153 560 4196 non
581 4154 686 4209 ungue
707 4133 758 4195 sed
782 4133 903 4213 palliola
926 4133 1033 4215 pulpa,
1055 4135 1184 4216 reliquis
1206 4159 1276 4200 vero

186 4224 296 4306 digitis
327 4227 463 4289 extensis
493 4227 673 4306 junctisque
706 4227 849 4295 invicem,
882 4228 993 4307 “signo
1026 4229 1137 4291 Cmois
1170 4232 1275 4311 signat

185 4321 287 4399 primo
312 4320 427 4381 librum
451 4340 545 4400 super
568 4321 725 4400 principio
749 4319 923 4398 Evangelii,
948 4321 1030 4400 quod
1055 4328 1100 4385 eat
1127 4323 1275 4401 levturus‚

184 4417 290 4494 postea
310 4414 445 4494 seipsum
467 4415 498 4474 in
520 4414 634 4483 fronte.
654 4435 715 4485 ore,
735 4419 767 4476 et
786 4419 918 4494 pectore,
938 4416 1061 4477 dicens:
1094 4418 1274 4499 Sequentia.

184 4507 230 4571 vel
258 4508 391 4571 lolliam
419 4509 521 4573 soracti
548 4509 713 4588 Evaaqur'i
739 4511 795 4571 etv.
823 4509 859 4570 R.
890 4510 998 4573 Gloria
1025 4509 1083 4573 tibi
1106 4510 1274 4576 Domine.”
