2804 4890
161 684 214 741 DE
231 686 559 742 SIGNIFICATIONE
579 685 666 742 REL.
685 687 1037 743 CAEREMONIARUM
1053 687 1148 744 COM.
1193 676 1253 738 229

163 863 229 924 lum
264 862 342 924 mihi
378 883 442 925 non
476 861 647 926 dedisti.''¹¹
707 862 871 924 “Salutate
906 863 1039 924 invicem
1077 864 1109 925 in
1145 864 1251 928 osculo

162 955 326 1019 sancto.'’¹²
376 956 536 1019 Primitivi
564 956 670 1018 fideles
698 957 731 1017 in
760 957 886 1036 signum
915 958 1105 1020 reverentiae
1132 959 1248 1021 nedum

164 1049 338 1128 Martyrum
359 1048 489 1111 vulnera
509 1049 562 1111 sed
583 1054 614 1111 et
635 1049 824 1128 templorum
846 1048 958 1111 limina
978 1049 1247 1113 deosculabantur.

165 1145 202 1206 In
225 1144 323 1206 Missa
345 1144 512 1206 Celebrans
535 1164 737 1207 conversurus
761 1145 800 1205 ad
823 1144 975 1224 populum
998 1150 1071 1208 ante
1093 1145 1249 1208 Dominus

159 1237 325 1312 uobiscum,
343 1242 411 1314 ete,
429 1238 589 1302 oseulatur
606 1239 715 1301 Altare
733 1238 878 1300 uranibus
896 1259 989 1319 super
1008 1239 1086 1301 illud
1104 1241 1249 1312 extensis,

161 1337 196 1393 ut
208 1334 277 1394 turn
291 1331 348 1393 sibi
364 1334 433 1392 tum
447 1330 517 1394 aliis
529 1331 778 1395 benevolentiam
791 1336 823 1394 et
836 1332 1084 1393 benedictionem
1099 1332 1247 1396 obtineat.

202 1427 229 1487 2.
252 1425 326 1487 Alia
340 1426 446 1487 oscula
459 1425 541 1487 fiunt
555 1428 589 1487 in
603 1426 729 1505 signum
744 1427 935 1489 reverentiae
949 1446 1022 1506 erga
1037 1447 1103 1488 rem
1118 1447 1248 1501 sacram,

161 1520 206 1582 rel
224 1519 451 1596 Celebrantem,
468 1520 521 1599 qui
539 1539 702 1600 personam
720 1519 839 1582 Christi
858 1525 1087 1600 repraesentat3
1103 1521 1248 1583 minister

160 1613 317 1676 oseulatur
336 1634 466 1675 manum
487 1614 690 1689 Celebrantis,
711 1616 784 1694 quia
803 1634 915 1676 manus
934 1618 981 1676 est
1001 1615 1175 1694 symbolum
1195 1634 1247 1695 po·

159 1704 291 1782 testatis,
315 1706 530 1787 protectionis,
555 1705 677 1780 auxilii,
703 1706 938 1768 benedictionis.
983 1705 1083 1769 “Erat
1107 1706 1248 1768 osculum

159 1821 221 1863 non
236 1800 332 1862 solius
346 1801 576 1862 communionis
591 1802 643 1863 sed
659 1806 689 1863 et
705 1802 845 1863 omnium
862 1800 1141 1865 ecclesiasticarum
1158 1802 1247 1863 func-

160 1895 282 1957 tionum
299 1895 496 1975 signaculum
514 1899 545 1958 et
562 1896 713 1975 sigillum,
732 1895 813 1975 quod
832 1896 865 1956 in
882 1896 1027 1957 omnibus
1045 1897 1248 1957 sacramentis

159 1989 298 2053 adbiberi
317 1988 493 2052 solebat.''¹³

200 2087 227 2144 3.
250 2083 401 2146 Diuersus
416 2084 499 2146 uocis
516 2087 607 2146 tonus
629 2084 739 2161 (etiam
756 2085 790 2146 in
805 2083 949 2147 omnibus
964 2084 1121 2164 Liturgiis
1137 2084 1247 2146 Orien·

159 2177 290 2255 talibus)
314 2178 352 2241 ab
373 2178 511 2241 Ecclesia
531 2178 764 2258 praescribitur,
784 2180 820 2240 ut
839 2178 980 2239 “mentes
1001 2177 1143 2240 fidelium
1163 2178 1247 2240 hisce

158 2271 358 2333 adminiculis
382 2272 587 2335 exterioribus
611 2271 650 2333 ad
675 2293 780 2333 rerum
804 2272 982 2333 divinarum
1009 2271 1246 2332 meditationem

158 2365 402 2441 sustollantur;''
422 2370 453 2429 et
472 2366 529 2428 “Si
549 2367 618 2445 quis
638 2366 764 2440 dixerit,
784 2366 940 2428 Ecclesiae
961 2367 1117 2429 Romanae
1138 2366 1246 2437 ritum,

158 2480 217 2539 quo
235 2459 387 2521 submissa
405 2481 475 2522 voce
493 2480 565 2540 pars
584 2459 730 2533 Canonis‚
748 2465 779 2523 et
798 2459 889 2521 verim
907 2459 1158 2521 Consecrationis
1177 2479 1246 2538 pro·

158 2555 315 2630 feruntur,
335 2553 550 2615 ‹laninandum
571 2574 653 2630 esse;
673 2561 727 2617 aut
748 2553 858 2634 lingua
878 2559 1005 2616 tantum
1025 2551 1148 2632 vulgari
1170 2552 1245 2613 Mis·

158 2668 222 2710 sam
242 2649 390 2710 celebrari
409 2647 518 2710 debere
543 2695 550 2709 .
582 2696 589 2709 .
621 2696 628 2708 .
653 2649 819 2709 anathema
838 2646 938 2709 sit.''¹⁴

199 2746 227 2803 4.
250 2742 399 2805 Rationes
426 2742 523 2821 hujus
554 2741 745 2804 diversitatis
774 2742 808 2803 in
838 2742 920 2803 vocis
949 2744 1023 2803 tono
1053 2745 1145 2803 sunt:
1178 2740 1246 2804 Vox

156 2840 274 2899 secretu

205 2931 254 3009 (a)
282 2929 392 2992 Animi
423 2930 672 2993 recollectionem
702 2935 734 2994 et
765 2931 971 2992 reverentiam
1003 2929 1123 2991 indicat
1153 2932 1246 3009 atque

156 3025 264 3103 juvat;

203 3118 254 3197 (b)
284 3117 449 3179 Profunda
475 3117 624 3196 mysteria
650 3116 707 3179 hoe
734 3121 873 3196 tempore
900 3116 1006 3198 peragi
1036 3115 1143 3178 innuit
1152 3136 1160 3191 ;
1188 3118 1242 3178 aut

155 3211 250 3274 etiam
279 3211 456 3286 adhibetur,
486 3231 525 3273 ne
555 3216 750 3273 sacrosancta
779 3209 872 3271 verba
900 3209 1080 3290 saepissime
1111 3209 1244 3289 repetita

157 3307 305 3370 vilescant
314 3327 322 3381 ;

203 3401 252 3480 (c)
280 3401 327 3462 Ob
344 3401 491 3480 mysticas
508 3400 654 3475 rationes,
672 3401 745 3482 quia
762 3399 934 3463 “Sacerdos
950 3399 985 3460 in
1002 3397 1107 3460 Altari
1125 3417 1245 3478 reprae-

155 3498 259 3556 sentat
278 3493 377 3574 ipsius
398 3492 516 3555 Christi
537 3512 711 3572 personam,
732 3492 785 3571 qui
806 3491 913 3554 eodem
933 3489 1026 3554 modo
1047 3491 1081 3550 in
1101 3490 1193 3553 horto
1213 3491 1245 3552 et

156 3590 339 3669 praesertim
363 3588 396 3649 in
421 3588 520 3649 Cruec
543 3587 648 3648 orabat
659 3586 717 3663 ;''²⁶
741 3586 799 3662 vel,
822 3591 859 3648 ut
881 3586 927 3647 ait
952 3585 984 3648 S.
1009 3586 1155 3658 Thomas,
1179 3586 1244 3647 “se-

155 3688 238 3746 erete
253 3682 358 3764 aliqua
377 3682 526 3744 Sacerdos
542 3682 621 3744 dicit
637 3681 671 3743 in
687 3683 823 3762 signum,
840 3679 922 3760 quod
939 3680 1022 3741 eirca
1039 3679 1157 3741 Christi
1176 3698 1244 3759 pas·

156 3778 284 3853 sionem,
308 3777 454 3859 discipuli
479 3776 628 3841 nonnisi
653 3775 772 3839 occulte
796 3774 1025 3837 confitebantur
1050 3771 1244 3835 Christum.’'

197 3876 225 3935 5.
251 3872 319 3936 Vos
340 3873 405 3934 olto
428 3871 594 3935 adhibetur
617 3870 656 3934 ad
679 3869 902 3950 alloquendum
926 3867 1089 3948 populum,
1112 3866 1152 3930 ad
1175 3886 1243 3946 pre·

154 3966 291 4029 eandum
316 3988 388 4029 eum
415 3966 547 4046 populo:
574 3965 619 4028 rel
648 3965 686 4026 ad
713 3961 954 4041 glorificaudum
983 3961 1095 4037 Deum,
1121 3965 1177 4023 aut
1203 3960 1243 4022 ad

154 4062 412 4124 vehementiorem
435 4061 582 4122 affectum
602 4057 850 4138 exprimendum.

189 4237 211 4267 ¹¹
232 4230 296 4279 que.
314 4229 338 4289 7,
355 4230 396 4278 45.
761 4231 785 4262 ¹⁴
805 4223 884 4273 Cone.
903 4222 978 4272 Trid.
996 4236 1061 4274 aeas.
1080 4222 1122 4285 22,
1140 4236 1198 4273 ean.
1218 4221 1235 4272 9

189 4313 212 4343 ¹¹
234 4306 320 4370 Epist.
341 4304 367 4353 S.
386 4304 466 4354 Pauli
485 4303 601 4368 saepius.
760 4306 785 4338 ¹⁵
805 4299 910 4363 Quarti,

189 4388 213 4421 ¹³
232 4383 317 4434 Bona
