2804 4890
155 637 216 700 218
262 648 479 705 LITURGIAE
503 650 655 704 SAORAE
681 650 895 705 EXPOSITIO
920 648 1148 706 HISTORIOA.

202 824 230 884 2.
255 821 344 896 Qrtod
363 822 488 902 quidem
509 824 540 883 in
561 822 689 884 Oriente
707 821 872 902 praecipue
892 823 922 883 S.
944 822 1080 885 Basilius
1104 823 1147 902 (a.
1168 825 1249 883 330-

160 917 237 994 379)
264 921 296 978 et
318 916 349 977 S.
371 916 510 977 Joanucs
532 917 771 994 Olrrysostomus
798 922 842 994 ta.
866 919 1025 993 tatastat)
1054 917 1205 978 fecerunt.

200 1009 240 1070 In
256 1010 425 1072 Occidente
439 1010 560 1089 primus
577 1009 608 1071 S.
627 1009 778 1070 Damasus
794 1009 879 1089 Papa
899 1011 953 1088 (†
971 1012 1048 1084 384)
1070 1009 1247 1089 iriturgiam

160 1103 343 1180 Romanam,
359 1104 390 1165 S.
405 1104 590 1166 Ambrosius
609 1107 663 1181 Η-
680 1106 757 1181 379)
778 1104 953 1182 Litargiam
969 1124 1026 1183 pro
1040 1103 1178 1166 Ecclesia
1193 1124 1249 1164 sua

160 1197 338 1259 Mediolana
359 1198 551 1259 modificavit.
577 1197 740 1275 (Litargia
762 1196 1000 1276 ambrosiana).

200 1295 229 1354 3.
253 1292 293 1352 In
311 1291 459 1372 Liturgia
478 1293 617 1354 >ttorrtana
636 1292 882 1353 abbreviationes
900 1297 931 1354 et
951 1292 1151 1365 mutationes,
1170 1297 1247 1352 tem-

158 1406 232 1465 pore
247 1386 279 1447 S.
297 1385 423 1447 Damasi
439 1390 575 1466 coeptae,
591 1393 729 1465 tempore
747 1387 777 1446 S.
796 1387 939 1464 Gregorii
956 1386 999 1448 M.
1021 1391 1063 1463 (a.
1081 1388 1241 1462 590-604)

158 1480 328 1559 completae
352 1485 436 1554 stant,
460 1480 596 1559 exeeptis
620 1479 727 1559 paucis
751 1479 986 1555 additamentis
1010 1500 1088 1558 quae
1112 1501 1129 1540 a
1156 1481 1247 1540 Sum-

159 1574 218 1633 mis
233 1573 440 1634 Pontificibus
455 1577 527 1634 ante
544 1573 574 1634 S.
592 1572 774 1648 Damasum,
789 1593 910 1635 necnon
925 1578 995 1653 post
1012 1574 1043 1635 S.
1060 1574 1245 1652 Gregorium

159 1667 275 1728 inserta
301 1670 383 1728 sunt.
429 1666 480 1728 Ita
507 1667 538 1728 S.
566 1667 719 1728 Damasus
745 1667 912 1735 ordinavit,
938 1676 974 1730 ut
1002 1668 1165 1728 Orationes
1190 1688 1246 1747 pro

159 1759 399 1822 Catechumenis
422 1760 653 1834 omitterentur,
678 1761 842 1823 retinendo
866 1761 967 1823 sotum
991 1761 1089 1840 It'yrie
1113 1763 1248 1834 eleison,-

156 1859 194 1917 ut
214 1855 280 1916 loeo
302 1856 445 1918 Litaniae
468 1855 600 1917 Diaconi
628 1857 671 1936 (v.
694 1877 726 1918 n.
750 1860 820 1932 117,
839 1856 912 1918 adn.
934 1857 971 1936 3)
997 1856 1106 1926 diebus
1129 1858 1251 1919 festivis

158 1945 295 2008 Collecta
325 1946 423 2006 brevis
452 1947 617 2008 diceretur.
687 1949 915 2009 Praetutioncrn
946 1956 976 2009 ct
1006 1948 1163 2008 Cononem
1195 1948 1245 2007 Li-

158 2042 280 2118 turgiae
296 2042 404 2119 Apost.
422 2041 621 2103 abbreviavit.
656 2042 805 2103 Retinens
822 2042 949 2102 initium
968 2046 999 2102 et
1016 2041 1246 2104 corn-lusionem

159 2133 351 2194 Prefationis
377 2135 509 2197 inseruit
535 2155 633 2214 pauca
657 2136 785 2214 propria
811 2155 867 2214 pro
892 2136 1072 2197 diversitate
1097 2136 1171 2196 anrri
1199 2156 1245 2196 ee-

156 2226 331 2289 clesiastici.
377 2228 481 2301 Quum
499 2228 611 2290 exinde
627 2249 778 2290 numerus
797 2228 1033 2291 Praefationum
1054 2236 1123 2308 post
1143 2230 1245 2309 ipsum

156 2321 252 2382 nimis
268 2326 436 2400 augeretur
456 2324 512 2400 (46
530 2322 746 2384 Praefationes
762 2323 795 2383 iu
814 2322 1064 2385 Sacramentario
1081 2322 1245 2385 Getasiauo

156 2417 392 2493 eontinentur),
419 2416 450 2477 S.
477 2417 646 2495 Gregorius
671 2415 777 2478 decern
803 2420 927 2477 tantum
954 2417 1097 2490 retinuit,
1122 2416 1245 2477 casalem

156 2529 244 2588 quae,
271 2510 365 2570 simul
392 2530 463 2570 cum
493 2509 691 2570 Praefatione
720 2510 755 2571 B.
784 2509 828 2571 M.
857 2510 907 2583 V„
935 2510 1036 2570 adime
1063 2510 1094 2570 in
1124 2509 1245 2571 Missati

159 2603 297 2665 Romano
317 2605 528 2665 eontinentur.

196 2701 225 2760 4.
249 2697 287 2758 In
306 2697 432 2760 Oenone
447 2698 622 2777 gratiarum
637 2699 719 2761 actio
734 2719 791 2779 pro
806 2698 972 2774 creatione,
988 2702 1045 2762 ete.
1062 2699 1176 2761 omissa
1192 2705 1247 2770 est,

156 2794 186 2850 ct
204 2789 360 2851 orationes
379 2790 529 2868 quaedam
549 2794 621 2850 ante
640 2790 910 2851 Consecrationern
933 2790 1149 2851 inscrebantur
1168 2810 1244 2869 (lirae

156 2883 244 2960 prius
263 2887 334 2961 post
354 2902 419 2944 earn
445 2882 665 2957 recitabantur,
687 2903 712 2944 c.
733 2903 762 2963 g.
784 2884 943 2947 Memento
964 2903 1021 2964 pro
1041 2883 1131 2958 vivis,
1151 2885 1244 2945 Horrc

158 2976 265 3053 ipitnr,
288 2976 388 3052 Quaen
410 2976 607 3040 oblationem.

199 3068 274 3130 Post
290 3070 320 3128 S.
339 3069 508 3129 Damasum
526 3069 727 3130 Orationibus
744 3069 881 3132 Oanonis
897 3072 1012 3133 inserta
1029 3079 1102 3134 stant
1119 3073 1243 3151 propria

156 3182 212 3241 pro
227 3163 407 3224 diversitate
424 3163 583 3242 temporis,
599 3183 676 3242 ‹prrac
695 3165 725 3223 S.
743 3164 912 3242 Gregorius
928 3165 967 3225 ad
984 3165 1168 3226 hodiernum
1187 3186 1243 3225 rru-

156 3276 276 3316 merum
300 3256 435 3328 reduxit,
460 3277 570 3335 nempe
594 3257 730 3335 (parique
754 3259 880 3336 propria
905 3258 1188 3327 Cornnnmicuntcs.
1213 3264 1242 3320 et

156 3351 218 3412 tria
238 3351 363 3430 propria
384 3351 475 3411 Itone
495 3353 594 3429 ipitnr
619 3355 691 3429 (pro
713 3351 873 3423 Pasebatc,
895 3352 1076 3413 Pentecoste
1096 3357 1126 3413 ct
1148 3353 1244 3413 Missa

157 3445 406 3506 Gorrsecrationis
439 3444 617 3524 Episcopi).
693 3445 836 3505 Orationi
869 3446 961 3507 llrrrrc
990 3445 1090 3525 iqitnr
1119 3445 1244 3507 addidit

156 3539 246 3600 verba
267 3539 401 3619 Diesque
424 3543 543 3599 nostros
565 3538 597 3600 in
621 3544 673 3599 tero
693 3561 767 3619 proce
789 3539 944 3618 ‹tispionoc
990 3538 1131 3601 Dievatio
1152 3539 1243 3599 fiebat

156 3633 188 3692 iu
206 3632 267 3694 fine
284 3632 420 3693 Cononis
436 3632 475 3692 ad
493 3632 584 3692 verba
600 3632 702 3694 oraretis
719 3633 818 3693 irorror
834 3636 862 3692 ct
879 3632 988 3710 picria.

198 3725 273 3788 Post
289 3726 320 3787 S.
336 3725 523 3805 Gregorium
538 3744 635 3804 usque
650 3724 689 3786 ad
704 3724 788 3786 diem
803 3725 988 3787 hodiernum
1005 3726 1113 3789 Oanou
1129 3727 1243 3787 immu-

154 3825 239 3882 tatus
260 3821 419 3882 remansit.

197 3918 224 3973 5.
249 3913 356 3987 Quoad
375 3913 509 3992 reliquas
527 3912 641 3974 Missae
657 3916 778 3992 partes:
796 3911 844 3973 Ad
864 3912 1036 3975 introitum
1054 3934 1107 3975 seu
1125 3914 1242 3994 ingres·

155 4027 222 4067 sum
246 4008 413 4069 soleinnem
438 4006 632 4067 Celebrantis
653 4011 685 4068 et
707 4006 789 4067 Oleri
813 4006 850 4068 ad
874 4006 984 4070 Altare
1007 4008 1149 4068 Psaimus
1171 4029 1241 4069 cum

156 4101 335 4180 :tntiphona
357 4100 534 4160 canebatur.
583 4099 725 4162 Diversos
746 4099 902 4161 Introitus
923 4105 987 4161 tarn
1008 4105 1128 4162 textum
1149 4122 1242 4181 quam

154 4194 319 4256 melodiam
341 4195 371 4254 S.
391 4193 559 4272 Gregorius
577 4195 752 4256 constituit.

196 4291 224 4351 6.
248 4287 412 4366 vamnn
439 4288 616 4367 angelicum
642 4287 749 4349 Gloria
775 4287 807 4348 S.
835 4287 1041 4365 Symmachus
1068 4290 1154 4369 Papa
1185 4289 1239 4367 Η-

155 4385 231 4457 ate)
250 4382 334 4444 inter
349 4382 446 4460 Ir'yrie
461 4386 491 4444 et
507 4381 675 4443 Colice-tam
693 4381 830 4460 posuisse
844 4381 962 4441 dicitur
971 4402 979 4456 ;
993 4402 1030 4442 ex
1044 4383 1241 4444 ordinatione

156 4479 185 4538 S.
210 4478 352 4555 Gregorii
377 4476 414 4538 ab
439 4476 601 4555 Iipisaopis
622 4474 772 4535 ditandus
794 4478 861 4535 erat
883 4474 992 4535 (licitus
1015 4474 1189 4536 Dominicis
1211 4481 1242 4538 et

156 4572 285 4645 festivis,
305 4594 322 4632 a
347 4571 536 4650 Presbyteris
559 4571 589 4629 in
615 4569 763 4629 Pascbatc
783 4573 917 4629 tanturn.
