2804 4890
151 654 212 722 568
312 664 398 725 APP.
422 663 464 724 ΙΙ.
506 664 559 722 DE
582 661 688 722 ALIIS
712 663 907 724 VESTIBUS
931 661 1086 723 stema.

149 835 282 898 decursu
306 835 456 915 temporis
480 833 708 916 amplificatum
733 833 808 913 fuit,
832 833 931 898 donee
956 832 1089 896 tandem
1113 831 1257 896 formam

148 928 249 1009 clypei
269 929 481 1009 assumpserit.

191 1024 220 1082 5.
243 1020 386 1084 Pluviale
412 1023 504 1102 juxta
530 1019 669 1083 rubricas
694 1019 854 1102 generales
880 1019 1032 1083 Missalis⁸
1060 1018 1255 1082 adhibetur:

151 1117 178 1175 1.
205 1114 240 1175 in
264 1112 536 1190 Processionibus3
564 1116 592 1174 2.
621 1115 654 1175 in
683 1112 970 1190 Benedictionibus,
996 1132 1077 1194 quae
1104 1113 1194 1176 fiunt
1222 1115 1256 1175 in

150 1206 254 1283 altari,
280 1207 329 1268 uti
354 1205 506 1283 cinerum,
531 1205 709 1287 palmarum
734 1215 801 1282 ete;
827 1208 856 1267 3.
884 1205 919 1267 in
944 1205 1127 1286 aspersione
1152 1224 1256 1287 aquae

150 1299 347 1375 benedictae;
372 1303 401 1362 4.
427 1298 467 1360 ad
491 1299 719 1361 absolutionem
742 1302 812 1380 post
837 1299 969 1361 Missam
995 1297 1256 1374 Defunctorum;

152 1397 180 1456 5.
213 1393 246 1453 in
278 1391 386 1454 Officio
416 1390 561 1453 Laudum
591 1396 622 1456 et
654 1390 875 1471 Vesperarum.
907 1390 1032 1473 quando
1065 1390 1256 1454 solemniter

150 1485 310 1547 dicuntur.

193 1581 221 1641 6.
245 1576 500 1658 Quandocunque
517 1576 697 1641 immediate
713 1582 786 1642 ante
801 1579 848 1642 vel
866 1582 937 1659 post
954 1576 1086 1639 Missam
1106 1574 1256 1638 Pluvialc

150 1671 333 1746 assumitur,
354 1671 494 1734 sacerdos
513 1670 594 1733 Alba
614 1670 759 1733 induitur·
777 1669 863 1732 inira
884 1669 975 1747 iilud,
995 1669 1074 1732 alias
1095 1688 1172 1732 vero
1195 1670 1255 1730 Su-

151 1761 346 1842 perpellieeo.
395 1762 538 1843 Insuper,
567 1762 644 1825 dum
671 1763 776 1826 utitur
804 1761 953 1838 Pluviali‚
982 1761 1115 1843 deponit
1147 1760 1254 1823 Mani-

151 1855 272 1936 pulum.

195 1946 338 2023 Materia,
366 1966 383 2011 e
409 1966 470 2028 qua
499 1947 664 2010 conficitur
692 1945 845 2024 Pluviaie‚
873 1950 923 2011 eat
948 1946 1055 2010 eadem
1095 1965 1133 2010 ae
1162 1966 1254 2029 prae·

151 2039 300 2103 scribitur
314 2058 372 2123 pro
388 2039 511 2104 Casula.

596 2257 710 2328 Anu.
740 2257 792 2330 II.

396 2440 446 2491 DE
466 2440 689 2491 DALMATICA
707 2442 755 2490 ΕΤ
775 2439 1000 2493 TUNICELLA.

195 2611 265 2674 345.
289 2611 466 2674 Dalmatica
496 2617 527 2675 et
559 2611 723 2674 Tunieella
754 2616 829 2674 sunt
858 2615 957 2675 vestes
989 2629 1104 2689 sacrae,
1135 2613 1253 2692 quibus

153 2705 332 2768 induuntur
349 2704 506 2767 Diaconos
522 2710 553 2767 et
571 2704 787 2766 Subdiaconus
804 2707 836 2766 in
854 2705 950 2768 Missa
967 2703 1112 2767 sollemni
1128 2709 1163 2768 et
1180 2706 1253 2767 aliis

153 2798 283 2859 diversis
312 2797 537 2865 functionibus,
565 2817 642 2876 quae
669 2796 862 2858 sollemniter
888 2799 908 2858 i.
936 2820 962 2861 e.
991 2816 1064 2858 cum
1092 2797 1253 2859 ministris

154 2893 357 2971 peraguntur.
400 2889 541 2968 Utraque
564 2890 656 2950 vestis
676 2890 826 2968 exprimit
847 2890 1000 2951 laetitiam
1019 2893 1052 2954 et
1091 2908 1254 2971 pompam.

155 2983 192 3043 Id
207 2984 282 3043 satis
296 2987 381 3060 patet
396 3002 411 3042 e
426 2983 525 3043 verbis
540 2982 577 3042 nb
594 2983 747 3066 Episcopo
764 2983 889 3044 usitatis
905 2983 936 3043 in
950 2983 1014 3044 ritu
1028 2979 1252 3046 ordinationis.

154 3075 203 3135 Ad
228 3074 460 3135 Subdiaconurn
484 3074 578 3135 dicit:
611 3075 753 3136 “Tunica
776 3074 985 3152 jucunditatis
1008 3080 1038 3137 et
1062 3072 1254 3138 indumento

153 3167 291 3229 laetitiae
316 3166 428 3229 induat
455 3170 485 3229 te
512 3165 698 3228 Dominus.''
744 3167 787 3229 Et
812 3167 850 3228 ad
878 3166 1072 3229 Diaconum:
1108 3166 1253 3229 “Induat

153 3266 184 3323 te
217 3259 371 3320 Dominus
403 3259 587 3321 indumento
618 3259 730 3320 salutis
760 3264 791 3321 et
822 3260 1007 3322 vestimento
1038 3260 1191 3335 laetitiae,
1222 3268 1251 3322 ct

153 3353 320 3414 dalmatica
345 3352 487 3427 justitiae
511 3351 683 3413 circunulct
708 3358 737 3414 te
762 3351 913 3432 seruper.’'

195 3449 224 3507 2.
248 3444 426 3507 Dalmatica
450 3449 496 3506 est
524 3446 616 3505 vestis
643 3445 745 3523 longo,
772 3465 865 3523 super
889 3450 981 3526 caput
1007 3447 1180 3525 assumpta.
1208 3447 1254 3508 ita

154 3544 189 3601 ut
205 3547 278 3601 ante
295 3546 401 3618 pectus
419 3559 514 3617 usquc
531 3538 568 3598 ad
587 3558 689 3614 gerum
706 3537 832 3600 ‹letinut
871 3538 1034 3601 Tunirella
1051 3539 1089 3601 ab
1105 3560 1141 3602 ea
1159 3538 1254 3600 hodic

154 3633 205 3693 vix
230 3631 347 3693 differt.
396 3630 469 3692 Sola
494 3630 666 3697 distinctio.
691 3651 768 3710 quae
794 3631 963 3711 aliqnando
989 3634 1120 3712 apparet
1145 3637 1193 3694 est
1221 3632 1252 3692 in

155 3726 295 3795 manicis,
313 3725 418 3803 prouti
435 3725 491 3785 boo
509 3725 541 3783 in
558 3722 733 3785 Dnlrnnticn
752 3728 824 3785 sunt
844 3723 1008 3803 longiores,
1026 3724 1078 3787 sed
1096 3724 1255 3788 breviores

156 3818 188 3879 in
212 3816 392 3891 latitudine,
416 3837 523 3877 verum
549 3816 580 3876 in
605 3815 769 3879 Tunicclla
794 3816 965 3879 strictiores
989 3821 1022 3880 ct
1043 3818 1210 3897 longiores.

197 3913 224 3972 3.
248 3909 424 3971 Dalmatica
448 3931 463 3971 e
488 3909 648 3970 Dalmatia
673 3909 852 3971 introducta
882 3910 983 3987 (unde
1006 3912 1138 3989 nomen)
1170 3912 1254 3974 anti-

154 4003 261 4083 quitus
292 4002 430 4075 (saeculo
454 4002 519 4062 fero
547 4000 609 4072 Il.)
683 4000 758 4062 viris
782 4002 1063 4081 praestantioribus
1089 4009 1254 4085 assumpta

155 4116 219 4156 csse
237 4094 361 4157 videtur
377 4095 413 4155 ad
433 4094 671 4169 significandam
687 4095 902 4156 excellentiam
921 4097 1022 4157 status
1039 4096 1097 4157 sui.
1139 4096 1254 4158 Parsa

156 4188 364 4268 Imperatores
387 4207 454 4248 cam
478 4187 669 4265 nsloptubnnt
693 4192 852 4267 tamquam
875 4187 1131 4250 caeremonialcm
1157 4210 1253 4271 appu·

157 4286 260 4344 ratum
287 4281 320 4341 in
349 4281 413 4341 auis
440 4280 703 4351 coronationibus,
732 4282 783 4360 qui
812 4301 886 4342 usus
914 4280 1016 4342 adhue
1044 4281 1137 4345 hodie
1168 4282 1253 4362 apud

537 4479 615 4528 ³Tit.
637 4479 714 4529 xix.
736 4480 759 4531 3.
