2804 4890
243 676 296 734 DE
318 677 651 737 PRAEPARATIONE
674 681 779 736 ANTE
803 682 961 739 GRADUS
985 682 1163 740 ALTARIS.
1203 673 1261 736 231

174 853 370 935 praeparatio
403 854 554 935 quaedam
591 854 706 935 [Missa
739 855 1056 937 Cateehumenorum]
1093 857 1132 919 ad
1166 855 1260 936 digne

175 948 293 1027 agenda
313 969 359 1024 ea,
379 969 456 1029 quae
477 955 651 1030 sequuntur
677 999 684 1012 .
717 999 724 1012 .
758 1000 765 1012 .
792 951 1024 1031 Consequenter
1043 951 1201 1014 acceditur
1221 951 1261 1013 ad

175 1041 411 1106 celebrationem
443 1044 584 1122 mysterii
618 1044 732 1124 [Missa
762 1044 933 1124 fidelium],
963 1047 1045 1125 quod
1075 1045 1201 1125 quidem
1230 1052 1261 1108 ot

174 1134 305 1198 offertur
345 1140 383 1198 ut
423 1136 611 1198 sacrificium
652 1141 684 1198 et
724 1141 931 1213 consecratur,
972 1142 1004 1201 et
1045 1138 1182 1199 sumitur
1223 1140 1261 1198 ut

174 1234 413 1294 sacramentum.
457 1231 549 1293 L'nde
570 1233 672 1313 primo
694 1231 856 1312 peragitur
878 1234 1012 1305 olrlotio;
1033 1231 1167 1295 seeundo
1190 1254 1261 1296 coa·

173 1322 303 1387 seer-atio
325 1323 446 1390 oblatae
466 1326 633 1401 materiam
656 1326 749 1390 tertio
770 1325 911 1407 eiusdem
932 1326 1135 1409 perceptio.”²
1203 1381 1214 1399 ,

620 1598 734 1669 ART.
759 1599 809 1669 Π.

263 1781 313 1834 na
341 1782 659 1834 rasaraaarroua
688 1784 789 1833 aare
818 1784 966 1835 uranus
994 1784 1163 1837 soranis.

217 1940 285 2003 132.
310 1940 471 2004 Confessio
506 1942 659 2021 generalis
695 1942 872 2022 appellatur
906 1963 924 2004 a
958 1948 1047 2023 parte
1081 1942 1260 2023 principali,

174 2055 284 2115 nempe
296 2055 315 2097 a
329 2034 488 2113 Confiteor
500 2056 570 2096 eum
586 2037 745 2097 versieulis
759 2038 967 2116 sequentibus.
994 2036 1155 2097 Confessio
1171 2057 1261 2115 quae·

175 2129 247 2191 dam
266 2130 419 2209 generalis
440 2129 473 2190 in
496 2130 641 2191 omnibus
662 2129 817 2207 liturgiis
838 2131 1027 2205 eontinetur,
1048 2131 1141 2192 sicuti
1164 2150 1260 2191 saeer-

175 2224 260 2286 ‹lotes
280 2229 311 2287 et
333 2224 507 2303 Prophetae
528 2223 567 2284 I'.
589 2224 625 2283 T.
648 2223 917 2302 depreeationibns
938 2229 970 2286 et
990 2224 1151 2285 sacrifieiis
1174 2223 1260 2285 illam

174 2316 425 2395 praemittebant,
454 2336 479 2378 e.
508 2335 537 2395 g.
567 2315 771 2397 peccavimus,
800 2315 1000 2396 iniquitatem
1028 2315 1172 2398 fecimus.
1216 2313 1260 2376 At

174 2409 249 2472 olim
266 2411 299 2471 in
315 2410 462 2490 Litargia
479 2411 619 2471 Romana
635 2414 718 2471 eorta
736 2410 873 2471 formula
889 2411 1080 2489 praescripta
1096 2430 1160 2471 non
1176 2408 1259 2471 vide·

176 2516 244 2577 tur;
258 2507 354 2569 etiam
369 2506 400 2565 in
416 2506 558 2567 saeristia
572 2505 741 2566 dioelratur.
779 2504 979 2567 Hodiernum
995 2504 1154 2582 Confiteor
1167 2505 1261 2585 origi·

175 2620 246 2661 nem
273 2620 310 2662 ex
338 2599 459 2662 saeculo
488 2598 586 2660 XIII.
616 2599 712 2660 (lusit.
765 2599 846 2660 Sane
875 2599 1019 2661 convenit
1046 2604 1082 2660 ut
1112 2598 1261 2662 Sacerdos

174 2694 334 2756 oblaturus
354 2693 572 2755 “tremendum
595 2693 812 2755 Sarrilieiuni''
837 2693 889 2771 (Ο.
911 2693 1016 2773 Tria.)
1041 2692 1209 2773 indignum
1229 2713 1261 2754 se

175 2808 341 2868 agnoscens
361 2793 433 2850 ante
455 2787 598 2848 infimum
620 2788 752 2866 gradum
773 2787 887 2848 humili
907 2808 996 2868 preee
1017 2791 1048 2849 et
1068 2787 1261 2850 confessione

174 2887 371 2962 peecatorum
397 2882 456 2943 Dei
483 2882 707 2961 omnipotentis
734 2881 928 2958 adjutorium
958 2885 988 2943 et
1014 2880 1261 2944 misericordiam

176 2976 329 3056 imploret.

216 3074 243 3130 2.
267 3069 307 3132 In
337 3091 397 3152 qua
424 3071 616 3133 confessione
645 3070 781 3150 generali
813 3072 893 3131 rilus
923 3076 1070 3132 externus
1101 3068 1261 3149 aptissime

174 3186 298 3228 sensum
315 3166 571 3246 poenitentialem
590 3165 748 3243 exprimit,
768 3185 862 3243 aarum
885 3164 1033 3226 Saeerdos
1051 3169 1140 3244 gestu
1160 3163 1262 3225 dieere

174 3259 332 3323 rideatur:
357 3259 441 3320 “Oro
465 3258 595 3339 supplex
624 3259 783 3337 [sirenibus
807 3257 941 3337 juna-tis]
969 3263 1001 3320 et
1024 3257 1152 3319 acclinis
1181 3256 1261 3336 [eor-

173 3373 246 3434 pore
261 3352 419 3434 profunde
435 3352 635 3430 ineliaatns],
654 3374 706 3412 ear
722 3354 893 3413 eontritum
911 3351 997 3432 quasi
1015 3350 1115 3413 einis''
1138 3350 1261 3430 [peetus

175 3447 420 3527 perentiendo].¹

215 3546 243 3605 3.
267 3543 432 3623 Tanquam
452 3542 644 3604 introduetio
665 3543 702 3602 ad
725 3543 815 3602 islam
838 3541 1062 3603 eoniessioaem
1084 3540 1260 3618 generalem

173 3657 293 3700 necnon
309 3637 496 3715 generaliter
512 3636 550 3698 ad
570 3636 683 3696 Missae
700 3636 886 3697 suerisniam
906 3635 1122 3714 praemittitur
1140 3634 1190 3694 Pa.
1210 3636 1259 3696 42.

169 3730 296 3803 ,Iadica
313 3752 384 3792 curn
402 3731 585 3810 antiphona,
604 3729 744 3789 latroilro
762 3729 803 3789 orl
820 3729 928 3789 altare
946 3724 1016 3790 Dei.
1056 3727 1124 3800 Quo
1142 3727 1261 3807 psalmo

173 3824 267 3886 simul
294 3844 366 3886 eum
393 3823 545 3884 desiderio
572 3827 604 3885 et
631 3822 744 3882 fidueia
773 3820 960 3901 imploratur
986 3820 1089 3898 gratia
1123 3818 1259 3896 (llaiitte

174 3917 274 3979 locem
300 3922 385 3979 taam
416 3964 423 3977 .
460 3964 467 3977 .
497 3915 530 3976 ia
557 3915 755 3976 tabernacula
779 3915 863 3991 tera).
908 3911 987 3973 Inde
1010 3931 1028 3972 a
1052 3910 1173 3972 saeculo
1198 3909 1257 3971 XI.

172 4011 296 4073 ridetur
315 4013 473 4073 recitatus.
1261 4078 1267 4092 ,

215 4110 242 4167 4.
266 4105 445 4168 Aseendeas
469 4105 585 4183 aradus
611 4105 759 4166 Saeenlos
785 4104 885 4164 adhue
910 4107 1107 4182 peecatorum
1132 4121 1259 4161 suorum

169 4201 291 4262 reniam
309 4201 399 4281 petit,
417 4204 454 4261 ut
472 4200 510 4260 ad
531 4198 649 4272 altare,
666 4199 705 4258 aa
724 4200 1036 4258 sanctasanctorum
1057 4194 1145 4275 paria
1165 4214 1259 4256 mere·

171 4296 246 4355 atur
267 4291 423 4354 meatibus
443 4290 584 4352 introire.
634 4291 689 4367 (In
712 4290 750 4349 I'.
774 4290 809 4348 T.
833 4308 973 4348 sannaus
996 4288 1144 4349 Saeerdos
1166 4286 1260 4349 semel

171 4391 297 4450 tanturn
315 4387 346 4447 in
365 4407 447 4447 anno
464 4384 546 4448 solus
565 4382 799 4461 ingrediebatur
815 4382 847 4441 in
869 4381 982 4442 Sancta
1000 4386 1188 4456 sanctorum,
1205 4379 1259 4441 ubi

276 4534 289 4569 ²
308 4527 335 4579 S.
354 4528 446 4577 Thom.
465 4527 488 4575 3.
506 4540 530 4589 q.
548 4525 589 4574 83.
607 4538 632 4585 a,
649 4524 673 4574 4.
909 4527 921 4560 ¹
940 4520 985 4570 Ex
1002 4519 1069 4570 Dies
1086 4520 1157 4570 irae.
