2804 4890
187 649 248 713 350
428 657 480 712 DE
504 656 633 714 CULTU
656 656 709 714 SS.
736 657 1049 716 auoflnmsrmu.

189 832 233 891 vel
251 830 356 908 plures
371 829 530 891 intortitia
546 828 682 890 ferentes
700 833 770 908 post
788 827 889 906 illum,
907 829 946 890 ad
963 829 1073 894 Altare
1089 828 1267 910 procedunt
1273 848 1284 906 3

191 921 303 982 deinde
323 924 406 983 retro
426 927 497 1000 post
517 920 733 983 Celebrantern
752 926 783 984 et
803 942 826 982 s.
848 921 1012 984 ltliuistros
1031 919 1187 1000 simulque
1206 940 1281 982 cum

190 1014 254 1078 illis
280 1012 505 1093 genuflectunt.
584 1013 821 1075 'thuriferarius
849 1034 904 1075 suo
931 1020 1071 1095 tempore
1099 1012 1281 1076 Celebranti

191 1107 388 1170 thuribulum
414 1111 500 1168 stans
526 1106 628 1182 offert,
654 1106 826 1169 accedendo
852 1127 870 1168 a
894 1127 992 1170 cornu
1018 1105 1179 1187 Epistolae
1205 1114 1280 1169 ante

190 1199 365 1262 Diaconum
386 1200 432 1261 vel
454 1199 662 1262 Assistentem
691 1200 755 1279 (vel
777 1199 1097 1280 Caeremoniarium),
1119 1201 1171 1262 cui
1192 1200 1282 1264 navi·

190 1294 294 1356 culam
307 1293 451 1374 porrigit.
488 1292 523 1354 Si
537 1312 616 1372 opus
628 1294 681 1369 sit,
695 1293 830 1355 sustinet
844 1292 1002 1354 fimbriam
1014 1292 1173 1373 pluvialis,
1186 1293 1281 1357 affert

190 1387 353 1466 defertque
372 1387 474 1449 velum
493 1392 525 1449 et
541 1385 708 1447 scabellum
726 1384 925 1464 graduatum.

231 1480 408 1542 Incensatio
431 1481 515 1542 infra
537 1479 783 1540 benedictionem
803 1480 887 1541 “non
909 1479 1142 1559 praescribitur,
1162 1483 1195 1543 et
1214 1500 1278 1543 ser-

186 1575 287 1636 vanda
303 1578 349 1636 est
362 1573 554 1637 consuetudo
569 1570 767 1635 locorum.''³²

232 1670 279 1728 11.
303 1667 413 1729 “Licet
430 1666 576 1729 adhibere
594 1665 752 1746 publicam
771 1686 899 1746 precum
919 1666 1135 1730 recitationem
1153 1667 1278 1748 vulgari

188 1780 329 1823 sermone
344 1761 591 1839 conscriptarum
608 1780 711 1822 coram
730 1759 785 1821 SS.
804 1761 1005 1822 Sacramento
1020 1760 1171 1840 exposito,
1186 1760 1278 1823 dum·

185 1855 277 1917 modo
297 1859 411 1935 agatur
430 1854 468 1915 de
488 1852 631 1934 precibus
651 1852 889 1933 approbatis.”³²

230 1948 369 2010 “Utrum
385 1948 476 2010 liceat
489 1948 677 2029 generaliter
692 1953 727 2011 ut
742 1948 854 2011 chorus
867 1949 1060 2010 musicorum
1079 1947 1191 2028 (idest
1205 1967 1278 2010 can·

188 2041 302 2118 tores),
319 2062 421 2105 eoram
441 2042 541 2103 SSrno
560 2042 761 2105 Sacramento
778 2041 959 2103 solemniter
974 2041 1114 2121 exposito
1130 2041 1278 2105 decantet

186 2136 317 2214 hymnos
342 2136 376 2196 in
399 2135 509 2214 lingua
533 2135 721 2197 vernacula?
764 2137 855 2216 Resp.
883 2134 992 2197 Posse:
1017 2134 1188 2197 dummodo
1212 2154 1278 2197 uon

187 2235 300 2308 agatur
319 2228 356 2291 de
377 2229 501 2308 hymnis
523 2230 567 2291 Te
587 2229 689 2290 Deum
710 2234 741 2291 et
761 2229 831 2291 aliis
852 2228 1097 2307 quibuscumque
1116 2228 1277 2308 liturgicis

187 2323 339 2402 precibus,
358 2342 435 2401 quae
454 2321 580 2382 nonnisi
598 2321 697 2383 latina
715 2321 825 2400 lingua
843 2321 1002 2382 decantari
1020 2320 1133 2383 debent
1142 2318 1200 2395 ;''³⁸
1219 2339 1277 2382 nee

187 2415 259 2478 licet
279 2416 338 2476 ista
358 2415 523 2477 decantare
543 2414 628 2476 infra
648 2415 749 2494 ipsam
770 2413 1025 2476 Benedictionem
1044 2417 1114 2494 post
1135 2415 1275 2478 Tantum

187 2530 258 2590 erpo
285 2509 475 2571 inchoatum.

621 2617 735 2687 ΛΒΤ.
761 2617 833 2687 ΙΠ.

184 2775 234 2827 ΒΕ
258 2772 514 2825 BXPOSITIONE
538 2773 585 2823 SS.
609 2772 853 2823 SACRAMENTI
877 2773 949 2823 PRO
972 2772 1164 2825 ORATIONE
1187 2773 1275 2840 QUA-

523 2858 718 2908 DRAGINTA
742 2859 935 2910 HORARUM.

453 3009 490 3070 A.
524 3007 820 3069 Animadversiones
842 3009 998 3085 praevise.

223 3120 292 3183 220.
317 3120 525 3200 Congregntio
547 3120 578 3180 S.
601 3120 700 3179 ltffioii
729 3119 827 3196 (Soet.
847 3120 885 3181 ‹le
906 3119 1050 3201 Indulg.)
1077 3121 1107 3184 d.
1128 3123 1177 3184 22.
1197 3120 1273 3184 Jan.

182 3218 261 3276 1911
282 3234 411 3293 sequens
429 3214 587 3274 decretum
608 3210 726 3273 edidit:

222 3308 301 3368 “SS.
326 3307 362 3368 b.
390 3307 428 3367 N.
453 3306 529 3365 Pius
553 3305 604 3379 X„
626 3305 766 3383 quannis
788 3324 982 3384 summopere
1006 3310 1140 3386 exoptet,
1163 3313 1200 3371 ut
1224 3329 1273 3372 res

186 3402 223 3480 (i.
246 3423 270 3463 e.
295 3400 456 3479 Expositio
479 3404 518 3458 lb
544 3397 718 3474 llorarurn)
745 3396 864 3475 jugiter
887 3398 924 3458 acl
948 3400 1106 3461 tramitem
1129 3398 1271 3461 Clemen-

180 3495 264 3558 tinae
301 3491 523 3553 Instructionis
560 3498 774 3569 componatur,
809 3491 922 3567 majori
957 3495 1060 3552 tamen
1096 3495 1271 3573 prospicere

180 3588 284 3651 volens
300 3586 439 3648 fidelium
459 3585 669 3646 emolumento
686 3592 716 3644 et
733 3583 876 3661 arirpliori
896 3585 1023 3668 cupiens
1041 3585 1218 3647 animarum
1237 3587 1269 3648 in

180 3681 366 3761 Purgatorio
394 3678 575 3758 degentium
606 3674 765 3755 providere
792 3676 941 3753 suffragio
969 3677 1131 3740 decernere
1157 3699 1193 3741 ac
1221 3682 1269 3743 iu-

177 3775 305 3855 dulgere
322 3773 471 3851 dignatus
488 3775 551 3835 est:

220 3868 246 3928 Ι.
271 3866 507 3928 Confirmantur
530 3863 753 3941 indulgentiae,
777 3863 906 3941 quaed.
931 3866 978 3924 26.
1004 3863 1081 3939 Nov.
1107 3867 1186 3925 1816
1210 3886 1267 3945 pro

177 3965 217 4022 40
240 3960 399 4020 llorarum
423 3955 668 4036 expositionibus
692 3955 915 4016 determinatae
937 3961 1021 4031 sunt,
1046 3977 1080 4019 ec
1102 3957 1266 4039 privilegia

176 4053 325 4115 altarium
341 4051 371 4111 cl.
390 4054 436 4110 10.
454 4050 530 4127 blaj.
552 4051 630 4108 1807
646 4065 796 4108 concessa.

219 4145 263 4207 ll.
288 4143 491 4205 Permittitur
525 4146 628 4201 tamen
661 4145 698 4201 ut
730 4139 783 4200 ubi
814 4141 997 4203 exercitium
1031 4147 1071 4203 40
1104 4143 1263 4208 Horarum

175 4238 280 4317 jndice
297 4238 375 4299 ltrno
391 4236 449 4298 loci
465 4234 633 4295 Ordinario
651 4233 716 4293 fieri
733 4240 874 4312 nequeat,
891 4240 982 4313 prout
997 4236 1035 4297 ab
1051 4236 1265 4304 Instructione

212 4352 235 4383 ³¹
257 4346 290 4396 D.
315 4345 390 4394 3108.
416 4344 440 4393 6.
483 4342 568 4391 “'l'be
591 4356 692 4392 censer·
746 4339 846 4390 Cerem.
869 4341 901 4390 ll.
924 4341 951 4391 S.

176 4422 272 4472 bearet
296 4437 358 4484 may
384 4421 488 4470 incensa
512 4421 557 4469 the
582 4419 692 4469 Blessed
781 4423 806 4455 ³²
828 4418 857 4467 l).
875 4419 950 4468 3157.
967 4421 991 4469 8.

177 4500 335 4551 Ssemront
362 4498 427 4548 with
453 4497 529 4546 three
554 4495 692 4560 swings.'’
780 4497 806 4529 ⁸³
825 4491 857 4544 1).
871 4494 912 4544 at.
928 4494 1005 4547 Febr.
1022 4497 1250 4562 1881135313
