2804 4890
151 698 192 760 82
437 711 556 767 RITUS
580 711 728 767 MISSAE
751 712 960 769 Pnivnunn.

193 884 221 942 3.
245 881 425 945 “Collocato
440 883 535 944 calice
552 885 585 945 in
602 873 729 956 Altari‚⁷
746 884 865 947 accedit
881 885 919 947 ad
936 905 1033 949 cornu
1051 878 1243 967 Epistolae‚’'

151 974 296 1037 manibus
310 976 439 1053 junctis,
454 981 485 1038 et
501 977 533 1038 in
551 977 672 1038 incessu
689 978 771 1039 latus
786 998 878 1039 suum
895 980 990 1042 vertit
1004 980 1043 1041 ad
1061 979 1182 1056 Altare,
1199 983 1243 1043 ita

151 1072 188 1131 ut
201 1069 328 1144 directe,
341 1090 403 1131 non
417 1070 600 1146 lateraliter,
615 1071 888 1151 transeat—quod
903 1073 936 1133 in
950 1072 1108 1135 similibus
1121 1095 1243 1155 semper

151 1162 578 1238 observandum,-“Missale
607 1184 700 1244 super
727 1165 851 1226 cussino
879 1166 991 1245 aperit,
1021 1168 1137 1247 reperit
1167 1168 1242 1229 Mis-

151 1276 227 1331 sam,
244 1261 275 1317 et
291 1256 452 1336 signacula
469 1257 533 1318 suis
550 1258 625 1319 locis
642 1258 878 1320 accornrirodat.⁸
923 1259 1044 1322 Deinde
1062 1261 1186 1323 rediens
1203 1263 1242 1324 ad

151 1350 289 1411 medium
307 1350 436 1423 Altaris,
453 1351 536 1413 iacta
551 1352 687 1431 prinium
706 1352 797 1413 Cruci
816 1352 1009 1415 reverentia''
1025 1355 1102 1433 quin
1119 1355 1161 1415 ibi
1179 1375 1242 1416 mo·

151 1450 238 1505 retur
253 1444 291 1505 ad
308 1444 504 1505 formandam
522 1445 636 1506 iterum
653 1445 871 1520 intentionem,
887 1446 967 1508 facie
982 1467 1037 1508 sua
1052 1449 1105 1511 “se
1120 1455 1243 1511 vertens

151 1538 190 1598 ad
206 1557 302 1598 cornu
319 1537 508 1617 Epistolae‚'’
523 1543 554 1599 et
568 1537 732 1618 paululum
749 1559 781 1600 se
796 1539 957 1601 retrahens
971 1540 1011 1601 ad
1025 1559 1123 1601 cornu
1140 1541 1241 1603 Evan-

150 1631 240 1710 gelii⁰
257 1650 296 1691 ne
313 1634 400 1709 terga
418 1630 511 1691 Cruci
530 1636 640 1700 vertat,
658 1631 839 1694 “descendit
856 1636 926 1712 post
943 1632 1090 1695 infimum
1107 1634 1240 1715 gradum

151 1723 281 1798 Altaris,
302 1728 338 1786 ut
359 1724 402 1786 ibi
424 1724 520 1787 iaciat
542 1724 808 1788 Confessionem.''

484 1955 487 1961 ·
588 1915 701 1986 Anu.
729 1916 799 1987 ΙΙΙ.

177 2050 226 2101 nn
255 2051 451 2102 Pnrncrero
479 2050 618 2102 masna
648 2052 694 2100 nr
723 2047 982 2101 concussione
1010 2045 1214 2099 ricinum.

190 2168 239 2230 51.
253 2169 424 2232 “Sacerdos
436 2190 506 2232 curn
520 2170 657 2250 primum
672 2169 865 2232 descenderit
878 2169 934 2231 sub
948 2168 1094 2230 intimum
1107 2165 1241 2248 gradum

151 2263 281 2338 Altaris,
296 2264 449 2326 convertit
464 2285 494 2328 se
508 2264 547 2325 ad
565 2266 666 2344 ipsum
681 2265 800 2337 Altare,
816 2264 868 2325 ubi
884 2268 970 2324 stans
986 2263 1019 2324 in
1035 2260 1137 2324 medio
1152 2262 1240 2339 junc-

151 2357 192 2419 tis
205 2357 348 2418 manibus
362 2364 435 2419 ante
448 2363 555 2438 pectus
574 2357 748 2437 [utsupra]
768 2358 852 2419 facta
865 2357 954 2436 prius
968 2356 1061 2418 Cruci
1076 2355 1123 2417 vel
1137 2354 1240 2417 Alteri

151 2452 309 2531 profunda
330 2451 523 2514 reuerentia'
545 2472 599 2532 per
620 2451 810 2531 profundam
833 2451 970 2531 corporis
992 2449 1242 2522 inclinationem,

151 2545 218 2607 “vel
233 2546 259 2606 si
275 2546 307 2606 in
322 2567 357 2608 eo
371 2546 412 2607 sit
427 2545 662 2606 tabernaculum
678 2544 734 2606 SS.
752 2544 958 2618 sacramenti,
972 2544 1057 2605 facta
1070 2541 1241 2622 genuflexi-

150 2637 229 2701 onc”
246 2640 279 2699 in
296 2640 405 2700 infimo
420 2638 531 2718 gradu,
549 2642 698 2713 “erectus
716 2639 830 2717 incipit
847 2634 1008 2698 Missarn.''

194 2737 221 2794 2.
245 2733 433 2794 “Celebrans
458 2781 464 2793 .
494 2780 501 2792 .
525 2731 698 2811 producens
716 2752 812 2793 manu
830 2731 975 2793 dextrae
992 2730 1097 2791 fronte
1115 2729 1155 2791 ad
1174 2750 1241 2810 pec-

150 2829 202 2887 tus
220 2827 345 2903 signum
364 2827 485 2900 Crucis„
503 2826 581 2887 dicit
601 2824 793 2904 intelligibili
814 2845 901 2886 voce:
920 2825 960 2886 ln
979 2825 1106 2887 nomine
1127 2823 1241 2895 Patria,

152 2923 181 2980 et
201 2919 288 2988 Filii,
309 2924 338 2981 et
359 2920 499 3000 Spiritus
520 2919 638 2980 dorreti.
659 2919 771 2980 Arnen.
816 2917 859 2978 llt
879 2925 1043 2997 postquam
1063 2917 1094 2978 id
1115 2916 1242 2988 dixerit,

152 3034 214 3075 non
233 3012 323 3074 debet
342 3013 501 3075 advertere
520 3032 745 3091 quemcumque
763 3011 797 3072 in
818 3011 879 3072 alio
899 3011 1001 3072 ditari
1023 3010 1241 3083 celebrantem,

150 3107 274 3168 etiarnsi
295 3107 531 3167 Sacramentum
551 3105 657 3180 elevet,
675 3105 728 3166 sed
747 3104 928 3165 continuate
947 3104 1091 3184 prosequi
1112 3103 1241 3166 Missam

151 3220 239 3261 suam
263 3219 359 3279 usque
383 3199 421 3260 ad
447 3199 550 3261 finem.
596 3198 684 3272 Quod
710 3199 785 3259 item
810 3198 990 3260 observatur
1014 3197 1048 3257 in
1073 3196 1171 3259 Missa
1196 3218 1241 3258 so

151 3293 257 3367 lemni,
273 3297 305 3354 et
320 3292 413 3353 simul
431 3292 524 3353 ctiam
541 3314 559 3354 a
577 3290 764 3352 Ministris.’⁷
810 3292 843 3350 Si
862 3296 1019 3352 vernante
1037 3289 1178 3364 Missam,
1195 3290 1240 3352 vel

151 3392 221 3467 poet
238 3407 316 3461 earn,
336 3387 426 3448 finito
446 3386 558 3448 ultimo
580 3385 759 3463 Evangelio,
778 3385 834 3446 fiat
852 3384 982 3446 elevatio
1002 3384 1035 3444 in
1055 3383 1118 3446 alio
1137 3383 1241 3446 Alteri

152 3481 263 3552 cicino,
284 3486 415 3559 utroque
435 3499 518 3558 genu
540 3478 638 3539 flectit
660 3479 693 3538 in
715 3478 823 3539 infimo
845 3477 955 3557 gradu,
977 3477 1074 3541 donec
1097 3477 1138 3538 ibi
1161 3477 1241 3540 calix

151 3574 310 3654 depositus
329 3573 435 3633 fucrit.
483 3572 515 3631 Si
535 3577 639 3632 autern
660 3572 692 3631 in
714 3571 779 3650 ipso
800 3570 901 3631 Altari
924 3570 981 3631 SS.
1002 3570 1239 3632 Sacramentum

150 3691 166 3728 c
187 3668 386 3728 tabernaculo
407 3678 577 3736 moveatur,
598 3687 622 3726 c.
644 3686 684 3743 g,
705 3686 761 3743 pro
778 3664 914 3738 intiz'mo,
937 3663 983 3727 vel
1007 3663 1139 3744 ipsemet
1161 3664 1239 3726 illud

151 3759 296 3839 aperitet
312 3757 457 3838 pyxidem
473 3757 621 3830 extrahit,
636 3755 682 3816 vel
699 3755 797 3817 flectit
814 3761 945 3836 utroque
960 3777 1053 3836 genu,
1070 3756 1162 3819 modo
1179 3778 1239 3818 non

151 3854 190 3915 sit
209 3853 294 3913 inira
311 3854 471 3914 Uarronem
488 3855 542 3910 aut
561 3851 592 3909 in
611 3849 713 3911 modia
731 3850 880 3910 Oratione
898 3850 943 3911 vel
961 3850 1023 3911 elia
1041 3856 1147 3929 parte;
1166 3856 1240 3911 tunc

152 3947 233 4008 enim
256 3946 347 4006 imita
370 3944 518 4006 Oratione
540 3947 598 4004 etc.
620 3941 813 4022 genuflectit.
859 3943 896 4003 ln
920 3943 1005 4004 omni
1029 3950 1133 4005 tamen
1157 3963 1240 4015 casu,

150 4041 243 4101 etiam
268 4039 353 4099 inira
377 4037 547 4112 Canonem,
570 4036 597 4098 si
620 4055 697 4115 opus
721 4036 772 4111 sit,
797 4055 907 4115 parum
932 4056 950 4097 a
973 4034 1075 4097 medio
1100 4036 1240 4098 recedere

150 4136 272 4213 potest.¹

183 4255 257 4306 ⁷Cf.
281 4270 307 4307 u.
329 4257 371 4305 40.
394 4269 417 4306 r.
756 4251 960 4311 ⁹Martinucci,
986 4251 1008 4301 1.
1035 4267 1060 4316 p.
1086 4251 1152 4313 3103
1180 4251 1239 4303 Van

184 4335 290 4397 ⁸Quod
331 4334 436 4396 quidem
477 4331 602 4379 ministro
642 4329 668 4377 in
720 4330 767 4378 der
785 4330 917 4392 Stnppen,
937 4328 991 4378 Ill.
1011 4328 1041 4392 Q.
1063 4328 1121 4380 194.

151 4411 242 4459 Missis
268 4410 383 4474 privatis
410 4422 462 4457 non
490 4406 667 4473 permittitur.
758 4413 763 4442 ¹
787 4406 826 4454 ne
847 4406 944 4468 llcnlt,
965 4405 1003 4457 ll.
1024 4407 1065 4456 35.

149 4486 180 4537 1).
199 4488 273 4538 2572.
292 4489 315 4538 5.
