2804 4890
155 695 209 751 DE
230 697 384 753 ORDINE
406 698 432 751 A
455 699 583 753 CLERO
608 700 650 753 IN
672 700 808 755 CHORO
832 701 1110 757 OBSERVANDO.
1152 693 1212 754 165

120 869 167 927 Ad
181 870 298 928 initium
316 871 424 929 Missae
440 875 543 930 chorus
606 918 950 933 .......
1005 878 1195 945 genuflectit.²

120 953 244 1024 Quando
260 955 417 1011 Celebrans
433 957 562 1012 ascendit
607 1001 951 1016 .......
1004 958 1121 1028 surgit.³

122 1035 246 1106 Quando
265 1035 298 1094 C.
317 1035 406 1106 sedet,
426 1038 513 1094 choro
531 1045 668 1095 cantante
689 1043 788 1096 Gloria
832 1082 840 1096 .
889 1083 896 1096 .
945 1083 952 1096 .
1004 1041 1092 1098 sedet.

122 1117 245 1188 Quando
262 1119 295 1176 C.
311 1119 405 1189 surgit
422 1121 460 1177 ad
478 1121 562 1176 finem
581 1125 681 1178 Gloria
697 1128 774 1178 cant.
830 1166 837 1180 .
886 1165 893 1179 .
942 1165 950 1179 .
1004 1123 1107 1194 surgit.

120 1201 167 1258 Ad
183 1201 350 1274 Epistulam
381 1247 950 1262 ...........
1004 1205 1093 1262 sedet.

120 1283 167 1340 Ad
183 1284 337 1356 Evangelii
352 1292 469 1343 cantum
493 1329 949 1345 .........
1005 1293 1072 1345 stat.

120 1365 244 1438 Quando
259 1367 292 1424 C.
307 1368 385 1425 sedet
401 1368 439 1425 ad
456 1370 624 1439 Symbolum
640 1389 657 1426 a
673 1371 760 1427 choro
782 1374 891 1428 cant..
940 1414 947 1428 .
1003 1369 1105 1428 sedet.⁴

121 1448 244 1521 Quando
259 1450 291 1508 C.
305 1450 400 1521 surgit
414 1450 452 1507 ad
467 1451 552 1507 finem
568 1453 699 1522 Symboli
718 1496 950 1513 .....
1003 1453 1106 1524 surgit.

121 1532 191 1589 Post
210 1535 332 1589 Oramus
383 1577 951 1596 ...........
1003 1537 1091 1594 sedet.

121 1611 244 1684 Quando
258 1613 415 1684 Diaconus,
430 1615 632 1672 incensaturus
646 1618 773 1688 eborum,
788 1619 956 1688 genuflectit
1002 1619 1105 1690 surgit.

120 1696 190 1753 Post
210 1699 338 1755 Sanctus
382 1740 950 1759 ...........
1004 1703 1180 1772 genuflectit.

119 1777 290 1837 Elevatione
309 1779 408 1837 calicis
427 1781 561 1838 absoluta
605 1824 949 1842 .......
1004 1784 1107 1855 surgit.

122 1861 193 1920 Post
216 1860 413 1934 sumptionem
439 1863 493 1920 SS.
519 1863 701 1920 Sacramenti
718 1908 949 1924 .....
1004 1867 1091 1924 sedet.

117 1944 165 2003 Ad
181 1948 325 2005 Dominus
342 1949 489 2005 uobiscum
508 1952 535 2002 et
554 1947 841 2005 Postcommuniones
885 1992 892 2006 .
941 1992 949 2006 .
1004 1953 1072 2005 stat.

116 2027 165 2086 Ad
180 2028 416 2086 Benedictionem
437 2071 949 2089 ..........
1004 2032 1194 2100 genuflectit.⁸

116 2109 165 2168 Ad
181 2109 315 2168 ultimum
333 2109 525 2180 Evangelium
548 2152 949 2170 ........
1001 2118 1069 2170 stat.

161 2282 188 2341 5.
212 2277 334 2341 Chorus
353 2281 461 2339 manet
480 2278 611 2357 genibus
632 2277 720 2340 flexis
740 2277 779 2341 ad
801 2279 965 2344 Orationes
985 2285 1057 2344 ante
1079 2282 1203 2363 Episto-

118 2374 191 2448 lam,
208 2392 226 2434 a
242 2372 378 2435 Sanctus
395 2370 471 2434 cxcl.
489 2391 585 2450 usque
603 2371 642 2432 ad
659 2375 761 2433 toturn
779 2374 846 2434 Pas
862 2374 994 2435 Domini
1010 2380 1040 2437 et
1057 2374 1096 2436 ad
1115 2375 1202 2437 Post·

117 2467 367 2530 communiones:
395 2465 428 2526 in
455 2464 561 2526 Missis
586 2464 624 2526 de
650 2465 767 2544 Requie
793 2471 824 2527 et
849 2467 883 2528 in
909 2466 1014 2529 Missis
1040 2467 1202 2530 ferialibus

114 2563 236 2627 dierum
253 2561 370 2642 jejunii
393 2561 546 2640 (exceptis
564 2560 669 2622 Missis
687 2559 876 2623 solemnibus
895 2562 927 2623 in
946 2564 1062 2643 vigiliis
1082 2564 1203 2626 Nativi-

114 2657 189 2719 tatis
204 2655 344 2731 Domini,
360 2653 522 2717 Pascbstis
538 2658 569 2718 ct
584 2654 792 2730 Pentecostes,
809 2656 842 2716 in
859 2655 962 2717 Coena
978 2657 1108 2719 Domini
1123 2663 1155 2720 et
1170 2659 1203 2720 in

117 2754 251 2830 quatuor
288 2747 481 2828 temporibus
522 2746 729 2822 Pentecostes,
769 2747 842 2827 quia
881 2748 938 2811 hae
975 2748 1089 2811 Missae
1128 2755 1203 2814 sunt

118 2843 278 2922 festivae).

159 2941 186 2999 6.
210 2935 335 3011 Clerici,
349 2936 403 3015 qui
419 2935 450 2996 S.
467 2934 699 2996 Eucharistiam
714 2937 872 3014 sumpturi
888 2940 972 3011 sunt,
986 2936 1203 3016 genuflectunt

116 3031 156 3094 ad
174 3030 333 3110 Confiteor
349 3049 367 3091 a
385 3029 524 3091 Diacono
541 3027 730 3091 faciendum.

159 3128 186 3187 l.
210 3124 331 3186 Chorus
354 3127 513 3202 praeterea
535 3120 742 3200 genuflectit,u
766 3122 890 3200 quando
914 3121 1073 3186 Diaconus
1096 3130 1202 3190 cantat

115 3219 295 3282 Flectomus
320 3235 432 3298 pennu,
458 3214 582 3296 quando
608 3214 642 3275 in
668 3213 811 3294 Epistola
838 3214 885 3278 vel
912 3215 1084 3297 Evangelio
1110 3220 1201 3281 verba

149 3408 161 3440 ²
180 3401 325 3454 Praesnles
340 3405 368 3452 et
385 3399 515 3451 canonici
533 3399 561 3448 in
578 3399 635 3449 suis
683 3397 755 3448 tivit.
768 3397 801 3448 D.
816 3397 850 3449 N.
863 3398 891 3449 J.
905 3398 933 3449 O.
947 3414 979 3451 sc
992 3400 1036 3451 die
1048 3402 1201 3454 Annuntia-

115 3478 245 3529 Eceleaiia
261 3482 345 3529 stant,
682 3473 766 3524 tionis
780 3474 812 3525 B.
828 3474 866 3525 M.
882 3474 915 3526 V.
935 3474 1033 3539 [etiam
1049 3477 1199 3545 translato]

150 3561 162 3594 ⁸
182 3554 211 3605 si
231 3554 378 3606 Celebrsns
396 3556 472 3605 sedet
492 3555 528 3604 ad
548 3553 635 3614 Karia
680 3549 832 3615 Episcopus
849 3565 908 3601 curn
928 3552 1015 3602 Mitra
1032 3553 1105 3618 apud
1123 3569 1200 3606 susm

113 3637 165 3684 otc.
190 3633 287 3683 chorus
311 3632 395 3683 sedet.
437 3631 520 3682 Sedet
544 3631 635 3696 capite
680 3627 770 3677 sedem
788 3632 816 3678 et
835 3627 973 3693 canonici,
991 3645 1023 3680 ac
1041 3645 1132 3682 omnes
1151 3632 1200 3682 alii

113 3712 249 3775 cooperto,
286 3708 339 3760 Sed
358 3712 441 3774 eaput
460 3707 572 3773 quisque
592 3708 634 3758 de·
679 3702 705 3750 in
722 3703 778 3752 suis
792 3703 858 3754 locis
873 3704 1098 3768 genuflectunt.'’
1122 3705 1199 3759 Caer.

113 3787 194 3853 tegit,
224 3787 332 3852 qnando
362 3786 447 3837 verba
477 3789 632 3848 cantantur,
679 3779 729 3844 Ep.
748 3779 787 3830 ΙΙ.
806 3782 830 3843 8,
848 3780 889 3831 53.

112 3878 181 3929 qnae
241 3863 421 3914 reverentiam
482 3861 632 3925 requirunt,
715 3857 889 3908 lPraesnles
907 3863 936 3909 et
954 3858 1082 3911 Canonici
1102 3860 1130 3909 in
1149 3876 1200 3912 sua

111 3941 220 4006 quando
257 3940 293 3992 ab
330 3938 393 3991 aliis
430 3940 567 3989 salutatur
604 3942 632 3989 et
680 3933 802 3985 Ecclesia
821 3938 927 3985 stantes
949 3935 1089 3987 inclinant.

110 4023 258 4083 antequam
277 4020 382 4082 surgat
713 4009 859 4073 ⁶Quando
890 4012 1124 4076 genuflectendum
1156 4018 1198 4065 est

147 4095 293 4160 ⁴Quando
327 4095 364 4144 st
398 4093 557 4144 incarnatus
591 4095 631 4143 est
676 4103 736 4136 cnm
759 4087 853 4152 aliqua
874 4103 958 4151 mora,
982 4089 1102 4140 flectitur
1125 4095 1187 4141 utro

109 4176 248 4235 cantatur,
295 4185 395 4234 omnes,
443 4169 489 4234 qni
536 4170 631 4219 sedent
676 4178 727 4228 qne
751 4179 835 4227 gemm
861 4167 969 4229 qnamlo
993 4165 1087 4216 statim
1111 4167 1196 4231 surgi-

112 4254 197 4315 caput
228 4248 367 4315 profunde
399 4247 547 4306 inclinant;
582 4246 628 4310 qui
676 4245 729 4303 tur,
748 4243 827 4292 unico
846 4257 916 4304 genn
936 4242 1065 4305 flectitur,
1083 4250 1198 4310 excepta

110 4342 174 4376 sero
199 4330 277 4376 stant
303 4330 446 4389 utrumqne
472 4339 543 4388 genu
571 4323 629 4372 tlcc·
676 4319 862 4378 genrrssexlone
894 4333 985 4370 coram
1019 4318 1197 4370 sanctissimo

109 4407 181 4453 tunt.
224 4401 258 4453 D.
285 4403 360 4452 1594.
386 4401 417 4465 23
444 4405 472 4451 et
499 4403 539 4450 15.
565 4399 629 4448 lun.
675 4396 806 4460 exposito.

111 4481 188 4532 1895.
222 4477 284 4530 “Iu
300 4483 379 4529 nocte
394 4493 456 4529 vero
472 4482 499 4528 ct
516 4477 560 4526 die
575 4476 629 4528 Na·
