2804 4890
177 720 231 776 DE
246 722 323 776 OFF
324 721 405 777 1010
422 720 453 776 S.
471 720 755 777 MINISTRORUM
771 720 821 775 ΕΤ
837 719 1171 779 CAEREMONIARII.
1211 712 1268 774 141

352 911 569 956 suumneonus
906 911 1183 957 cneusmoummus

213 1008 240 1063 5.
262 1006 374 1074 Stsndo
390 1005 514 1063 sustinet
529 1005 644 1063 librum.
859 1004 908 1061 Ad
926 1023 1076 1062 scamnum
1095 1001 1128 1063 Cl
1145 1005 1268 1078 deponit

215 1081 271 1140 (lli.
289 1080 387 1154 pergit
403 1081 441 1139 sd
458 1100 607 1139 scamnum
623 1081 674 1139 ubi
692 1079 784 1139 mani·
821 1080 951 1152 pluviale
972 1099 1094 1152 eumque
1115 1081 1268 1154 menipqu

176 1158 278 1230 pulum
313 1157 370 1215 sibi
404 1157 539 1230 imponit.
588 1157 708 1214 Accedit
744 1156 782 1214 ed
821 1162 850 1213 et
863 1157 962 1214 casula
975 1156 1095 1230 induit]

164 1235 288 1306 ¹Altero,
302 1234 369 1292 incl
384 1233 490 1306 choro,
505 1233 554 1306 gil.
568 1241 637 1292 sule
651 1232 777 1306 Altero]

213 1464 254 1522 Se'
278 1462 377 1535 signat
403 1468 432 1520 et
458 1462 625 1534 respondet,
653 1467 735 1519 stans
763 1480 781 1518 e
859 1461 914 1520 Gfl.
936 1462 965 1519 in
989 1463 1081 1520 latere
1103 1462 1265 1536 Epistola,

174 1537 302 1598 sinistris
315 1536 369 1598 0¹⁸.
822 1536 898 1595 faeie
908 1539 946 1595 ed
957 1539 1035 1596 letus
1043 1540 1154 1610 Evsng.
1165 1558 1264 1610 verss3

211 1615 326 1674 Modioe
341 1614 408 1673 incl.
423 1633 524 1672 versus
541 1614 610 1672 ΟΜ.
819 1614 978 1685 respondet
997 1621 1051 1673 ete.
1072 1621 1105 1673 ut
1125 1615 1266 1674 Ministri.

211 1691 252 1825 gt
271 1692 308 1825 Β.
856 1689 1011 1749 Profunde
1023 1691 1091 1748 incl.
1105 1698 1169 1762 ete,
1182 1698 1215 1750 ut
1229 1692 1265 1749 D.

211 1844 252 1902 Ut
271 1844 308 1902 D.

210 1919 251 1978 Ut
270 1919 307 1978 D.

209 2075 237 2131 2.
255 2073 397 2131 Ascendit
416 2080 470 2130 eto.
490 2078 523 2129 ut
543 2072 579 2129 D.
599 2091 657 2130 non
679 2071 728 2142 gfl.
748 2070 778 2127 in
857 2069 969 2141 Surgit.

172 2149 370 2222 suppedaneo.
857 2146 1000 2205 Asoendit
1037 2165 1101 2205 eum
1138 2146 1265 2207 thurife-

819 2224 899 2282 rerio
921 2242 975 2296 per
996 2225 1106 2295 gradus
1128 2225 1265 2284 laterales

818 2306 847 2360 et
880 2300 1043 2359 naviculam
1077 2300 1122 2359 D⁰
1156 2303 1263 2373 tradit;

213 2380 239 2438 ³.
260 2379 326 2438 stat
348 2378 483 2437 menibus
505 2377 625 2449 junctis,
648 2377 686 2434 ad
709 2375 779 2435 sini·
818 2379 904 2436 thure
934 2378 1086 2438 benedicto
1117 2379 1265 2437 deseendit

171 2464 265 2515 strum
283 2455 348 2515 tere
366 2456 444 2515 letus
463 2451 509 2512 Οἱ·
528 2461 556 2513 et
575 2455 722 2512 tantillum
742 2454 780 2512 sd
818 2454 849 2512 in
883 2455 1005 2527 plenum
1039 2473 1140 2512 versus
1174 2473 1264 2513 oornu

172 2532 276 2591 Altero
300 2548 464 2591 eonversus.
818 2531 979 2603 Epistolae.
1019 2531 1159 2590 Removet
1193 2531 1265 2588 Mis-

817 2608 886 2676 sele,
906 2608 976 2665 dum
996 2606 1029 2666 C.
1049 2608 1103 2666 hoe
1122 2607 1201 2664 lutus
1220 2607 1265 2664 in·

817 2688 926 2742 censet.

205 3222 233 3280 4.
254 3219 421 3280 comitetur
464 3218 525 3276 cem
569 3220 776 3290 inclementem,

168 3299 324 3357 sustollens
346 3295 536 3370 posteriorem
558 3302 672 3366 punem
694 3313 776 3351 resu-

169 3375 223 3444 lse,
234 3374 286 3444 gl.
296 3373 414 3446 qnando
427 3373 460 3429 (ἲ
474 3372 522 3441 gu.
535 3371 581 3428 vel
594 3371 670 3439 incl,
682 3370 776 3427 alters

169 3468 256 3508 manu
271 3450 309 3508 sd
326 3454 428 3522 peetus
444 3447 549 3519 posite.

209 3528 236 3584 5.
256 3525 414 3583 Descendit
436 3543 501 3581 oum
524 3522 568 3580 D⁰
594 3529 623 3580 et
645 3523 684 3580 sd
706 3521 777 3579 sini·

169 3611 261 3663 strum
279 3603 346 3676 ejus
364 3600 515 3676 profunde
532 3601 598 3659 incl.
619 3597 660 3658 Οἱ.
855 3598 922 3656 Stet
954 3602 1033 3655 retro
1065 3601 1134 3671 post
1165 3596 1212 3664 D.,
1245 3614 1263 3653 s

816 3675 927 3732 dextris
965 3671 1159 3742 thuriferarii,
1194 3671 1261 3729 inel.

815 3770 880 3808 eum
896 3769 918 3808 s.
934 3749 1089 3807 Ministris.
