2804 4890
182 697 242 761 214
288 704 505 763 LITURGIAE
527 703 680 759 SAORAE
703 703 918 759 EXPOSITIO
939 705 1169 767 HISTORIGA.

185 871 305 935 altatur
329 870 413 934 Deus
438 875 566 952 propter
589 892 659 934 suas
683 871 891 953 perfectiones
914 872 949 934 in
974 892 1015 948 se,
1039 877 1168 953 propter
1192 893 1274 935 crea·

184 966 313 1040 tionem,
337 970 466 1046 propter
490 965 706 1028 liberationem
731 966 948 1029 Israelitarum
974 987 1010 1028 ex
1035 966 1218 1045 captivitate
1243 972 1274 1027 et

184 1058 451 1122 introductionem
467 1060 574 1139 populi
591 1061 640 1121 sui
656 1060 689 1120 in
705 1065 819 1122 terram
836 1060 1021 1139 promissam
1037 1063 1130 1139 atque
1146 1067 1274 1140 propter

184 1152 431 1234 redemptionem
446 1153 484 1214 ab
500 1153 647 1215 inimicis.
692 1153 743 1216 Ita
759 1153 858 1233 igitur
873 1151 1030 1217 Dominus
1043 1152 1161 1216 orarit:

182 1361 208 1416 2.
227 1361 296 1416 Chr.
317 1357 502 1416 Confitemini
520 1357 655 1428 Domino,
674 1358 811 1431 quoniam
830 1360 938 1417 bonus:

182 1447 289 1516 Apost.
310 1443 453 1514 Quoniam
472 1443 502 1499 iu
520 1449 670 1501 aeternum
689 1443 887 1501 misericordia
906 1444 980 1516 ejus.

182 1532 251 1585 Chr.
268 1527 454 1586 Confitemini
468 1530 530 1587 Deo
545 1528 673 1586 deorum.

183 1617 289 1684 Apoat.
307 1612 451 1683 Quoniam
466 1613 496 1670 iu
513 1619 663 1671 aeternum
680 1613 879 1672 misericordia
895 1616 960 1685 ejus
982 1616 1078 1686 (etc).

184 1701 252 1754 Chr.
272 1699 313 1768 (v.
328 1700 360 1769 5)
380 1698 437 1769 Qui
451 1698 523 1756 fecit
538 1700 631 1756 coelos
645 1699 675 1755 in
691 1699 848 1758 intellectu.

184 1785 290 1854 Apost.
310 1781 454 1853 Quoniam
472 1787 502 1838 in
520 1789 670 1839 aeternum
689 1782 887 1840 misericordia
906 1783 979 1854 ejus.
1003 1783 1086 1854 (etc.)

182 1870 252 1925 Chr.
275 1869 316 1937 (v.
333 1870 384 1939 10)
407 1867 463 1938 Qui
480 1869 624 1940 percussit
643 1871 811 1941 Aegyptum
828 1890 892 1927 cum
912 1870 1115 1941 primogenitis
1132 1889 1241 1927 eorum.

184 1955 290 2023 Apost.
310 1951 453 2023 Quoniam
472 1952 501 2007 in
520 1957 669 2009 aeternum
688 1952 887 2010 misericordia
905 1952 979 2023 ejus,
1003 1953 1086 2022 (etc.)

184 2040 252 2095 Chr.
275 2038 316 2107 (v.
334 2039 384 2108 21)
406 2037 445 2095 Et
462 2038 541 2095 dedit
558 2045 666 2095 terram
685 2058 784 2096 eorum
802 2039 1017 2096 haeredilatem.

183 2125 289 2194 Apost.
309 2122 452 2194 Quoniam
471 2123 501 2179 in
520 2129 669 2181 aeternnm
688 2124 886 2181 misericordia
905 2125 970 2195 ejus
993 2126 1090 2194 (eta).

185 2210 252 2265 Chr.
275 2209 316 2277 (v.
333 2209 384 2278 24)
407 2208 446 2265 nt
463 2208 584 2265 redemit
601 2228 655 2265 uos
673 2210 709 2265 ab
727 2208 851 2265 inimicis
870 2209 986 2266 nostris,

182 2296 208 2349 A
212 2301 289 2364 post.
307 2292 450 2364 Quoniam
468 2293 495 2349 in
513 2300 662 2349 aeternum
679 2293 878 2350 misericordia
894 2294 967 2364 ejus.

228 2509 256 2566 3.
280 2504 341 2579 Qui
378 2504 522 2565 Psalmus
557 2506 721 2566 continens
755 2507 843 2585 quasi
879 2506 1019 2584 repulsor
1055 2505 1130 2583 fidei
1165 2504 1273 2585 populi

186 2599 353 2660 Israelitici
374 2599 436 2659 fuit
455 2599 612 2677 exemplar
631 2618 687 2677 pro
706 2599 831 2659 sublimi
854 2599 912 2658 isla
933 2599 1081 2661 Oratione
1099 2599 1274 2676 gratiarum

186 2692 318 2753 actionis
339 2713 391 2754 seu
414 2691 619 2755 cocliaristiro
641 2693 674 2752 in
696 2691 826 2770 antiqua
848 2692 1003 2770 liturgia,
1025 2712 1079 2752 seu
1101 2690 1274 2766 canon,

187 2806 247 2864 qua
265 2785 414 2847 Oratione
431 2785 538 2847 codem
557 2786 622 2846 fere
640 2786 759 2857 ordine,
779 2787 874 2845 inuno
893 2786 1061 2864 aliquando
1080 2785 1191 2846 iisdem
1210 2806 1275 2848 ver-

187 2878 233 2939 bis
248 2881 284 2939 ut
299 2879 331 2938 in
349 2878 473 2939 Psalmo
490 2878 573 2939 Deus
587 2879 744 2940 exaltatur
759 2880 792 2939 in
807 2899 848 2950 se,
864 2880 872 2938 i
878 2900 898 2940 n
913 2879 1069 2941 creatione
1084 2884 1115 2940 et
1131 2879 1275 2958 operibus

187 2973 252 3032 suis
269 2991 326 3051 pro
343 2971 468 3050 populo.
513 2971 574 3032 Ubi
594 2973 626 3032 in
647 2973 772 3033 Psalmo
796 2978 838 3046 (r.
860 2976 915 3048 ¹34)
940 2972 1139 3052 praedicatur
1157 2972 1275 3034 redem-

187 3066 264 3145 ptio,
283 3066 316 3126 in
334 3063 480 3144 Liturgia
499 3069 676 3127 recensetur
693 3087 771 3145 opus
790 3065 1013 3144 redemptionis
1034 3066 1164 3140 Christi,
1184 3067 1275 3138 vitae,

188 3158 359 3238 passionis;
391 3163 466 3219 tunc
497 3159 671 3220 enarrando
703 3160 934 3221 institutionem
968 3158 1025 3219 SS.
1058 3159 1275 3221 Eucharistiae

187 3253 328 3332 sequitur
346 3251 413 3331 ipsa
432 3252 639 3314 Gorrsccrolio.
684 3253 779 3314 Unde
796 3253 866 3331 jure
884 3253 1094 3327 concluditur,
1113 3253 1275 3315 Christum

187 3350 257 3426 post
273 3366 395 3406 versum
412 3349 450 3405 24
467 3347 562 3425 hujus
579 3346 694 3407 Psalmi
712 3366 805 3425 super
820 3366 932 3425 panem
948 3352 979 3409 et
994 3347 1102 3407 vinum
1119 3367 1204 3409 sacra
1221 3346 1276 3409 illa

187 3440 279 3501 rerba
306 3440 546 3502 consecrationis
577 3440 805 3519 pronuntiasse,
834 3444 940 3519 postea
968 3442 1112 3501 recitasse
1141 3441 1276 3521 reliquos
1309 3513 1312 3517 ⁸

189 3533 308 3595 Psalmi
337 3554 459 3595 rersus:
491 3534 575 3610 “Qui
605 3534 658 3594 dol
690 3555 788 3595 cacani
819 3533 906 3596 orrroi
936 3532 1033 3605 carui,
1064 3533 1211 3615 quoniam
1241 3537 1275 3596 io

183 3631 346 3691 aeternam
367 3627 580 3690 nrsbericordio
597 3628 696 3706 rjruss’
713 3634 769 3690 etr.

229 3725 258 3784 4.
281 3721 368 3784 Haec
384 3721 482 3800 igitur
496 3724 562 3782 tota
575 3721 747 3797 gratiarnm
764 3719 896 3781 aetionis
911 3740 963 3782 seu
978 3720 1185 3782 eucharistica
1201 3721 1276 3782 Ora·

187 3815 233 3878 tio
257 3819 304 3878 est
330 3814 513 3894 principalis
539 3813 702 3893 liturgiae
729 3833 810 3892 pars,
837 3813 920 3875 unde
949 3813 1145 3875 Sacrificium
1173 3815 1274 3895 ipsum

187 3929 300 3971 nomen
319 3908 536 3970 Eucharistiae
555 3907 619 3985 jam
640 3906 862 3986 Apostolorum
882 3912 1020 3985 tempore
1039 3908 1186 3970 sortitum
1206 3911 1275 3970 cst.¹

231 4007 257 4063 5.
282 4002 363 4076 Quia
385 4003 460 4064 haec
482 4000 611 4078 grandis
636 4001 744 4061 Oratio
768 4000 858 4075 juxta
881 4003 1039 4080 exemplar
1063 4002 1180 4063 Psalmi
1207 4007 1274 4063 135.

186 4097 311 4161 exhibet
338 4097 546 4160 summarium
575 4096 783 4169 revelationis,
812 4096 975 4159 nominata
1002 4101 1049 4160 est
1077 4095 1197 4169 Canon,
1226 4119 1281 4161 seu

188 4190 316 4268 “regula
342 4188 446 4263 fidei,''
472 4189 518 4251 rel
545 4189 672 4267 “regula
698 4186 869 4262 r·eritatis,’'
894 4188 956 4250 alio
981 4189 1108 4252 nomine
1134 4188 1276 4269 “praedi-

187 4284 270 4345 eatio
286 4280 539 4362 Apostolorum.''

319 4483 375 4539 ¹01.
399 4485 427 4536 S.
451 4484 579 4539 «lustinus
602 4485 640 4539 bl.
665 4483 744 4553 Apol.
770 4486 799 4548 ];
825 4483 952 4549 Origines
973 4498 995 4534 c.
1017 4483 1084 4536 Cels.
1108 4485 1130 4536 1.
1152 4484 1169 4537 8
