2804 4890
411 693 465 751 DE
487 696 790 751 BENEDICTIONE
813 697 959 764 AQUAE.
1172 687 1231 751 127

524 1381 714 1459 CAPUT
742 1384 844 1461 VII.

248 1597 306 1653 DE
326 1599 591 1655 ASPERSIONE
613 1601 759 1668 AQUAE
781 1602 1055 1659 annumeras
1077 1603 1125 1660 IN

434 1693 702 1762 UNAQUAQUE
716 1695 941 1752 DOMINICA.

599 1901 713 1973 ART.
739 1902 769 1974 I.

426 2085 477 2137 DE
499 2087 784 2139 BENEDICTIONE
807 2089 943 2154 AQUAE.

189 2250 240 2313 80.
263 2251 375 2332 “Aqua
406 2252 569 2315 benedicta
599 2252 734 2333 singulis
764 2254 875 2315 saltem
906 2254 1108 2319 hebdomadis
1139 2276 1227 2320 reno

138 2344 262 2408 vetur.'’
276 2348 285 2380 ¹
315 2345 450 2408 Rubrica
478 2345 614 2407 Missalis
642 2366 697 2426 pro
724 2366 821 2426 aquae
847 2348 1026 2411 benedictae
1053 2349 1229 2431 aspersione

138 2439 287 2502 strictum
303 2444 504 2520 praeceptum
520 2461 583 2501 non
600 2440 733 2516 habet;²
749 2441 829 2504 “Die
846 2441 1022 2518 Dominica,
1038 2444 1072 2504 in
1088 2443 1229 2505 sacristia

139 2538 326 2614 praeparato
348 2532 442 2608 sale,”
464 2533 547 2614 quod
569 2535 663 2596 semel
686 2534 884 2598 benedictum
907 2537 940 2597 in
963 2536 1046 2598 bunc
1068 2556 1160 2597 usum
1182 2556 1229 2598 as-

139 2627 258 2689 servari
283 2628 419 2706 potest,³
445 2632 477 2690 ct
502 2646 581 2706 aqua
607 2626 815 2690 benedicenda
844 2628 993 2690 Sacerdos
1019 2630 1230 2692 celebraturus

141 2721 283 2793 Missam,
312 2721 358 2783 vel
387 2721 467 2782 alins
496 2721 533 2781 ad
564 2721 596 2781 id
625 2720 803 2800 deputatus.
831 2723 900 2785 alba
930 2723 975 2784 rel
1007 2722 1229 2803 superpelliceo

138 2814 273 2878 indutus
290 2836 363 2878 cum
382 2814 461 2879 stola
480 2815 563 2878 eirca
582 2813 697 2878 collum
717 2815 833 2893 dicat,''
852 2821 910 2881 ete.
933 2818 1083 2881 Sacerdos
1101 2818 1233 2884 celebra·

141 2916 233 2971 turus
255 2907 359 2969 utitur
379 2907 448 2970 alba
470 2916 500 2969 et
522 2907 601 2969 stola
622 2907 733 2969 coloris
757 2909 881 2984 Missae,
903 2910 984 2972 alius
1007 2931 1077 2973 nero
1100 2910 1146 2972 vel
1168 2911 1230 2973 alio

140 3014 281 3081 tempore
301 3001 484 3065 benedicens
504 3001 607 3062 utitur
627 3001 850 3081 superpelliceo
869 3009 900 3064 et
920 3003 1000 3065 stola
1019 3004 1188 3068 violacea.⁴

187 3094 378 3169 Benedictio,
396 3114 459 3157 non
478 3114 549 3157 vero
566 3096 702 3173 aspersio
720 3114 827 3175 aquae,
845 3096 1006 3159 omittitur
1022 3096 1143 3160 duabus
1161 3102 1230 3161 tan·

142 3200 212 3251 tum
231 3188 416 3263 Dominicis,
435 3188 501 3250 scil.
543 3188 599 3249 “in
618 3188 669 3250 die
688 3195 795 3251 sancto
815 3188 952 3253 Paschae
970 3194 1002 3254 et
1023 3190 1230 3265 Pentecosbes,

142 3282 196 3343 ubi
217 3286 265 3347 est
285 3283 356 3345 fons
377 3282 590 3362 Baptismalis,
612 3281 648 3343 fit
668 3282 804 3362 aspersio
825 3303 896 3344 cum
916 3303 997 3363 aqua
1017 3283 1119 3364 pridie
1141 3285 1230 3347 bene-

142 3377 228 3439 dicta
251 3377 285 3439 in
309 3377 396 3439 fonte
420 3374 586 3456 Baptismi,
608 3378 641 3438 et
664 3380 736 3438 ante
760 3375 952 3438 infusionem
977 3376 1044 3440 Olei
1069 3382 1101 3440 et
1125 3376 1230 3440 Chris-

142 3470 238 3534 matis
257 3468 412 3549 accepta.'’

185 3567 213 3625 2.
237 3563 408 3626 Omittitur
427 3563 562 3642 aspersio
583 3568 655 3625 ante
677 3561 807 3624 Missam
828 3565 996 3625 solemnem
1017 3565 1055 3627 ab
1076 3565 1231 3645 Episcopo

144 3658 354 3720 celebratam.⁶
398 3657 438 3717 In
460 3655 626 3717 Dominica
648 3655 829 3717 Palmarum
851 3663 883 3719 ct
904 3660 931 3717 ⁴2.
955 3658 1128 3733 Februarii,
1149 3659 1174 3720 si
1198 3658 1230 3719 in

145 3752 310 3813 Dominica
328 3754 481 3823 occurrat,
500 3749 566 3811 fieri
586 3749 676 3812 debet
695 3756 768 3811 ante
787 3750 1035 3813 benedictionem
1054 3751 1232 3831 palmarum

144 3845 189 3907 rel
209 3844 419 3908 candelarum.
466 3843 505 3905 In
523 3842 614 3904 iestis
632 3846 720 3905 extra
740 3841 939 3905 Dominicam
959 3843 1128 3906 omittitur.

178 4013 284 4064 lcaer.
308 4014 357 4079 Ep.
379 4013 402 4063 1.
425 4015 449 4064 6.
472 4013 496 4065 2.
715 4012 907 4076 aspersionem,
942 4028 1038 4077 quae
1073 4015 1234 4067 suffieit.

177 4091 266 4140 ²Cfr.
298 4090 331 4140 D.
366 4093 397 4141 15
429 4090 493 4141 Dec.
527 4091 603 4154 1899,
635 4105 661 4141 u.
718 4090 808 4150 (Gaer.
830 4091 880 4155 Ep.
901 4095 928 4141 et
949 4093 976 4141 S.
997 4093 1025 4143 0.
1046 4093 1093 4153 R.)
1134 4094 1163 4143 Si
1185 4095 1233 4144 SS.

142 4170 218 4218 4051.
248 4170 269 4217 1.
713 4166 919 4217 Sacramentum
978 4169 1015 4218 sit
1073 4172 1234 4234 expositum,

177 4244 241 4294 sD.
261 4246 337 4295 2218.
357 4244 381 4294 3.
715 4244 853 4293 omittitur
888 4250 997 4296 tantum
1031 4247 1153 4310 aspersio
1189 4249 1233 4298 ΑΙ·

176 4320 263 4371 anit,
283 4322 358 4371 Rom,
718 4320 793 4369 iaris.
857 4319 890 4370 D.
927 4323 967 4372 18.
1002 4320 1059 4372 Jub
1096 4322 1172 4389 1885,
1206 4338 1233 4375 ιι.

177 4397 281 4448 ⁸Ante
314 4397 394 4448 istam
429 4397 581 4463 Episcopus
613 4397 662 4448 Ec·
713 4398 790 4448 3639.
819 4398 843 4449 2.

141 4473 251 4525 elasiam
284 4473 440 4541 ingrediens
472 4475 544 4527 facit
576 4488 662 4540 aquae
