<?xml version="1.0" encoding="UTF-8"?>
<!DOCTYPE html PUBLIC "-//W3C//DTD XHTML 1.0 Transitional//EN"
    "http://www.w3.org/TR/xhtml1/DTD/xhtml1-transitional.dtd">
<html xmlns="http://www.w3.org/1999/xhtml" xml:lang="en" lang="en">
 <head>
  <title>
</title>
<meta http-equiv="Content-Type" content="text/html;charset=utf-8" />
  <meta name='ocr-system' content='tesseract 3.04.00' />
  <meta name='ocr-capabilities' content='ocr_page ocr_carea ocr_par ocr_line ocrx_word'/>
</head>
<body>
  <div class='ocr_page' id='page_1' title='image "./compendiumsacra00wapegoog_0319.png"; bbox 0 0 2804 4890; ppageno 0'>
   <div class='ocr_carea' id='block_1_1' title="bbox 153 686 1036 757">
    <p class='ocr_par' dir='ltr' id='par_1_1' title="bbox 153 686 1036 757">
     <span class='ocr_line' id='line_1_1' title="bbox 153 686 1036 757; baseline 0.007 -7"><span class='ocrx_word' id='word_1_1' title='bbox 153 686 215 750; x_wconf 81' lang='lat'>302</span> <span class='ocrx_word' id='word_1_2' title='bbox 372 697 425 754; x_wconf 82' lang='lat' dir='ltr'>DE</span> <span class='ocrx_word' id='word_1_3' title='bbox 450 696 570 754; x_wconf 77' lang='lat' dir='ltr'>raam</span> <span class='ocrx_word' id='word_1_4' title='bbox 592 697 628 755; x_wconf 85' lang='lat' dir='ltr'>V.</span> <span class='ocrx_word' id='word_1_5' title='bbox 654 696 697 754; x_wconf 89' lang='lat' dir='ltr'>IN</span> <span class='ocrx_word' id='word_1_6' title='bbox 721 697 853 755; x_wconf 77' lang='lat' dir='ltr'>OOENA</span> <span class='ocrx_word' id='word_1_7' title='bbox 877 697 1036 757; x_wconf 85' lang='lat' dir='ltr'>DOMINI.</span> 
     </span>
    </p>
   </div>
   <div class='ocr_carea' id='block_1_2' title="bbox 156 871 1245 1420">
    <p class='ocr_par' dir='ltr' id='par_1_2' title="bbox 156 871 1245 1139">
     <span class='ocr_line' id='line_1_2' title="bbox 156 871 1243 954; baseline 0.002 -20"><span class='ocrx_word' id='word_1_8' title='bbox 156 891 253 934; x_wconf 90' lang='lat' dir='ltr'>conus</span> <span class='ocrx_word' id='word_1_9' title='bbox 278 872 357 934; x_wconf 88' lang='lat' dir='ltr'>stola</span> <span class='ocrx_word' id='word_1_10' title='bbox 383 871 537 933; x_wconf 85' lang='lat' dir='ltr'>diaconali</span> <span class='ocrx_word' id='word_1_11' title='bbox 564 871 708 948; x_wconf 86' lang='lat' dir='ltr'>violacea,</span> <span class='ocrx_word' id='word_1_12' title='bbox 734 877 765 936; x_wconf 90' lang='lat' dir='ltr'>et</span> <span class='ocrx_word' id='word_1_13' title='bbox 790 872 926 951; x_wconf 80' lang='lat' dir='ltr'><strong>acolythi</strong></span> <span class='ocrx_word' id='word_1_14' title='bbox 953 872 1097 936; x_wconf 89' lang='lat' dir='ltr'>manibus</span> <span class='ocrx_word' id='word_1_15' title='bbox 1124 874 1243 954; x_wconf 82' lang='lat' dir='ltr'>junctis</span> 
     </span>
     <span class='ocr_line' id='line_1_3' title="bbox 156 963 1245 1046; baseline 0.003 -19"><span class='ocrx_word' id='word_1_16' title='bbox 156 963 357 1045; x_wconf 88' lang='lat' dir='ltr'>praecedunt,</span> <span class='ocrx_word' id='word_1_17' title='bbox 371 967 403 1026; x_wconf 92' lang='lat' dir='ltr'>et</span> <span class='ocrx_word' id='word_1_18' title='bbox 417 985 523 1028; x_wconf 90' lang='lat' dir='ltr'>omnes</span> <span class='ocrx_word' id='word_1_19' title='bbox 538 969 611 1027; x_wconf 90' lang='lat' dir='ltr'>ante</span> <span class='ocrx_word' id='word_1_20' title='bbox 626 964 736 1028; x_wconf 84' lang='lat' dir='ltr'>Altare</span> <span class='ocrx_word' id='word_1_21' title='bbox 750 966 854 1044; x_wconf 88' lang='lat' dir='ltr'>majus</span> <span class='ocrx_word' id='word_1_22' title='bbox 871 967 902 1026; x_wconf 94' lang='lat' dir='ltr'>in</span> <span class='ocrx_word' id='word_1_23' title='bbox 919 965 1013 1046; x_wconf 89' lang='lat' dir='ltr'>plano</span> <span class='ocrx_word' id='word_1_24' title='bbox 1028 966 1245 1045; x_wconf 85' lang='lat' dir='ltr'>genuflectunt</span> 
     </span>
     <span class='ocr_line' id='line_1_4' title="bbox 156 1057 921 1139; baseline 0.001 -20"><span class='ocrx_word' id='word_1_25' title='bbox 156 1063 280 1138; x_wconf 90' lang='lat' dir='ltr'>praeter</span> <span class='ocrx_word' id='word_1_26' title='bbox 295 1057 522 1133; x_wconf 65' lang='lat' dir='ltr'>celebrantem,</span> <span class='ocrx_word' id='word_1_27' title='bbox 538 1059 592 1138; x_wconf 91' lang='lat' dir='ltr'>qui</span> <span class='ocrx_word' id='word_1_28' title='bbox 608 1057 765 1139; x_wconf 78' lang='lat' dir='ltr'>profunde</span> <span class='ocrx_word' id='word_1_29' title='bbox 780 1058 921 1120; x_wconf 90' lang='lat' dir='ltr'>inclinat.</span> 
     </span>
    </p>

    <p class='ocr_par' dir='ltr' id='par_1_3' title="bbox 157 1150 1245 1307">
     <span class='ocr_line' id='line_1_5' title="bbox 199 1150 1245 1216; baseline 0.004 -5"><span class='ocrx_word' id='word_1_30' title='bbox 199 1153 227 1213; x_wconf 79' lang='lat'>2.</span> <span class='ocrx_word' id='word_1_31' title='bbox 251 1150 417 1213; x_wconf 84' lang='lat' dir='ltr'>Celebrans</span> <span class='ocrx_word' id='word_1_32' title='bbox 440 1170 512 1213; x_wconf 89' lang='lat' dir='ltr'>cum</span> <span class='ocrx_word' id='word_1_33' title='bbox 537 1150 695 1213; x_wconf 90' lang='lat' dir='ltr'>Ministris</span> <span class='ocrx_word' id='word_1_34' title='bbox 718 1155 749 1213; x_wconf 89' lang='lat' dir='ltr'>et</span> <span class='ocrx_word' id='word_1_35' title='bbox 773 1151 892 1213; x_wconf 82' lang='lat' dir='ltr'>clericis</span> <span class='ocrx_word' id='word_1_36' title='bbox 917 1152 1057 1215; x_wconf 89' lang='lat' dir='ltr'>aseendit</span> <span class='ocrx_word' id='word_1_37' title='bbox 1081 1152 1190 1216; x_wconf 81' lang='lat' dir='ltr'>Altare</span> <span class='ocrx_word' id='word_1_38' title='bbox 1214 1156 1245 1215; x_wconf 85' lang='lat' dir='ltr'>et</span> 
     </span>
     <span class='ocr_line' id='line_1_6' title="bbox 157 1242 573 1307; baseline 0.005 -3"><span class='ocrx_word' id='word_1_39' title='bbox 157 1244 264 1305; x_wconf 88' lang='lat' dir='ltr'>“stans</span> <span class='ocrx_word' id='word_1_40' title='bbox 281 1244 406 1307; x_wconf 87' lang='lat' dir='ltr'>inchoat</span> <span class='ocrx_word' id='word_1_41' title='bbox 422 1242 486 1306; x_wconf 87' lang='lat' dir='ltr'>alta</span> <span class='ocrx_word' id='word_1_42' title='bbox 503 1263 573 1306; x_wconf 88' lang='lat' dir='ltr'>voce</span> 
     </span>
    </p>

    <p class='ocr_par' dir='ltr' id='par_1_4' title="bbox 199 1335 1244 1420">
     <span class='ocr_line' id='line_1_7' title="bbox 199 1335 1244 1420; baseline 0.004 -23"><span class='ocrx_word' id='word_1_43' title='bbox 199 1336 294 1398; x_wconf 86' lang='lat' dir='ltr'>“Ant.</span> <span class='ocrx_word' id='word_1_44' title='bbox 318 1335 502 1399; x_wconf 67' lang='lat' dir='ltr'>Disseruit</span> <span class='ocrx_word' id='word_1_45' title='bbox 529 1337 591 1400; x_wconf 84' lang='lat' dir='ltr'>sibi</span> <span class='ocrx_word' id='word_1_46' title='bbox 618 1335 805 1401; x_wconf 80' lang='lat' dir='ltr'>vestimenta</span> <span class='ocrx_word' id='word_1_47' title='bbox 834 1359 918 1400; x_wconf 84' lang='lat' dir='ltr'>mea:</span> <span class='ocrx_word' id='word_1_48' title='bbox 947 1344 977 1400; x_wconf 85' lang='lat' dir='ltr'>et</span> <span class='ocrx_word' id='word_1_49' title='bbox 1006 1359 1101 1420; x_wconf 83' lang='lat' dir='ltr'>super</span> <span class='ocrx_word' id='word_1_50' title='bbox 1129 1344 1244 1405; x_wconf 80' lang='lat' dir='ltr'>vestem</span> 
     </span>
    </p>
   </div>
   <div class='ocr_carea' id='block_1_3' title="bbox 157 1429 1250 4000">
    <p class='ocr_par' dir='ltr' id='par_1_5' title="bbox 157 1429 1245 1678">
     <span class='ocr_line' id='line_1_8' title="bbox 159 1429 1244 1511; baseline 0.001 -19"><span class='ocrx_word' id='word_1_51' title='bbox 159 1450 258 1511; x_wconf 81' lang='lat' dir='ltr'>meam</span> <span class='ocrx_word' id='word_1_52' title='bbox 275 1429 427 1492; x_wconf 68' lang='lat' dir='ltr'>miserunt</span> <span class='ocrx_word' id='word_1_53' title='bbox 442 1433 568 1501; x_wconf 85' lang='lat' dir='ltr'>sortem,</span> <span class='ocrx_word' id='word_1_54' title='bbox 584 1448 676 1508; x_wconf 84' lang='lat' dir='ltr'>quam</span> <span class='ocrx_word' id='word_1_55' title='bbox 693 1429 892 1510; x_wconf 78' lang='lat' dir='ltr'>prosequitur</span> <span class='ocrx_word' id='word_1_56' title='bbox 907 1450 978 1491; x_wconf 92' lang='lat' dir='ltr'>cum</span> <span class='ocrx_word' id='word_1_57' title='bbox 995 1430 1132 1510; x_wconf 89' lang='lat' dir='ltr'>psalmo:</span> <span class='ocrx_word' id='word_1_58' title='bbox 1149 1432 1244 1502; x_wconf 81' lang='lat' dir='ltr'>Deus,</span> 
     </span>
     <span class='ocr_line' id='line_1_9' title="bbox 157 1520 1245 1602; baseline 0.003 -19"><span class='ocrx_word' id='word_1_59' title='bbox 157 1521 243 1584; x_wconf 79' lang='lat' dir='ltr'>Deus</span> <span class='ocrx_word' id='word_1_60' title='bbox 260 1542 346 1585; x_wconf 83' lang='lat' dir='ltr'>meus</span> <span class='ocrx_word' id='word_1_61' title='bbox 362 1523 479 1602; x_wconf 81' lang='lat' dir='ltr'>respice</span> <span class='ocrx_word' id='word_1_62' title='bbox 496 1520 531 1584; x_wconf 85' lang='lat' dir='ltr'>in</span> <span class='ocrx_word' id='word_1_63' title='bbox 548 1525 620 1584; x_wconf 82' lang='lat' dir='ltr'>me¹</span> <span class='ocrx_word' id='word_1_64' title='bbox 638 1522 772 1584; x_wconf 86' lang='lat' dir='ltr'>recitans</span> <span class='ocrx_word' id='word_1_65' title='bbox 789 1521 880 1584; x_wconf 91' lang='lat' dir='ltr'>illum</span> <span class='ocrx_word' id='word_1_66' title='bbox 898 1543 969 1584; x_wconf 86' lang='lat' dir='ltr'>cum</span> <span class='ocrx_word' id='word_1_67' title='bbox 986 1523 1138 1598; x_wconf 87' lang='lat' dir='ltr'>clericis‚&#39;’</span> <span class='ocrx_word' id='word_1_68' title='bbox 1156 1523 1203 1585; x_wconf 86' lang='lat' dir='ltr'>vel</span> <span class='ocrx_word' id='word_1_69' title='bbox 1221 1543 1245 1586; x_wconf 85' lang='lat' dir='ltr'>a.</span> 
     </span>
     <span class='ocr_line' id='line_1_10' title="bbox 157 1613 324 1678; baseline 0.018 -3"><span class='ocrx_word' id='word_1_70' title='bbox 157 1613 324 1678; x_wconf 84' lang='lat' dir='ltr'>Ministria.</span> 
     </span>
    </p>

    <p class='ocr_par' dir='ltr' id='par_1_6' title="bbox 157 1707 1246 2160">
     <span class='ocr_line' id='line_1_11' title="bbox 200 1707 1245 1788; baseline 0.002 -21"><span class='ocrx_word' id='word_1_71' title='bbox 200 1710 228 1770; x_wconf 88' lang='lat'>3.</span> <span class='ocrx_word' id='word_1_72' title='bbox 253 1707 288 1780; x_wconf 90' lang='lat' dir='ltr'>Si</span> <span class='ocrx_word' id='word_1_73' title='bbox 309 1708 420 1771; x_wconf 88' lang='lat' dir='ltr'>chorus</span> <span class='ocrx_word' id='word_1_74' title='bbox 442 1707 535 1783; x_wconf 87' lang='lat' dir='ltr'>adsit,</span> <span class='ocrx_word' id='word_1_75' title='bbox 556 1708 737 1788; x_wconf 81' lang='lat' dir='ltr'>proceditur</span> <span class='ocrx_word' id='word_1_76' title='bbox 757 1708 795 1770; x_wconf 91' lang='lat' dir='ltr'>ad</span> <span class='ocrx_word' id='word_1_77' title='bbox 819 1708 1062 1772; x_wconf 88' lang='lat' dir='ltr'>denudationem</span> <span class='ocrx_word' id='word_1_78' title='bbox 1085 1709 1245 1772; x_wconf 83' lang='lat' dir='ltr'>Altarium</span> 
     </span>
     <span class='ocr_line' id='line_1_12' title="bbox 157 1797 1244 1881; baseline 0.002 -21"><span class='ocrx_word' id='word_1_79' title='bbox 157 1799 239 1876; x_wconf 82' lang='lat' dir='ltr'>eirca</span> <span class='ocrx_word' id='word_1_80' title='bbox 259 1797 354 1862; x_wconf 88' lang='lat' dir='ltr'>tinem</span> <span class='ocrx_word' id='word_1_81' title='bbox 375 1800 594 1881; x_wconf 85' lang='lat' dir='ltr'>Vesperanrm.</span> <span class='ocrx_word' id='word_1_82' title='bbox 639 1800 856 1880; x_wconf 81' lang='lat' dir='ltr'>Antiphonem</span> <span class='ocrx_word' id='word_1_83' title='bbox 878 1801 1062 1864; x_wconf 82' lang='lat' dir='ltr'>Diviseruot</span> <span class='ocrx_word' id='word_1_84' title='bbox 1083 1821 1139 1881; x_wconf 88' lang='lat' dir='ltr'>per</span> <span class='ocrx_word' id='word_1_85' title='bbox 1160 1801 1244 1863; x_wconf 82' lang='lat' dir='ltr'>Cele</span> 
     </span>
     <span class='ocr_line' id='line_1_13' title="bbox 159 1892 1246 1973; baseline 0 -18"><span class='ocrx_word' id='word_1_86' title='bbox 159 1892 300 1956; x_wconf 88' lang='lat' dir='ltr'>brantem</span> <span class='ocrx_word' id='word_1_87' title='bbox 319 1893 496 1956; x_wconf 87' lang='lat' dir='ltr'>inchoatam</span> <span class='ocrx_word' id='word_1_88' title='bbox 513 1893 625 1953; x_wconf 89' lang='lat' dir='ltr'>chorus</span> <span class='ocrx_word' id='word_1_89' title='bbox 642 1893 842 1972; x_wconf 81' lang='lat' dir='ltr'>prosequitur</span> <span class='ocrx_word' id='word_1_90' title='bbox 858 1892 952 1955; x_wconf 89' lang='lat' dir='ltr'>simul</span> <span class='ocrx_word' id='word_1_91' title='bbox 970 1914 1041 1954; x_wconf 89' lang='lat' dir='ltr'>eum</span> <span class='ocrx_word' id='word_1_92' title='bbox 1059 1894 1196 1973; x_wconf 83' lang='lat' dir='ltr'>psalm03</span> <span class='ocrx_word' id='word_1_93' title='bbox 1213 1899 1246 1955; x_wconf 91' lang='lat' dir='ltr'>at</span> 
     </span>
     <span class='ocr_line' id='line_1_14' title="bbox 157 1985 1246 2065; baseline 0.002 -18"><span class='ocrx_word' id='word_1_94' title='bbox 157 1985 204 2049; x_wconf 81' lang='lat' dir='ltr'>ita</span> <span class='ocrx_word' id='word_1_95' title='bbox 216 1985 341 2061; x_wconf 83' lang='lat' dir='ltr'>sensim,</span> <span class='ocrx_word' id='word_1_96' title='bbox 355 1989 392 2049; x_wconf 91' lang='lat' dir='ltr'>ut</span> <span class='ocrx_word' id='word_1_97' title='bbox 410 1985 540 2065; x_wconf 82' lang='lat' dir='ltr'>(absque</span> <span class='ocrx_word' id='word_1_98' title='bbox 555 1985 757 2064; x_wconf 85' lang='lat' dir='ltr'>repetitione)</span> <span class='ocrx_word' id='word_1_99' title='bbox 776 2005 848 2047; x_wconf 86' lang='lat' dir='ltr'>eum</span> <span class='ocrx_word' id='word_1_100' title='bbox 862 1986 1072 2050; x_wconf 89' lang='lat' dir='ltr'>denudatione</span> <span class='ocrx_word' id='word_1_101' title='bbox 1086 1987 1246 2049; x_wconf 88' lang='lat' dir='ltr'>Altarium</span> 
     </span>
     <span class='ocr_line' id='line_1_15' title="bbox 157 2077 487 2160; baseline -0.003 -20"><span class='ocrx_word' id='word_1_102' title='bbox 157 2097 284 2160; x_wconf 87' lang='lat' dir='ltr'>prorsus</span> <span class='ocrx_word' id='word_1_103' title='bbox 301 2077 487 2141; x_wconf 88' lang='lat' dir='ltr'>absolvatur.</span> 
     </span>
    </p>

    <p class='ocr_par' dir='ltr' id='par_1_7' title="bbox 158 2170 1250 2883">
     <span class='ocr_line' id='line_1_16' title="bbox 198 2170 1250 2252; baseline 0 -19"><span class='ocrx_word' id='word_1_104' title='bbox 198 2175 227 2234; x_wconf 88' lang='lat'>4.</span> <span class='ocrx_word' id='word_1_105' title='bbox 251 2171 418 2235; x_wconf 86' lang='lat' dir='ltr'>Celebrans</span> <span class='ocrx_word' id='word_1_106' title='bbox 436 2170 661 2252; x_wconf 87' lang='lat' dir='ltr'>adjuvantibus</span> <span class='ocrx_word' id='word_1_107' title='bbox 679 2171 838 2234; x_wconf 89' lang='lat' dir='ltr'>Ministris</span> <span class='ocrx_word' id='word_1_108' title='bbox 857 2173 987 2235; x_wconf 83' lang='lat' dir='ltr'>“Altare</span> <span class='ocrx_word' id='word_1_109' title='bbox 1007 2173 1147 2235; x_wconf 88' lang='lat' dir='ltr'>denudat</span> <span class='ocrx_word' id='word_1_110' title='bbox 1166 2191 1250 2234; x_wconf 81' lang='lat' dir='ltr'>amo</span> 
     </span>
     <span class='ocr_line' id='line_1_17' title="bbox 159 2263 1247 2344; baseline 0.002 -18"><span class='ocrx_word' id='word_1_111' title='bbox 159 2263 257 2328; x_wconf 81' lang='lat' dir='ltr'>vendo</span> <span class='ocrx_word' id='word_1_112' title='bbox 279 2263 432 2327; x_wconf 84' lang='lat' dir='ltr'>tobaleam</span> <span class='ocrx_word' id='word_1_113' title='bbox 453 2264 645 2344; x_wconf 90' lang='lat' dir='ltr'>superiorem</span> <span class='ocrx_word' id='word_1_114' title='bbox 666 2270 698 2328; x_wconf 91' lang='lat' dir='ltr'>et</span> <span class='ocrx_word' id='word_1_115' title='bbox 717 2264 826 2338; x_wconf 84' lang='lat' dir='ltr'>alias,&#39;&#39;</span> <span class='ocrx_word' id='word_1_116' title='bbox 849 2267 957 2327; x_wconf 88' lang='lat' dir='ltr'>relicta</span> <span class='ocrx_word' id='word_1_117' title='bbox 979 2271 1103 2326; x_wconf 89' lang='lat' dir='ltr'>tantum</span> <span class='ocrx_word' id='word_1_118' title='bbox 1126 2264 1247 2328; x_wconf 83' lang='lat' dir='ltr'>tobalea</span> 
     </span>
     <span class='ocr_line' id='line_1_18' title="bbox 158 2356 1248 2437; baseline 0.001 -18"><span class='ocrx_word' id='word_1_119' title='bbox 158 2361 270 2420; x_wconf 86' lang='lat' dir='ltr'>cerata.</span> <span class='ocrx_word' id='word_1_120' title='bbox 315 2357 461 2436; x_wconf 86' lang='lat' dir='ltr'>Acolythi</span> <span class='ocrx_word' id='word_1_121' title='bbox 485 2356 530 2418; x_wconf 86' lang='lat' dir='ltr'>vel</span> <span class='ocrx_word' id='word_1_122' title='bbox 554 2357 659 2420; x_wconf 86' lang='lat' dir='ltr'>cleriei</span> <span class='ocrx_word' id='word_1_123' title='bbox 682 2357 860 2437; x_wconf 85' lang='lat' dir='ltr'>“recipiunt</span> <span class='ocrx_word' id='word_1_124' title='bbox 883 2358 1028 2433; x_wconf 88' lang='lat' dir='ltr'>tobaleas,</span> <span class='ocrx_word' id='word_1_125' title='bbox 1050 2363 1081 2421; x_wconf 93' lang='lat' dir='ltr'>et</span> <span class='ocrx_word' id='word_1_126' title='bbox 1103 2361 1248 2420; x_wconf 84' lang='lat' dir='ltr'>amovent</span> 
     </span>
     <span class='ocr_line' id='line_1_19' title="bbox 158 2448 1247 2531; baseline -0.001 -18"><span class='ocrx_word' id='word_1_127' title='bbox 158 2449 196 2513; x_wconf 92' lang='lat' dir='ltr'>ab</span> <span class='ocrx_word' id='word_1_128' title='bbox 214 2449 317 2512; x_wconf 84' lang='lat' dir='ltr'>Altari</span> <span class='ocrx_word' id='word_1_129' title='bbox 337 2470 408 2513; x_wconf 88' lang='lat' dir='ltr'>vasa</span> <span class='ocrx_word' id='word_1_130' title='bbox 426 2448 551 2523; x_wconf 88' lang='lat' dir='ltr'>florum,</span> <span class='ocrx_word' id='word_1_131' title='bbox 570 2450 713 2530; x_wconf 91' lang='lat' dir='ltr'>pallium,</span> <span class='ocrx_word' id='word_1_132' title='bbox 732 2456 835 2531; x_wconf 88' lang='lat' dir='ltr'>tapete</span> <span class='ocrx_word' id='word_1_133' title='bbox 854 2455 922 2518; x_wconf 82' lang='lat' dir='ltr'>etc..</span> <span class='ocrx_word' id='word_1_134' title='bbox 941 2451 1017 2513; x_wconf 91' lang='lat' dir='ltr'>adeo</span> <span class='ocrx_word' id='word_1_135' title='bbox 1034 2456 1070 2512; x_wconf 90' lang='lat' dir='ltr'>ut</span> <span class='ocrx_word' id='word_1_136' title='bbox 1090 2453 1123 2512; x_wconf 94' lang='lat' dir='ltr'>in</span> <span class='ocrx_word' id='word_1_137' title='bbox 1142 2449 1247 2512; x_wconf 83' lang='lat' dir='ltr'>Altari</span> 
     </span>
     <span class='ocr_line' id='line_1_20' title="bbox 159 2542 1247 2623; baseline -0.002 -17"><span class='ocrx_word' id='word_1_138' title='bbox 159 2563 222 2607; x_wconf 89' lang='lat' dir='ltr'>non</span> <span class='ocrx_word' id='word_1_139' title='bbox 246 2547 427 2605; x_wconf 84' lang='lat' dir='ltr'>remaneant</span> <span class='ocrx_word' id='word_1_140' title='bbox 447 2543 509 2605; x_wconf 89' lang='lat' dir='ltr'>nisi</span> <span class='ocrx_word' id='word_1_141' title='bbox 534 2543 620 2603; x_wconf 81' lang='lat' dir='ltr'>Crux</span> <span class='ocrx_word' id='word_1_142' title='bbox 641 2547 672 2604; x_wconf 92' lang='lat' dir='ltr'>et</span> <span class='ocrx_word' id='word_1_143' title='bbox 699 2542 782 2623; x_wconf 78' lang='lat' dir='ltr'>[sex]</span> <span class='ocrx_word' id='word_1_144' title='bbox 810 2544 994 2605; x_wconf 89' lang='lat' dir='ltr'>candelabra</span> <span class='ocrx_word' id='word_1_145' title='bbox 1016 2564 1086 2604; x_wconf 88' lang='lat' dir='ltr'>cum</span> <span class='ocrx_word' id='word_1_146' title='bbox 1109 2542 1247 2604; x_wconf 88' lang='lat' dir='ltr'>candelis</span> 
     </span>
     <span class='ocr_line' id='line_1_21' title="bbox 159 2634 1247 2716; baseline -0.004 -16"><span class='ocrx_word' id='word_1_147' title='bbox 159 2635 337 2700; x_wconf 84' lang='lat' dir='ltr'>extinctis.&#39;&#39;</span> <span class='ocrx_word' id='word_1_148' title='bbox 381 2634 630 2698; x_wconf 70' lang='lat' dir='ltr'>&#39;tabernaculum</span> <span class='ocrx_word' id='word_1_149' title='bbox 647 2657 665 2698; x_wconf 88' lang='lat' dir='ltr'>a</span> <span class='ocrx_word' id='word_1_150' title='bbox 683 2635 714 2697; x_wconf 88' lang='lat' dir='ltr'>S.</span> <span class='ocrx_word' id='word_1_151' title='bbox 734 2636 842 2716; x_wconf 86' lang='lat' dir='ltr'>Specie</span> <span class='ocrx_word' id='word_1_152' title='bbox 858 2657 990 2698; x_wconf 88' lang='lat' dir='ltr'>vacuum</span> <span class='ocrx_word' id='word_1_153' title='bbox 1007 2635 1247 2716; x_wconf 90' lang='lat' dir='ltr'>relinquendum</span> 
     </span>
     <span class='ocr_line' id='line_1_22' title="bbox 160 2728 1246 2809; baseline -0.002 -19"><span class='ocrx_word' id='word_1_154' title='bbox 160 2734 206 2791; x_wconf 86' lang='lat' dir='ltr'>est</span> <span class='ocrx_word' id='word_1_155' title='bbox 221 2734 376 2809; x_wconf 89' lang='lat' dir='ltr'>apertum,</span> <span class='ocrx_word' id='word_1_156' title='bbox 391 2751 430 2792; x_wconf 89' lang='lat' dir='ltr'>ne</span> <span class='ocrx_word' id='word_1_157' title='bbox 446 2728 551 2789; x_wconf 83' lang='lat' dir='ltr'>fideles</span> <span class='ocrx_word' id='word_1_158' title='bbox 566 2728 723 2808; x_wconf 72' lang='lat' dir='ltr'>simplices</span> <span class='ocrx_word' id='word_1_159' title='bbox 740 2728 773 2789; x_wconf 93' lang='lat' dir='ltr'>in</span> <span class='ocrx_word' id='word_1_160' title='bbox 789 2748 924 2789; x_wconf 89' lang='lat' dir='ltr'>errorem</span> <span class='ocrx_word' id='word_1_161' title='bbox 940 2729 1022 2791; x_wconf 89' lang='lat' dir='ltr'>circa</span> <span class='ocrx_word' id='word_1_162' title='bbox 1038 2728 1246 2806; x_wconf 86' lang='lat' dir='ltr'>praesentiam</span> 
     </span>
     <span class='ocr_line' id='line_1_23' title="bbox 161 2821 546 2883; baseline -0.003 0"><span class='ocrx_word' id='word_1_163' title='bbox 161 2821 357 2883; x_wconf 87' lang='lat' dir='ltr'>Sanctissimi</span> <span class='ocrx_word' id='word_1_164' title='bbox 380 2821 546 2883; x_wconf 78' lang='lat' dir='ltr'>incidant.²</span> 
     </span>
    </p>

    <p class='ocr_par' dir='ltr' id='par_1_8' title="bbox 160 2913 1247 3273">
     <span class='ocr_line' id='line_1_24' title="bbox 202 2913 1247 2995; baseline 0.004 -22"><span class='ocrx_word' id='word_1_165' title='bbox 202 2918 230 2976; x_wconf 90' lang='lat'>5.</span> <span class='ocrx_word' id='word_1_166' title='bbox 253 2913 451 2989; x_wconf 86' lang='lat' dir='ltr'>“Celebrans,</span> <span class='ocrx_word' id='word_1_167' title='bbox 465 2914 624 2977; x_wconf 91' lang='lat' dir='ltr'>denudato</span> <span class='ocrx_word' id='word_1_168' title='bbox 639 2915 742 2977; x_wconf 87' lang='lat' dir='ltr'>Altari</span> <span class='ocrx_word' id='word_1_169' title='bbox 758 2916 882 2991; x_wconf 85' lang='lat' dir='ltr'>majori,</span> <span class='ocrx_word' id='word_1_170' title='bbox 897 2915 1040 2995; x_wconf 81' lang='lat' dir='ltr'>procedet</span> <span class='ocrx_word' id='word_1_171' title='bbox 1056 2915 1094 2976; x_wconf 90' lang='lat' dir='ltr'>ad</span> <span class='ocrx_word' id='word_1_172' title='bbox 1110 2915 1247 2977; x_wconf 88' lang='lat' dir='ltr'>denuda·</span> 
     </span>
     <span class='ocr_line' id='line_1_25' title="bbox 161 3006 1247 3086; baseline 0 -17"><span class='ocrx_word' id='word_1_173' title='bbox 161 3006 280 3069; x_wconf 90' lang='lat' dir='ltr'>tionem</span> <span class='ocrx_word' id='word_1_174' title='bbox 312 3006 503 3086; x_wconf 87' lang='lat' dir='ltr'>reliquorum</span> <span class='ocrx_word' id='word_1_175' title='bbox 535 3006 726 3069; x_wconf 85' lang='lat' dir='ltr'>Altarium.&#39;&#39;</span> <span class='ocrx_word' id='word_1_176' title='bbox 781 3008 815 3068; x_wconf 90' lang='lat' dir='ltr'>Si</span> <span class='ocrx_word' id='word_1_177' title='bbox 848 3007 971 3069; x_wconf 87' lang='lat' dir='ltr'>Altaria</span> <span class='ocrx_word' id='word_1_178' title='bbox 1002 3028 1114 3084; x_wconf 74' lang='lat' dir='ltr'>magno</span> <span class='ocrx_word' id='word_1_179' title='bbox 1146 3011 1247 3069; x_wconf 87' lang='lat' dir='ltr'>essent</span> 
     </span>
     <span class='ocr_line' id='line_1_26' title="bbox 160 3100 1246 3180; baseline 0 -19"><span class='ocrx_word' id='word_1_180' title='bbox 160 3118 301 3173; x_wconf 90' lang='lat' dir='ltr'>numero,</span> <span class='ocrx_word' id='word_1_181' title='bbox 315 3104 464 3180; x_wconf 89' lang='lat' dir='ltr'>poterunt</span> <span class='ocrx_word' id='word_1_182' title='bbox 479 3100 583 3180; x_wconf 86' lang='lat' dir='ltr'>aliqua</span> <span class='ocrx_word' id='word_1_183' title='bbox 599 3100 751 3162; x_wconf 90' lang='lat' dir='ltr'>denudari</span> <span class='ocrx_word' id='word_1_184' title='bbox 767 3101 805 3161; x_wconf 86' lang='lat' dir='ltr'>ab</span> <span class='ocrx_word' id='word_1_185' title='bbox 819 3100 890 3160; x_wconf 89' lang='lat' dir='ltr'>aliis</span> <span class='ocrx_word' id='word_1_186' title='bbox 907 3100 1126 3162; x_wconf 79' lang='lat' dir='ltr'>Sacerdotibus</span> <span class='ocrx_word' id='word_1_187' title='bbox 1141 3120 1246 3180; x_wconf 89' lang='lat' dir='ltr'>super·</span> 
     </span>
     <span class='ocr_line' id='line_1_27' title="bbox 161 3192 759 3273; baseline 0.005 -20"><span class='ocrx_word' id='word_1_188' title='bbox 161 3193 290 3273; x_wconf 88' lang='lat' dir='ltr'>pelliceo</span> <span class='ocrx_word' id='word_1_189' title='bbox 313 3199 345 3255; x_wconf 91' lang='lat' dir='ltr'>et</span> <span class='ocrx_word' id='word_1_190' title='bbox 368 3192 447 3254; x_wconf 90' lang='lat' dir='ltr'>stola</span> <span class='ocrx_word' id='word_1_191' title='bbox 471 3192 604 3255; x_wconf 75' lang='lat' dir='ltr'>violacea</span> <span class='ocrx_word' id='word_1_192' title='bbox 630 3193 759 3256; x_wconf 81' lang='lat' dir='ltr'>inclutis.</span> 
     </span>
    </p>

    <p class='ocr_par' dir='ltr' id='par_1_9' title="bbox 159 3285 1248 4000">
     <span class='ocr_line' id='line_1_28' title="bbox 203 3285 1247 3366; baseline 0 -19"><span class='ocrx_word' id='word_1_193' title='bbox 203 3288 230 3349; x_wconf 87' lang='grc'>6.</span> <span class='ocrx_word' id='word_1_194' title='bbox 254 3285 450 3349; x_wconf 89' lang='lat' dir='ltr'>“Denudatis</span> <span class='ocrx_word' id='word_1_195' title='bbox 465 3286 627 3348; x_wconf 88' lang='lat' dir='ltr'>Altaribus</span> <span class='ocrx_word' id='word_1_196' title='bbox 643 3285 808 3349; x_wconf 57' lang='lat' dir='ltr'>celebrans</span> <span class='ocrx_word' id='word_1_197' title='bbox 823 3287 903 3348; x_wconf 88' lang='lat' dir='ltr'>redit</span> <span class='ocrx_word' id='word_1_198' title='bbox 918 3292 989 3348; x_wconf 88' lang='lat' dir='ltr'>ante</span> <span class='ocrx_word' id='word_1_199' title='bbox 1004 3286 1112 3349; x_wconf 80' lang='lat' dir='ltr'>Altare</span> <span class='ocrx_word' id='word_1_200' title='bbox 1127 3288 1247 3366; x_wconf 88' lang='lat' dir='ltr'>majus:</span> 
     </span>
     <span class='ocr_line' id='line_1_29' title="bbox 160 3379 1248 3460; baseline 0.003 -20"><span class='ocrx_word' id='word_1_201' title='bbox 160 3379 213 3441; x_wconf 91' lang='lat' dir='ltr'>ubi</span> <span class='ocrx_word' id='word_1_202' title='bbox 231 3386 301 3460; x_wconf 90' lang='lat' dir='ltr'>post</span> <span class='ocrx_word' id='word_1_203' title='bbox 334 3379 483 3441; x_wconf 89' lang='lat' dir='ltr'>ultimum</span> <span class='ocrx_word' id='word_1_204' title='bbox 503 3400 624 3440; x_wconf 79' lang='lat' dir='ltr'>versum</span> <span class='ocrx_word' id='word_1_205' title='bbox 644 3379 767 3459; x_wconf 86' lang='lat' dir='ltr'>psalmi,</span> <span class='ocrx_word' id='word_1_206' title='bbox 787 3382 917 3460; x_wconf 90' lang='lat' dir='ltr'>repetita</span> <span class='ocrx_word' id='word_1_207' title='bbox 936 3380 1108 3460; x_wconf 82' lang='lat' dir='ltr'>antiphona</span> <span class='ocrx_word' id='word_1_208' title='bbox 1130 3381 1248 3443; x_wconf 70' lang='lat' dir='ltr'>Divise-</span> 
     </span>
     <span class='ocr_line' id='line_1_30' title="bbox 159 3471 1247 3553; baseline -0.001 -19"><span class='ocrx_word' id='word_1_209' title='bbox 159 3476 245 3543; x_wconf 84' lang='lat' dir='ltr'>ruat,</span> <span class='ocrx_word' id='word_1_210' title='bbox 263 3471 446 3551; x_wconf 80' lang='lat' dir='ltr'>genuflectit</span> <span class='ocrx_word' id='word_1_211' title='bbox 464 3473 501 3533; x_wconf 92' lang='lat' dir='ltr'>ad</span> <span class='ocrx_word' id='word_1_212' title='bbox 521 3474 646 3550; x_wconf 77' lang='lat' dir='ltr'>signum</span> <span class='ocrx_word' id='word_1_213' title='bbox 665 3472 874 3534; x_wconf 88' lang='lat' dir='ltr'>meridianum</span> <span class='ocrx_word' id='word_1_214' title='bbox 894 3474 1103 3536; x_wconf 54' lang='lat' dir='ltr'>detractionis</span> <span class='ocrx_word' id='word_1_215' title='bbox 1120 3473 1247 3553; x_wconf 76' lang='lat' dir='ltr'>Aspeli-</span> 
     </span>
     <span class='ocr_line' id='line_1_31' title="bbox 162 3564 1247 3642; baseline -0.001 -15"><span class='ocrx_word' id='word_1_216' title='bbox 162 3586 222 3628; x_wconf 83' lang='lat' dir='ltr'>rae.</span> <span class='ocrx_word' id='word_1_217' title='bbox 260 3565 399 3626; x_wconf 70' lang='lat' dir='ltr'>Clericus</span> <span class='ocrx_word' id='word_1_218' title='bbox 413 3586 482 3625; x_wconf 90' lang='lat' dir='ltr'>cum</span> <span class='ocrx_word' id='word_1_219' title='bbox 500 3564 617 3626; x_wconf 88' lang='lat' dir='ltr'>crotalo</span> <span class='ocrx_word' id='word_1_220' title='bbox 632 3565 687 3625; x_wconf 89' lang='lat' dir='ltr'>dat</span> <span class='ocrx_word' id='word_1_221' title='bbox 702 3566 827 3639; x_wconf 71' lang='lat' dir='ltr'>signum</span> <span class='ocrx_word' id='word_1_222' title='bbox 846 3566 1053 3627; x_wconf 77' lang='lat' dir='ltr'>Srilutationis</span> <span class='ocrx_word' id='word_1_223' title='bbox 1069 3565 1247 3642; x_wconf 69' lang='lat' dir='ltr'>Angelieae,</span> 
     </span>
     <span class='ocr_line' id='line_1_32' title="bbox 161 3657 1248 3740; baseline -0.001 -20"><span class='ocrx_word' id='word_1_224' title='bbox 161 3659 197 3720; x_wconf 90' lang='lat' dir='ltr'>ad</span> <span class='ocrx_word' id='word_1_225' title='bbox 221 3659 300 3740; x_wconf 78' lang='lat' dir='ltr'>qrrod</span> <span class='ocrx_word' id='word_1_226' title='bbox 323 3678 429 3721; x_wconf 87' lang='lat' dir='ltr'>omnes</span> <span class='ocrx_word' id='word_1_227' title='bbox 449 3657 719 3734; x_wconf 46' lang='lat' dir='ltr'>goniiflouontssff</span> <span class='ocrx_word' id='word_1_228' title='bbox 775 3658 987 3720; x_wconf 78' lang='lat' dir='ltr'>Revertantur</span> <span class='ocrx_word' id='word_1_229' title='bbox 1009 3660 1040 3720; x_wconf 94' lang='lat' dir='ltr'>in</span> <span class='ocrx_word' id='word_1_230' title='bbox 1063 3661 1248 3732; x_wconf 82' lang='lat' dir='ltr'>sacristiam,</span> 
     </span>
     <span class='ocr_line' id='line_1_33' title="bbox 160 3750 1248 3814; baseline -0.001 0"><span class='ocrx_word' id='word_1_231' title='bbox 160 3753 207 3814; x_wconf 88' lang='lat' dir='ltr'>uti</span> <span class='ocrx_word' id='word_1_232' title='bbox 239 3757 396 3813; x_wconf 77' lang='lat' dir='ltr'>venerant.</span> <span class='ocrx_word' id='word_1_233' title='bbox 443 3751 553 3812; x_wconf 80' lang='lat' dir='ltr'>Postea</span> <span class='ocrx_word' id='word_1_234' title='bbox 584 3751 735 3810; x_wconf 87' lang='lat' dir='ltr'>“clericus</span> <span class='ocrx_word' id='word_1_235' title='bbox 765 3750 919 3812; x_wconf 80' lang='lat' dir='ltr'>amovebit</span> <span class='ocrx_word' id='word_1_236' title='bbox 949 3772 966 3812; x_wconf 90' lang='lat' dir='ltr'>a</span> <span class='ocrx_word' id='word_1_237' title='bbox 998 3750 1097 3812; x_wconf 61' lang='lat' dir='ltr'>(inice</span> <span class='ocrx_word' id='word_1_238' title='bbox 1130 3753 1248 3814; x_wconf 81' lang='lat' dir='ltr'>Altaria</span> 
     </span>
     <span class='ocr_line' id='line_1_34' title="bbox 161 3842 1247 3922; baseline 0.001 -16"><span class='ocrx_word' id='word_1_239' title='bbox 161 3847 290 3922; x_wconf 86' lang='lat' dir='ltr'>majoris</span> <span class='ocrx_word' id='word_1_240' title='bbox 312 3849 426 3905; x_wconf 82' lang='lat' dir='ltr'>vestem</span> <span class='ocrx_word' id='word_1_241' title='bbox 449 3843 560 3903; x_wconf 81' lang='lat' dir='ltr'>eoloris</span> <span class='ocrx_word' id='word_1_242' title='bbox 583 3842 656 3912; x_wconf 87' lang='lat' dir='ltr'>albi,</span> <span class='ocrx_word' id='word_1_243' title='bbox 679 3847 858 3904; x_wconf 88' lang='lat' dir='ltr'>remanente</span> <span class='ocrx_word' id='word_1_244' title='bbox 880 3846 1027 3905; x_wconf 88' lang='lat' dir='ltr'>consueta</span> <span class='ocrx_word' id='word_1_245' title='bbox 1050 3851 1132 3906; x_wconf 82' lang='lat' dir='ltr'>reste</span> <span class='ocrx_word' id='word_1_246' title='bbox 1154 3845 1247 3907; x_wconf 76' lang='lat' dir='ltr'>riola-</span> 
     </span>
     <span class='ocr_line' id='line_1_35' title="bbox 162 3938 245 4000; baseline 0 -1"><span class='ocrx_word' id='word_1_247' title='bbox 162 3938 245 4000; x_wconf 87' lang='lat' dir='ltr'>eea.’&#39;</span> 
     </span>
    </p>
   </div>
   <div class='ocr_carea' id='block_1_4' title="bbox 160 4074 1250 4591">
    <p class='ocr_par' dir='ltr' id='par_1_10' title="bbox 160 4074 1250 4591">
     <span class='ocr_line' id='line_1_36' title="bbox 197 4074 954 4127; baseline 0 -1"><span class='ocrx_word' id='word_1_248' title='bbox 197 4084 206 4115; x_wconf 89' lang='lat'>¹</span> <span class='ocrx_word' id='word_1_249' title='bbox 227 4077 272 4127; x_wconf 84' lang='lat' dir='ltr'>Pa.</span> <span class='ocrx_word' id='word_1_250' title='bbox 291 4076 370 4126; x_wconf 87' lang='lat' dir='ltr'>XXI.</span> <span class='ocrx_word' id='word_1_251' title='bbox 388 4091 420 4127; x_wconf 87' lang='lat' dir='ltr'>ex</span> <span class='ocrx_word' id='word_1_252' title='bbox 439 4075 482 4126; x_wconf 80' lang='lat' dir='ltr'>fer</span> <span class='ocrx_word' id='word_1_253' title='bbox 499 4074 549 4126; x_wconf 82' lang='lat' dir='ltr'>VI.</span> <span class='ocrx_word' id='word_1_254' title='bbox 568 4076 602 4126; x_wconf 88' lang='lat' dir='ltr'>ad</span> <span class='ocrx_word' id='word_1_255' title='bbox 620 4074 677 4124; x_wconf 92' lang='lat' dir='ltr'>Pri·</span> <span class='ocrx_word' id='word_1_256' title='bbox 768 4075 838 4126; x_wconf 87' lang='lat' dir='ltr'>²De</span> <span class='ocrx_word' id='word_1_257' title='bbox 856 4075 954 4126; x_wconf 83' lang='lat' dir='ltr'>Herdt.</span> 
     </span>
     <span class='ocr_line' id='line_1_37' title="bbox 160 4152 1249 4207; baseline 0.002 -5"><span class='ocrx_word' id='word_1_258' title='bbox 160 4153 413 4204; x_wconf 78' lang='lat' dir='ltr'>mam—Altanum</span> <span class='ocrx_word' id='word_1_259' title='bbox 459 4152 606 4203; x_wconf 85' lang='lat' dir='ltr'>denudatio</span> <span class='ocrx_word' id='word_1_260' title='bbox 651 4167 677 4202; x_wconf 87' lang='lat' dir='ltr'>a·</span> <span class='ocrx_word' id='word_1_261' title='bbox 768 4152 857 4201; x_wconf 60' lang='grc' dir='ltr'>8Ηοο</span> <span class='ocrx_word' id='word_1_262' title='bbox 878 4153 969 4203; x_wconf 82' lang='lat' dir='ltr'>triduo</span> <span class='ocrx_word' id='word_1_263' title='bbox 989 4153 1167 4206; x_wconf 83' lang='lat' dir='ltr'>laudabiliter</span> <span class='ocrx_word' id='word_1_264' title='bbox 1186 4156 1249 4207; x_wconf 85' lang='lat' dir='ltr'>reci·</span> 
     </span>
     <span class='ocr_line' id='line_1_38' title="bbox 161 4229 1250 4292; baseline 0.002 -12"><span class='ocrx_word' id='word_1_265' title='bbox 161 4231 286 4281; x_wconf 86' lang='lat' dir='ltr'>dumbrat</span> <span class='ocrx_word' id='word_1_266' title='bbox 304 4230 404 4279; x_wconf 85' lang='lat' dir='ltr'>Christi</span> <span class='ocrx_word' id='word_1_267' title='bbox 421 4229 554 4292; x_wconf 73' lang='lat' dir='ltr'>flagellati</span> <span class='ocrx_word' id='word_1_268' title='bbox 571 4233 598 4280; x_wconf 89' lang='lat' dir='ltr'>ot</span> <span class='ocrx_word' id='word_1_269' title='bbox 613 4229 677 4279; x_wconf 83' lang='lat' dir='ltr'>Cru-</span> <span class='ocrx_word' id='word_1_270' title='bbox 732 4233 808 4280; x_wconf 82' lang='lat' dir='ltr'>tatur</span> <span class='ocrx_word' id='word_1_271' title='bbox 830 4229 953 4290; x_wconf 54' lang='lat' dir='ltr'>stupetur</span> <span class='ocrx_word' id='word_1_272' title='bbox 975 4234 1017 4280; x_wconf 85' lang='lat' dir='ltr'>ter</span> <span class='ocrx_word' id='word_1_273' title='bbox 1041 4231 1066 4279; x_wconf 87' lang='lat' dir='ltr'>in</span> <span class='ocrx_word' id='word_1_274' title='bbox 1090 4232 1133 4282; x_wconf 89' lang='lat' dir='ltr'>die</span> <span class='ocrx_word' id='word_1_275' title='bbox 1155 4236 1183 4284; x_wconf 88' lang='lat' dir='ltr'>et</span> <span class='ocrx_word' id='word_1_276' title='bbox 1205 4233 1250 4283; x_wconf 89' lang='lat' dir='ltr'>ob·</span> 
     </span>
     <span class='ocr_line' id='line_1_39' title="bbox 161 4306 1248 4370; baseline 0.005 -14"><span class='ocrx_word' id='word_1_277' title='bbox 161 4307 233 4356; x_wconf 85' lang='lat' dir='ltr'>ciflxi</span> <span class='ocrx_word' id='word_1_278' title='bbox 266 4308 426 4357; x_wconf 89' lang='lat' dir='ltr'>nuditatem.</span> <span class='ocrx_word' id='word_1_279' title='bbox 479 4307 574 4357; x_wconf 81' lang='lat' dir='ltr'>Altaro</span> <span class='ocrx_word' id='word_1_280' title='bbox 607 4306 677 4355; x_wconf 91' lang='lat' dir='ltr'>enim</span> <span class='ocrx_word' id='word_1_281' title='bbox 732 4306 855 4357; x_wconf 86' lang='lat' dir='ltr'>tinentur</span> <span class='ocrx_word' id='word_1_282' title='bbox 881 4306 1075 4370; x_wconf 78' lang='lat' dir='ltr'>indulgentiae.</span> <span class='ocrx_word' id='word_1_283' title='bbox 1119 4306 1146 4360; x_wconf 84' lang='lat' dir='ltr'>S.</span> <span class='ocrx_word' id='word_1_284' title='bbox 1171 4307 1200 4360; x_wconf 81' lang='lat' dir='ltr'>G.</span> <span class='ocrx_word' id='word_1_285' title='bbox 1226 4308 1248 4362; x_wconf 91' lang='lat' dir='ltr'>I.</span> 
     </span>
     <span class='ocr_line' id='line_1_40' title="bbox 161 4382 947 4449; baseline 0.003 -16"><span class='ocrx_word' id='word_1_286' title='bbox 161 4385 297 4449; x_wconf 86' lang='lat' dir='ltr'>lapideum</span> <span class='ocrx_word' id='word_1_287' title='bbox 322 4387 511 4449; x_wconf 84' lang='lat' dir='ltr'>repraesentat</span> <span class='ocrx_word' id='word_1_288' title='bbox 533 4382 678 4433; x_wconf 75' lang='lat' dir='ltr'>Christum.</span> <span class='ocrx_word' id='word_1_289' title='bbox 734 4382 766 4433; x_wconf 90' lang='grc'>19</span> <span class='ocrx_word' id='word_1_290' title='bbox 785 4382 850 4433; x_wconf 87' lang='lat' dir='ltr'>Jun.</span> <span class='ocrx_word' id='word_1_291' title='bbox 872 4383 947 4435; x_wconf 79' lang='lat'>1885.</span> 
     </span>
     <span class='ocr_line' id='line_1_41' title="bbox 162 4459 680 4513; baseline 0.002 -2"><span class='ocrx_word' id='word_1_292' title='bbox 162 4461 206 4511; x_wconf 82' lang='lat' dir='ltr'>Pa.</span> <span class='ocrx_word' id='word_1_293' title='bbox 230 4460 309 4513; x_wconf 86' lang='lat' dir='ltr'>XXI.</span> <span class='ocrx_word' id='word_1_294' title='bbox 332 4464 408 4511; x_wconf 82' lang='lat' dir='ltr'>totus</span> <span class='ocrx_word' id='word_1_295' title='bbox 428 4464 470 4512; x_wconf 83' lang='lat' dir='ltr'>eat</span> <span class='ocrx_word' id='word_1_296' title='bbox 493 4461 526 4512; x_wconf 87' lang='lat' dir='ltr'>de</span> <span class='ocrx_word' id='word_1_297' title='bbox 549 4459 680 4512; x_wconf 66' lang='lat' dir='ltr'>Ponione</span> 
     </span>
     <span class='ocr_line' id='line_1_42' title="bbox 161 4537 272 4591; baseline 0.009 -1"><span class='ocrx_word' id='word_1_298' title='bbox 161 4537 272 4591; x_wconf 67' lang='lat' dir='ltr'>carini.</span> 
     </span>
    </p>
   </div>
   <div class='ocr_carea' id='block_1_5' title="bbox 0 0 1410 4890">
    <p class='ocr_par' dir='ltr' id='par_1_11' title="bbox 0 0 1410 4890">
     <span class='ocr_line' id='line_1_43' title="bbox 0 0 1410 4890; baseline 0 0"><span class='ocrx_word' id='word_1_299' title='bbox 0 0 1410 4890; x_wconf 95' lang='lat' dir='ltr'> </span> 
     </span>
    </p>
   </div>
  </div>
 </body>
</html>
