2804 4890
495 663 549 719 DE
572 663 693 718 Mlssn
716 664 909 719 CANTATA.
1188 656 1248 719 175

198 835 227 894 3.
249 830 375 912 Absque
393 831 520 910 speciali
540 831 664 894 indulto
684 831 864 911 Apostolieo
884 833 939 895 “in
958 833 1056 896 Missa
1075 852 1152 914 quae
1172 854 1243 895 cum

155 932 260 1001 cantu,
273 926 326 988 sed
339 927 406 987 sine
420 925 577 986 Ministris
592 924 775 1000 celebratur,
790 926 1016 990 incensationes
1031 948 1138 991 omnes
1152 929 1243 990 omit·

155 1020 266 1083 tendas
283 1018 401 1081 sunt.''⁴

198 1115 364 1178 Celebrans
392 1118 495 1195 potest
521 1114 626 1176 sedere
655 1119 691 1178 ut
719 1116 753 1176 in
782 1115 879 1177 Missa
907 1115 1037 1178 solemni
1066 1117 1105 1179 ad
1134 1117 1243 1197 lx'yric,

158 1211 273 1284 Gloria,
296 1214 365 1286 etc,
388 1211 602 1275 descendendo
625 1232 681 1293 per
704 1212 820 1293 gradus
843 1212 987 1275 laterales
1010 1215 1042 1277 et
1065 1214 1248 1278 revertendo

155 1304 307 1384 perviam
321 1304 505 1384 longiorem,
520 1306 660 1367 salutans
673 1305 791 1368 clerum
807 1306 833 1366 si
849 1305 941 1368 adsit.

197 1395 296 1476 Kyria
316 1395 434 1456 dicitur
453 1396 499 1457 vel
522 1395 555 1456 in
574 1416 670 1457 cornu
692 1395 864 1476 blpistolae⁵
885 1396 930 1458 tel
952 1397 985 1456 in
1005 1395 1109 1458 medio
1128 1395 1242 1457 Altari.

196 1492 224 1551 4.
248 1489 320 1552 Duo
343 1489 479 1569 acolythi
503 1490 706 1554 inservientes
736 1489 864 1570 (quibus
890 1490 994 1570 plures
1018 1488 1151 1569 adjungi
1176 1509 1244 1569 poa-

155 1586 262 1665 sunt),
277 1591 474 1667 exequuntur
490 1606 568 1667 quae
585 1607 642 1667 pro
655 1585 802 1648 ministro
820 1586 935 1648 Missae
951 1586 1091 1668 privatae
1107 1586 1248 1668 exposita

154 1683 246 1753 sunt3
265 1678 377 1757 quibus
395 1679 556 1758 sequentia
575 1678 705 1739 addunt.

199 1771 247 1831 Ex
261 1772 402 1834 sacristia
415 1779 488 1834 ante
503 1772 719 1834 Celebrantcm
739 1773 823 1851 (sine
836 1771 1040 1846 candelabris,
1054 1771 1124 1850 sed)
1144 1770 1244 1833 mani·

154 1865 211 1927 bus
225 1866 345 1944 junctis
359 1865 399 1927 ad
413 1865 522 1928 Altarc
536 1865 720 1945 procedunt,
735 1865 923 1929 inclinantes
938 1864 977 1927 ad
992 1865 1121 1927 chorum
1137 1865 1163 1927 ai
1178 1865 1245 1944 jam

154 1959 247 2035 adsit,
265 1964 296 2022 et
313 1966 386 2024 ante
404 1959 513 2022 Altare
534 1961 567 2022 in
586 1960 678 2040 plano
697 1958 922 2039 genuflectunt.

197 2059 224 2116 5.
249 2054 348 2118 Initio
364 2055 477 2116 Missae
494 2059 566 2117 ante
582 2055 698 2134 gradus
714 2054 807 2134 paulo
824 2059 894 2133 post
911 2054 1127 2116 Celebrantem
1143 2072 1245 2134 genua

154 2147 295 2212 flectunt.
340 2148 450 2212 Finita
471 2149 664 2210 confessione
688 2147 781 2227 paulo
804 2153 876 2210 ante
900 2149 1033 2211 Oramus
1055 2152 1191 2228 surgunt
1212 2150 1243 2209 et

154 2244 230 2305 dum
258 2243 424 2307 Celebrans
450 2242 590 2305 ascendit
616 2248 737 2322 partein
764 2242 952 2303 anteriorem
980 2243 1073 2305 vestis
1100 2247 1131 2304 et
1157 2241 1244 2305 albae

156 2338 351 2400 sustollunt.⁶
392 2337 513 2400 Deinde
534 2338 566 2397 in
586 2337 695 2397 intimo
714 2335 814 2416 gradu
834 2356 936 2415 genua
956 2334 1087 2398 flectunt
1095 2355 1104 2410 3
1125 2335 1169 2397 ita
1189 2354 1244 2414 per

154 2439 253 2496 toturn
273 2434 413 2510 Missam,
432 2437 555 2514 practer
575 2439 698 2511 ternpus
717 2432 852 2493 (luorum
872 2430 1125 2509 llvangcliorunr‚
1145 2431 1244 2509 acoly-

156 2526 204 2588 thi
221 2527 407 2605 regulariter
421 2523 637 2605 genuflectunt
655 2525 687 2585 in
703 2523 803 2603 gradu
822 2523 930 2583 infimo
946 2521 1106 2597 anteriori,
1122 2521 1243 2602 primus

154 2619 193 2682 ad
216 2641 312 2682 cornu
337 2620 504 2700 Epistulae,
528 2620 681 2680 sccundus
703 2619 741 2680 ad
766 2639 862 2680 cornu
886 2616 1059 2696 Evangelii.
1106 2617 1140 2678 Si
1164 2637 1245 2677 unus

155 2718 282 2775 tantum
300 2713 461 2792 acolythus
479 2712 638 2783 inserviat,
656 2731 687 2771 se
706 2711 791 2771 sistit
807 2730 825 2770 a
843 2714 937 2789 parts
950 2709 1071 2770 Missali
1090 2707 1242 2788 opposita.

199 2805 453 2884 Quandocunque
489 2804 651 2867 discedant
686 2803 725 2864 ad
761 2802 963 2877 credentiam,
998 2802 1046 2864 vel
1072 2820 1244 2875 scamnum,

154 2902 243 2982 prius
266 2905 338 2963 ante
363 2901 501 2962 medium
528 2898 636 2961 Altare
662 2899 693 2959 in
719 2899 813 2978 plano
837 2897 932 2959 simul
956 2896 1190 2977 genuflectunt3
1214 2900 1246 2960 et

154 2995 267 3058 reversi
284 2994 413 3058 eandem
428 2993 678 3074 genuflexionem
695 2993 820 3054 iterant.
858 2990 1059 3072 Respondent
1075 2991 1184 3053 saltem
1200 3011 1245 3065 ea,

156 3108 234 3168 (luae
252 3088 363 3149 chorus
380 3106 443 3148 non
461 3090 576 3148 cantat.

197 3186 225 3243 6.
250 3181 286 3242 Si
305 3181 471 3243 Celebrans
490 3180 528 3240 ad
547 3178 646 3258 Koria
667 3179 712 3241 vel
735 3178 841 3240 Gloria
860 3177 964 3240 sedere
985 3176 1069 3251 velit,
1088 3175 1128 3239 ad
1147 3195 1244 3238 scam·

157 3297 235 3338 num
248 3277 370 3356 primus
383 3274 421 3335 ab
434 3274 503 3352 ejus
518 3273 646 3345 dextris,
660 3273 740 3334 alter
753 3294 771 3333 a
785 3272 922 3333 sinistris
937 3271 1079 3332 subsistit
1094 3275 1124 3332 ct
1140 3270 1243 3349 plane·

156 3378 221 3434 tarn
244 3389 337 3449 super
358 3366 545 3449 posttergale
568 3366 686 3426 scamni
709 3371 841 3445 ponunt,
862 3370 894 3426 ct
917 3365 1036 3444 primus
1058 3364 1085 3425 ci
1109 3363 1243 3424 birotum

154 3485 225 3526 cum
239 3461 352 3525 osculis
365 3460 508 3542 porrigit.
554 3459 602 3521 Ibi
616 3462 701 3521 stant
714 3459 779 3521 fere
792 3458 930 3520 conversi
943 3456 1022 3519 alter
1034 3455 1073 3518 ad
1087 3454 1244 3517 alterum.⁷

192 3667 257 3719 ⁴D.
294 3667 371 3720 3328.
411 3662 532 3716 1.—'l'ali
570 3662 675 3711 indulto
730 3659 928 3709 incensationss
941 3654 1136 3722 permisit⁴‘in
1152 3652 1245 3703 Missis

157 3744 302 3795 nonnullae
356 3742 491 3793 dioeceses
544 3738 673 3802 gaudent.
729 3736 822 3799 aliqua
850 3734 949 3795 majori
978 3731 1151 3781 solemnitate
1179 3729 1244 3779 cele·

159 3814 360 3872 Archidioecesi
394 3817 445 3867 Sti.
480 3813 611 3865 Ludovici
646 3812 673 3860 in
730 3813 803 3861 lrari
841 3809 969 3860 solitis.”
1015 3809 1030 3857 7
1068 3807 1130 3857 Dec.
1170 3808 1245 3867 1888,

158 3902 319 3962 tarpetuum
341 3908 468 3946 concessa
488 3896 528 3942 est
554 3890 675 3940 facultas
730 3889 806 3937 3097.
830 3888 854 3937 3.

158 3972 305 4025 adhibendi
362 3968 590 4022 thurificationem
647 3965 673 4013 in
762 3965 869 4016 ⁶Caer.
889 3963 1089 4028 Rom-seraph.
1108 3979 1133 4012 n.
1153 3964 1213 4012 411.

159 4050 260 4112 Missis,
282 4062 351 4113 quae
371 4047 406 4097 ob
428 4045 565 4096 defectum
586 4056 672 4092 sacro·
765 4040 872 4103 ὓ(ξιιοιί
907 4039 970 4089 aliis
1002 4035 1160 4087 auctoribus
1192 4050 1244 4084 non

158 4142 218 4176 rum
235 4125 424 4175 Ministrorum
444 4123 470 4170 in
489 4121 570 4171 festis
587 4119 673 4183 dupli·
729 4117 827 4182 placet.

158 4203 236 4253 cibus
257 4204 299 4252 1ae
319 4205 347 4251 et
370 4202 413 4250 2ae
434 4200 466 4248 cl.
488 4198 590 4260 alisque
611 4195 673 4244 Dia·
765 4198 776 4231 7
797 4193 846 4243 Vel
861 4196 974 4256 possunt
989 4192 1089 4251 sedere,
1105 4193 1134 4238 at
1150 4205 1201 4237 non
1218 4189 1244 4237 in

158 4294 225 4329 cono
247 4283 275 4328 et
298 4277 470 4326 subdiacono
493 4274 673 4323 celebrantur.
728 4271 821 4320 eodem
855 4283 972 4327 scamno,
1007 4282 1055 4315 nec
1090 4266 1115 4312 in
1151 4266 1244 4315 eadem

159 4355 260 4419 Synod.
274 4353 365 4404 Dioec.
380 4352 431 4402 Sti.
445 4352 513 4401 Imd.
530 4350 577 4399 ll'.
592 4365 617 4413 p.
632 4349 673 4396 22.
731 4347 802 4396 linea
817 4361 847 4394 nc
863 4344 1018 4404 t'elebrnns,
1033 4343 1080 4391 sed
1096 4355 1178 4405 strper
1193 4343 1245 4392 duo

158 4431 259 4482 —P.1‘.
282 4430 427 4501 Caprrcinia
449 4428 477 4479 S.
501 4429 530 4482 It,
554 4429 582 4476 t).
606 4424 675 4474 tales
729 4423 848 4471 scultella
864 4422 945 4485 paulo
961 4427 1026 4470 anto
1043 4419 1130 4486 ipsum
1146 4419 1245 4486 posita,
