2804 4890
209 667 261 723 DE
286 667 440 723 ORDINE
462 666 503 721 IN
532 664 873 721 processio-xmus
898 661 1122 720 snavarbo.
1158 649 1217 714 523

174 821 224 900 (c)
253 821 362 883 Clarus
383 822 559 898 saecularis,
580 826 653 886 ante
675 842 766 903 quem
789 821 908 884 incedit
931 819 1075 883 Crucifer
1097 815 1220 881 medius

128 915 212 975 inter
237 914 440 979 ceroferarios
448 936 457 991 ;
486 916 617 977 Crucem
644 923 818 995 sequuntur
845 912 878 975 10
907 914 1019 976 chorus
1046 912 1219 974 Cantorum

128 1005 330 1082 clericorum3
362 1006 395 1067 20
429 1008 551 1069 alumni
584 1008 771 1083 seminarii,
803 1004 839 1067 3⁰
872 1007 974 1068 curati
1007 1002 1219 1066 Ecclesiarum

128 1100 373 1179 parochialium3
388 1099 421 1160 4⁰
440 1100 549 1162 Clerus
565 1100 774 1162 Ecclesiarum
789 1099 1026 1179 collegiatarum
1035 1118 1044 1174 3
1059 1095 1093 1157 5⁰
1111 1094 1220 1159 Clerus

129 1191 285 1255 Ecclesiae
306 1191 513 1268 CathedraliS,
533 1192 712 1272 “digniores
732 1193 848 1269 ultimi,
868 1211 974 1254 omnes
996 1191 1063 1252 bini
1083 1195 1114 1253 et
1134 1188 1220 1262 bini;

128 1286 156 1345 si
178 1304 328 1347 numerus
352 1285 393 1347 sit
419 1287 530 1365 impar,
556 1285 660 1346 ultimi
685 1292 778 1348 erunt
800 1284 894 1349 tres.''
938 1284 1161 1347 Praecedentia
1186 1283 1219 1344 in

129 1377 375 1457 processionibus
396 1378 611 1440 consideratur
633 1400 650 1440 a
671 1379 906 1459 propinquitate
929 1396 1034 1440 versus
1057 1376 1220 1438 Celebran-

129 1478 203 1545 tem,
221 1490 299 1551 resp.
319 1472 376 1532 SS.
396 1472 658 1533 Sacramentum.⁰

176 1564 229 1642 (d)
258 1563 381 1628 Ultimo
402 1564 568 1626 Celebrans
589 1563 711 1626 medius
732 1566 816 1628 inter
837 1563 1012 1626 Diaconum
1034 1567 1066 1626 et
1089 1561 1219 1624 Subdiu-

128 1675 242 1716 conum
266 1656 395 1736 (absque
414 1657 619 1737 manipulis),
638 1657 774 1739 pluviale
790 1657 955 1720 elevantes.
998 1656 1032 1718 Si
1051 1677 1121 1720 rero
1142 1653 1220 1716 Sub·

129 1747 277 1809 diaconus
307 1749 437 1810 Crucem
467 1748 598 1825 deferat,
627 1749 784 1812 Diacouus
812 1771 830 1812 a
859 1748 995 1811 sinistris
1026 1747 1221 1811 Celebrantis

131 1841 257 1915 incedit,
284 1862 346 1902 non
373 1841 496 1904 elevans
523 1841 668 1922 pluviale.
717 1842 986 1904 Caeremoniarius
1011 1861 1107 1923 prope
1135 1840 1219 1903 Cele-

130 1933 271 1994 brantem
299 1934 425 2008 incedit,
453 1934 577 2013 quando
605 1935 844 1996 discurrendum
872 1955 935 1996 non
964 1934 1006 1996 sit
1033 1934 1073 1996 ad
1101 1953 1220 2014 proces·

130 2027 249 2086 sionem
267 2026 488 2105 dirigendam.⁷
529 2028 679 2088 Carteres
696 2027 768 2088 laici
785 2033 816 2089 et
834 2027 945 2088 musici
963 2032 1036 2088 ante
1053 2030 1221 2104 utrumque

131 2116 257 2178 Clarum
283 2118 479 2197 proceclunt.⁸

177 2211 226 2289 (e)
255 2210 441 2271 Inrmcdiate
464 2217 533 2290 post
557 2211 772 2274 Celebrantem
796 2211 934 2273 Praelati
958 2210 1116 2273 incedunt.

177 2303 224 2383 (s)
252 2302 394 2364 Tandem
412 2308 644 2382 prosequuntur
663 2303 735 2364 laici
755 2302 878 2382 reliqui,
897 2303 999 2384 primo
1018 2302 1089 2378 viri,
1108 2301 1221 2364 deinde

129 2394 309 2457 foeminae.l

173 2490 200 2547 3.
225 2487 338 2548 Clerici
355 2486 586 2567 superpelliceis
600 2487 705 2549 induti
721 2508 786 2550 esse
802 2488 925 2562 debent,
941 2488 1037 2549 etiam
1054 2485 1221 2566 regulares,

129 2580 265 2660 exceptis
281 2580 441 2642 monachis
456 2585 486 2642 et
504 2579 764 2655 mendicantibus,
780 2581 834 2660 qni
849 2580 883 2640 in
898 2580 1009 2641 habitu
1025 2581 1074 2641 sui
1093 2577 1222 2641 Ordinis

131 2672 290 2735 incedunt.
354 2673 520 2735 Celebrans
561 2671 783 2752 superpelliceo
829 2673 901 2751 (aut
939 2671 1024 2750 alba)
1071 2677 1102 2735 ct
1143 2667 1222 2733 stola

129 2786 249 2828 necnon
277 2765 406 2846 pluviali
434 2764 565 2828 indutus
588 2769 643 2828 est.
693 2765 749 2828 SS.
778 2765 1017 2827 Sacramentum
1044 2765 1077 2826 in
1102 2783 1221 2846 proces-

131 2860 216 2921 sione
234 2860 301 2921 sine
319 2858 451 2938 pluviali
469 2859 590 2921 deferre
608 2879 671 2920 non
689 2857 800 2920 licet.¹⁰

173 2951 262 3013 lutra
287 2951 457 3012 Ecclesiam
481 2950 656 3027 Celebrans,
680 2973 703 3013 s.
725 2949 869 3013 Ministri
890 2952 1005 3031 aliique
1028 2952 1130 3033 parati
1152 2955 1220 3014 tan-

130 3049 209 3117 tum,
238 3050 327 3106 extra
358 3043 528 3105 Ecclesiam
560 3063 666 3106 omnes
697 3043 802 3106 clerici
834 3046 936 3124 capite
967 3049 1048 3107 tecto
1080 3042 1221 3105 incedere

130 3141 270 3213 possunt,
304 3137 439 3214 exceptis
472 3135 732 3211 (''acrcmoniario‚
767 3136 971 3201 thuriferario
1006 3143 1036 3200 et
1070 3135 1221 3215 acolythis

131 3233 222 3307 atque
245 3228 282 3287 iis
303 3229 356 3307 qni
379 3227 536 3307 Reliquias
558 3229 603 3290 vel
626 3231 745 3290 statuas
768 3229 956 3290 Sanctorum
977 3229 1134 3291 deferunt.
1177 3229 1221 3290 Ar

133 3321 163 3379 in
183 3319 439 3399 processionibus,
457 3321 490 3382 in
508 3319 620 3399 quibus
638 3320 695 3381 SS.
714 3321 951 3382 Sacramentum
969 3321 1016 3383 vel
1036 3322 1092 3382 SS.
1112 3321 1222 3383 Crucis

132 3412 255 3489 lignum
280 3410 432 3486 defertur,
456 3431 563 3474 omnes
588 3411 709 3475 detecto
735 3413 836 3491 capite
863 3413 1004 3475 incedere
1030 3413 1178 3476 debent.¹¹

173 3509 202 3567 4.
223 3503 329 3577 Quoad
357 3503 509 3564 circulum
533 3503 737 3583 processionis
762 3510 903 3565 servatur
927 3504 1118 3567 consuetudo
1143 3504 1222 3566 loco·

133 3619 211 3659 rum.
257 3597 415 3657 Processio
438 3597 520 3658 intra
542 3594 711 3656 Ecclesiam
736 3596 848 3674 incipit
869 3617 887 3659 a
909 3601 998 3677 parte
1021 3596 1222 3672 Evangelii,1²

133 3691 178 3752 rcl
197 3713 213 3751 a
232 3694 319 3770 parte
339 3689 535 3768 Epistolac.¹³
574 3687 634 3749 “ln
651 3688 734 3749 bisce
753 3688 962 3764 regionilms‚''
981 3691 1026 3751 ait
1045 3689 1091 3751 Dc
1111 3689 1224 3763 llerdt,

134 3783 363 3845 “comnmnitcr
383 3781 563 3861 proceditur
585 3800 682 3859 nsque
706 3780 744 3842 ad
768 3782 909 3859 januam,
931 3787 962 3845 ct
985 3787 1061 3844 tunc
1082 3781 1224 3843 dextram

132 3876 265 3938 tenendo
287 3877 320 3937 fit
343 3873 479 3937 circulus
499 3871 726 3954 progrediendo
747 3874 786 3935 ad
808 3878 929 3955 partem
950 3873 1113 3951 Evangelii
1135 3874 1223 3936 Alta·

135 3968 207 4029 ris.''
258 3969 356 4030 Extra
384 3965 556 4028 Ecclesiam
585 3965 624 4029 ad
652 3968 774 4047 partem
801 3965 942 4029 dextram
973 3967 1142 4046 pergitur¹⁴
1171 3986 1224 4028 seu

165 4096 233 4147 “Cb
251 4097 284 4147 Ι).
302 4097 361 4147 352.
738 4104 763 4137 1¹
774 4097 807 4149 D.
833 4098 914 4161 18373
943 4100 1023 4161 18413
1050 4102 1076 4148 et
1101 4099 1142 4149 23.
1166 4097 1223 4148 Jul.

165 4172 222 4224 ⁷D.
242 4174 301 4224 350.
704 4174 780 4238 1897,
797 4189 823 4225 a.
841 4174 917 4224 3961.

166 4248 231 4300 ⁸Cf.
255 4249 287 4299 D.
310 4250 369 4301 397.
392 4251 416 4300 2.
738 4250 936 4302 12Gardellini.

168 4326 245 4376 anit.
270 4327 301 4375 R.
326 4332 353 4374 et
378 4325 404 4375 S.
431 4326 458 4376 C.
483 4328 513 4376 B.
538 4327 656 4380 Decreta
736 4326 889 4377 ¹³Garant.
904 4330 932 4376 et
949 4326 1055 4390 Quarti.

129 4402 214 4453 varia.
736 4402 855 4454 ¹⁴Gard.

166 4485 190 4517 1⁰
201 4478 234 4529 D.
253 4480 330 4529 3039.
350 4479 374 4529 3.
