2804 4890
684 397 695 423 Ο

181 683 244 748 312
424 693 478 750 ΒΕ
501 694 620 751 susle
641 694 695 754 VI.
717 696 760 752 IN
783 696 1025 757 Pususcnvn.

609 962 717 1025 'l'ertis
738 962 824 1025 Pers.

226 1113 364 1178 Csssss.
388 1114 428 1180 V.
452 1116 583 1180 Crucem
606 1122 692 1180 tuam
712 1119 888 1190 adoramus,
908 1120 1061 1183 Domine:
1081 1124 1111 1183 et
1130 1125 1271 1186 sanctam

184 1211 442 1272 resurrectionem
469 1215 555 1273 tuam
583 1211 756 1284 laudamus,
784 1216 814 1274 et
839 1212 1067 1293 plorificamus:
1094 1235 1160 1276 ecce
1187 1213 1272 1278 enim

182 1307 311 1383 propter
325 1301 447 1382 lipnum
463 1305 548 1366 venit
561 1305 713 1384 paudium
728 1304 762 1367 in
775 1305 919 1368 uniuerso
936 1306 1062 1368 mundo.

226 1395 353 1457 PSALM.
377 1397 425 1456 66.
448 1396 534 1458 Deus
553 1398 738 1459 miscreatur
755 1396 865 1470 nostri,
884 1402 914 1460 ot
933 1397 1094 1462 benedicat
1113 1400 1211 1462 nolis.

224 1490 242 1549 2
265 1505 305 1550 ΕΤ
328 1491 346 1548 3
370 1488 426 1552 CL.
449 1488 486 1550 R.
510 1487 674 1552 illuminet
692 1491 814 1552 uultum
831 1511 924 1552 suum
939 1512 1035 1572 super
1051 1511 1116 1563 nos,
1135 1496 1163 1553 et
1182 1493 1271 1555 mise·

181 1586 289 1645 reatur
306 1581 416 1646 nostri.

224 1675 362 1738 Ouessa.
388 1675 426 1737 V.
450 1675 582 1738 Crucem
605 1680 690 1737 tuam
711 1677 886 1748 odoramus,
906 1676 1059 1740 Domine:
1080 1682 1110 1739 et
1129 1682 1270 1739 sanctam

180 1771 439 1833 resurrectionem
467 1773 553 1831 tuam
581 1768 755 1839 laudamus,
782 1773 810 1831 et
838 1769 1066 1850 plorificamus:
1092 1790 1158 1831 ecce
1186 1769 1269 1832 euim

181 1867 310 1942 propter
323 1861 446 1942 lipnum
461 1862 546 1923 venit
560 1860 711 1942 paudium
727 1863 759 1924 in
775 1861 919 1926 uniuerso
935 1862 1062 1926 mundo.

223 1957 242 2014 2
265 1970 305 2015 ΕΤ
328 1953 384 2017 CL.
407 1954 443 2016 R.
468 1953 555 2016 Orus
575 1954 687 2033 fidelis,
709 1955 794 2015 inter
815 1975 921 2018 orienes
942 1955 1034 2016 arbor
1054 1974 1118 2016 una
1139 1952 1271 2016 nolitis:

180 2049 270 2110 nulla
281 2048 360 2110 siloa
374 2050 466 2111 telem
481 2050 613 2130 profert,
624 2048 748 2129 fronde,
762 2046 847 2126 flore,
861 2048 1010 2128 permina.

222 2139 321 2204 Dulce
336 2141 469 2222 lipnum,
485 2142 590 2203 dulces
605 2142 715 2212 clavos,
731 2142 820 2204 dulce
835 2140 957 2221 pondus
972 2142 1116 2207 sustinet.

223 2232 361 2295 Oeenses.
385 2233 437 2296 V.¹
461 2235 568 2315 Ponpe
590 2235 701 2314 linqua
720 2233 848 2313 pluriosi
869 2236 1006 2296 lauream
1027 2235 1218 2308 certaminis,
1239 2240 1269 2299 et

179 2347 274 2409 super
308 2326 408 2389 crucis
444 2329 590 2407 trophaeo
627 2325 677 2388 dic
714 2327 910 2406 triumphum
946 2325 1099 2389 nobilem:
1134 2328 1269 2409 qualiter

179 2420 371 2502 Redemptor
386 2419 469 2484 orbis
485 2422 667 2483 immolatus
683 2419 801 2482 vicerit.

221 2517 239 2573 2
262 2531 303 2574 ss
325 2516 343 2573 3
367 2513 422 2575 CL.
443 2514 480 2576 R.
505 2514 591 2575 Crur
605 2513 717 2593 fidelis,
734 2513 817 2575 iuter
832 2534 937 2575 onenes
952 2514 1045 2575 arboe
1058 2534 1122 2575 eona
1137 2514 1267 2576 nobilis:

179 2609 268 2669 nulla
284 2607 363 2669 sil-ra
384 2608 476 2669 talem
496 2609 626 2688 profert,
646 2606 769 2688 trorede,
788 2605 873 2684 tiore,
894 2606 1043 2684 perusino.

222 2699 360 2761 CELEBR.
383 2700 423 2759 V.
445 2699 492 2761 De
514 2697 654 2780 parentis
675 2699 863 2779 protoplasti
882 2698 995 2779 sraerdc
1018 2698 1133 2761 Factae
1155 2698 1265 2761 condo·

179 2794 255 2863 lens,
273 2792 395 2872 quando
411 2792 498 2872 pomi
514 2791 647 2853 noxialis
664 2792 698 2852 iu
716 2812 820 2853 necem
840 2812 944 2852 morsu
962 2792 1043 2852 ruit:
1060 2791 1125 2872 ipse
1143 2793 1265 2871 lipnum

180 2890 255 2947 tunc
268 2886 397 2955 notavit,
412 2886 528 2946 demna
541 2882 621 2964 lipni
634 2888 670 2946 ut
684 2885 825 2946 solveret.

220 2980 238 3037 2
261 2993 301 3037 ΕΤ
324 2980 341 3035 3
366 2976 421 3038 CL.
446 2976 481 3038 R.
504 2976 603 3039 Dulce
624 2977 756 3057 lipsium,
777 2976 882 3038 dulces
902 2977 1013 3047 claros,
1033 2975 1122 3038 dulce
1142 2975 1266 3056 pondus

177 3069 322 3133 sustinet.

220 3161 359 3224 Census.
382 3162 422 3224 V.
446 3162 516 3225 Hoc
541 3183 618 3243 opus
643 3166 766 3224 nostroe
790 3162 902 3223 salietis
927 3160 1001 3222 ordo
1028 3159 1265 3241 depoposcerat:

177 3256 384 3338 multiformis
397 3255 567 3336 proditoris
579 3277 629 3317 ors
642 3260 677 3316 ut
690 3259 789 3316 ortem
802 3255 927 3334 falleret
935 3275 943 3314 .·
957 3258 986 3315 et
1002 3253 1152 3315 medelam
1165 3254 1264 3332 ferret

176 3350 260 3421 inde,
278 3349 376 3412 hostis
392 3348 474 3410 undo
494 3350 632 3414 laeserat.

218 3446 236 3502 2
259 3458 299 3503 m·
322 3444 340 3502 3
364 3440 419 3502 CL.
443 3441 477 3502 le.
502 3442 588 3502 (leur
602 3440 714 3519 fidelis,
730 3440 815 3501 inter
829 3460 934 3500 orienes
949 3439 1041 3499 nrlror
1055 3457 1118 3498 eirea
1135 3435 1264 3498 nobilis:

176 3538 264 3599 nulla
281 3536 361 3599 siloa
382 3537 472 3597 talene
494 3537 625 3616 profert,
643 3533 767 3614 fronde,
786 3531 871 3611 flore,
891 3532 1040 3611 perne-ine.

219 3629 357 3691 Culusa.
380 3628 419 3688 V.
444 3628 576 3705 (leuando
601 3625 685 3688 uenit
712 3646 783 3705 erpo
808 3625 889 3685 socri
913 3623 1076 3704 plenitudo
1104 3618 1262 3702 temporis

176 3725 289 3785 missus
305 3727 349 3784 est
366 3723 402 3784 ab
420 3743 488 3783 arce
508 3721 612 3780 Patris
629 3718 742 3788 Alutus,
760 3716 841 3780 orbis
859 3717 1028 3780 Conditor:
1044 3719 1136 3795 atque
1155 3717 1262 3774 rreutre

172 3815 321 3896 virpinall
334 3836 425 3878 carne
438 3813 571 3876 ansietus
584 3810 711 3892 prodiit.

217 3912 234 3969 2
258 3926 298 3969 uu
321 3913 338 3968 3
363 3907 418 3969 CL.
442 3907 478 3968 R.
502 3905 600 3967 Dulce
621 3903 753 3983 lipnum,
774 3903 879 3965 dulces
899 3903 1009 3973 clavos,
1030 3901 1119 3963 drelce
1139 3900 1262 3981 pondus

173 4004 318 4065 sustinet.

217 4095 356 4156 Culmus.
379 4092 418 4153 V.
446 4091 540 4171 Vopit
566 4091 672 4170 infans
697 4090 781 4151 inter
804 4093 891 4150 arcta
915 4086 1060 4150 conditus
1084 4087 1261 4167 praesepia:

176 4190 314 4250 membra
332 4186 445 4267 pannis
465 4185 605 4245 inuoluto
630 4183 725 4261 Virpo
746 4185 846 4241 mater
864 4181 991 4259 allipat:
1011 4184 1040 4241 et
1060 4179 1120 4239 Dei
1142 4198 1261 4248 ritanus,

173 4282 325 4363 pedesque
342 4279 453 4339 stricta
470 4275 569 4353 cinpit
586 4277 694 4356 fuscia.

210 4432 366 4495 ¹Hyrnnus
400 4430 493 4488 Panpe
528 4428 630 4487 liupun,
663 4430 692 4477 et
744 4424 813 4474 titur
835 4424 907 4472 Crux
927 4423 1023 4484 fidelis,
1045 4423 1086 4471 vel
1108 4422 1192 4471 Dulee
1213 4423 1261 4484 lip-

161 4515 232 4574 poet
248 4509 397 4575 quemlibet
415 4508 478 4572 ejus
495 4521 599 4556 versum
618 4519 691 4570 repe·
746 4517 817 4564 uum,
831 4507 859 4551 ut
875 4502 921 4552 ibi.
