2804 4890
461 706 546 761 APP.
571 706 613 762 11.
654 706 708 761 DE
733 707 925 763 PLANETA.
1181 700 1244 766 565

153 867 186 931 S.
204 867 463 949 Congregatione,
481 867 515 928 in
531 886 587 930 sua
603 867 697 949 plena
713 887 895 950 permanere
911 870 942 930 vi
959 889 994 931 ac
1012 867 1129 946 robore,
1147 885 1246 948 neque

152 960 251 1022 ullam
271 960 403 1023 existere
423 960 639 1041 nuperrimam
660 960 908 1040 dispositionem,
928 981 1006 1042 quae
1027 960 1132 1042 aliquo
1153 959 1246 1023 modo

151 1052 259 1116 eadem
281 1051 539 1116 modificaverit.’'

196 1151 244 1209 10.
266 1146 316 1207 Ab
337 1146 431 1211 inItio
449 1145 539 1208 nulla
559 1145 667 1226 regula
689 1146 750 1209 fixa
770 1147 853 1209 circa
874 1148 1048 1224 materiam,
1068 1168 1084 1211 e
1105 1167 1167 1228 qua
1188 1145 1246 1210 Ca·

152 1239 238 1302 sulae
253 1245 355 1302 essent
372 1238 582 1302 conficiendae
599 1238 778 1302 habebatur.
818 1239 957 1302 Diversis
976 1240 1050 1304 locis
1068 1246 1099 1303 et
1116 1237 1247 1302 diversis

154 1332 346 1413 temporibus
373 1332 498 1395 videtur
525 1330 645 1395 diversa
672 1331 803 1395 materia
831 1333 927 1394 fuisse
954 1331 1105 1410 adhibita,
1133 1332 1247 1409 linum,

152 1425 333 1505 gossypium
354 1429 385 1488 et
406 1426 502 1488 etiam
523 1424 605 1486 lana.
645 1425 797 1486 Attamen
818 1443 983 1505 progressu
1003 1426 1164 1507 temporis,
1186 1445 1247 1506 quo

152 1517 282 1580 ditiores
307 1517 452 1582 ecclesiae
480 1518 605 1594 fiebant,
632 1537 668 1580 eo
694 1517 797 1597 major
824 1517 991 1598 diligentia
1015 1519 1123 1600 procul
1151 1519 1247 1582 dubio

153 1610 353 1673 exercebatur
371 1612 404 1671 in
423 1607 627 1691 procurandis
645 1610 837 1690 paramentis
856 1611 1010 1690 pretiosis.
1052 1611 1247 1675 Documenta

154 1707 278 1766 exstant
292 1703 451 1779 historica,
466 1722 544 1783 quae
557 1702 633 1764 satis
650 1702 876 1778 demonstrant,
893 1704 1014 1766 saeculo
1031 1704 1091 1768 IX.
1119 1703 1248 1766 Casulas

154 1797 267 1859 sericas
282 1795 392 1859 multis
408 1795 484 1860 locis
500 1796 534 1857 in
551 1815 610 1857 usu
627 1795 733 1858 fuisse.
774 1796 877 1858 Simul
895 1816 967 1860 vero
983 1817 1056 1860 curn
1072 1796 1156 1861 hisce
1173 1796 1248 1859 seri-

154 1888 199 1952 cis
219 1889 414 1951 restimentis
436 1887 531 1952 etiam
554 1887 674 1951 exalia
698 1887 857 1951 confectae
880 1895 978 1953 vestes
1001 1889 1205 1952 habebantur.

199 1985 247 2044 11.
272 1981 393 2044 Malum
422 1985 528 2044 autem
557 1984 687 2061 gustum
717 1980 922 2045 ostendebant
954 1981 1013 2059 illi,
1042 1984 1096 2063 qui
1126 1982 1249 2044 saeculo

156 2074 286 2137 XVIII.
326 2073 454 2137 Casulas
470 2094 487 2137 e
503 2074 587 2137 corio
604 2073 651 2137 vel
668 2076 855 2136 stramento⁵
872 2075 1083 2137 confecerunt.
1113 2075 1247 2137 Etiamsi

154 2187 218 2231 non
236 2167 303 2230 sine
318 2171 385 2229 arte
401 2168 475 2229 haec
491 2165 677 2230 vestimenta
693 2167 815 2230 fuerim
831 2167 1000 2243 confectae,
1017 2172 1100 2231 certe
1116 2165 1247 2230 materia

155 2265 221 2322 erat
238 2260 365 2340 penitus
383 2258 489 2339 inepta
506 2264 537 2321 et
554 2259 723 2321 indecens.e

198 2355 246 2414 12.
270 2349 427 2427 Diximus,
455 2353 621 2413 materiam
649 2371 705 2431 pro
736 2350 877 2414 Planctis
911 2352 959 2432 (et
988 2352 1072 2416 idem
1101 2352 1182 2417 valet
1210 2353 1249 2415 de

157 2445 244 2509 Stola
268 2449 301 2508 et
325 2442 507 2523 Manipulo)
538 2464 602 2507 esse
628 2445 767 2506 sericam.
813 2444 932 2507 Verum
960 2444 992 2506 id
1017 2446 1100 2508 valet
1123 2451 1247 2508 tantum

155 2538 193 2600 de
211 2540 299 2618 parte
317 2535 487 2617 principali
505 2541 536 2599 et
553 2535 722 2611 essentiali,
741 2536 872 2599 minime
891 2537 929 2600 de
948 2538 1135 2612 accessoriis,
1155 2539 1247 2601 sicuti

155 2630 193 2694 de
210 2628 326 2704 fasciis,
343 2628 476 2708 picturis
493 2634 523 2691 et
541 2629 604 2690 alio
621 2633 745 2691 ornatu.
785 2629 854 2691 Etsi
873 2631 968 2692 ctiam
986 2632 1037 2693 hic
1055 2632 1188 2693 sericum
1206 2632 1248 2694 sit

155 2724 287 2785 materia
318 2723 432 2802 aptior,
465 2720 673 2783 nihilominus
704 2722 880 2802 gcneratim
911 2722 976 2786 alia
1008 2725 1141 2787 materia
1173 2725 1248 2788 tole-

156 2820 253 2878 ratur.

197 2911 244 2969 13.
269 2907 353 2970 Fieri
380 2927 453 2970 sane
478 2927 541 2972 non
565 2908 698 2988 poterat,
724 2908 799 2987 quin
827 2906 1049 2971 indumentum
1076 2908 1151 2972 adeo
1177 2930 1248 2972 con·

155 3001 310 3082 spicuum,
341 2999 432 3080 quale
462 3005 509 3062 est
542 2999 674 3062 Plancta
705 3019 758 3061 seu
788 2999 902 3063 Casula
934 3001 1067 3064 decursu
1100 3004 1249 3083 temporis

157 3095 258 3158 varios
278 3098 407 3155 ornatus
426 3092 589 3154 obtineret.
632 3091 729 3155 Nulla
748 3093 807 3168 lex,
827 3114 866 3157 ne
886 3093 977 3158 hodie
997 3094 1134 3176 quidem,
1153 3097 1248 3160 talem

156 3190 304 3251 ornatum
326 3184 480 3268 prohibet,
504 3183 673 3248 dummodo
698 3186 739 3248 sit
764 3207 921 3268 congruus
944 3188 998 3250 fini
1025 3209 1080 3252 suo
1104 3196 1136 3253 et
1160 3189 1248 3252 dovo-

187 3384 328 3438 ⁸Ireatber
345 3399 376 3438 or
393 3387 485 3436 straw.
724 3383 897 3436 schlimmste.
948 3384 1017 3436 Eine
1051 3400 1162 3451 sergere
1191 3402 1248 3437 war

188 3463 250 3513 ‘Es
272 3476 329 3513 war
351 3460 517 3526 keInsswegs
538 3459 677 3512 wertloses
726 3459 770 3511 die
795 3460 880 3511 Kasel
904 3475 954 3511 aus
978 3460 1068 3512 Stroh.
1111 3463 1170 3512 Yon
1194 3478 1248 3514 rno-

155 3537 236 3603 Ζευς,
259 3552 316 3589 was
339 3552 402 3588 man
427 3552 475 3587 zur
498 3536 677 3600 Heratellung
726 3535 823 3587 dorner
844 3536 925 3586 Form
947 3538 1099 3588 natuerlicb
1121 3541 1176 3590 und
1197 3539 1248 3588 mit

154 3615 242 3666 dieser
279 3613 405 3666 ledernen
443 3613 677 3677 Metagewaender
725 3612 927 3678 Verzierungen
986 3614 1041 3664 und
1099 3614 1247 3666 Besaetzan

154 3693 320 3742 verwertete.
356 3689 413 3740 Das
430 3688 518 3742 leder
534 3702 590 3738 war
607 3688 678 3738 nach
725 3688 863 3750 versaban,
909 3688 952 3739 die
998 3689 1154 3755 gleichfalls
1199 3704 1248 3741 aus

155 3768 208 3818 Art
232 3767 280 3817 der
303 3766 504 3830 Iaedertapeten
527 3764 677 3831 vergoldet,
726 3761 808 3814 Stroh
831 3765 956 3826 gemacht
978 3780 1076 3828 waren,
1098 3767 1188 3816 warde
1209 3766 1248 3817 sie

154 3842 206 3894 mit
241 3842 356 3893 Blumen
393 3840 497 3893 bamalt
533 3840 589 3890 und
626 3837 678 3889 mit
726 3839 768 3890 als
796 3840 984 3904 Messgewand
1012 3841 1057 3891 bei
1085 3842 1132 3892 der
1160 3841 1248 3892 Weilr·

154 3920 326 3984 Pressungen
342 3917 479 3979 verseben,
496 3916 562 3967 aber
577 3929 607 3966 es
621 3928 678 3965 war
725 3917 908 3967 nachtsmosse
924 3917 1082 3981 gebraucbt.
1115 3917 1166 3969 Die
1182 3918 1248 3969 Mei·

156 3997 225 4047 doch
250 3995 351 4047 zuletzt
375 4006 427 4043 nur
451 3991 496 4043 ein
522 3991 605 4054 stols,
632 3991 679 4042 der
726 4007 803 4055 nung
826 3993 929 4054 dessan,
955 3993 1002 4044 der
1026 3992 1070 4043 dio
1094 3993 1177 4043 Kasel
1202 4008 1247 4044 an·

155 4073 213 4124 sich
232 4070 374 4124 allentalls
393 4069 456 4121 fuer
475 4068 554 4120 sinen
574 4068 679 4129 Kollar,
727 4067 849 4130 fertigen
879 4067 951 4131 liass,
979 4083 1036 4119 war
1065 4069 1161 4132 gcwIsa
1189 4072 1248 4133 gut,

154 4150 231 4200 nicht
251 4147 318 4201 aber
339 4146 404 4198 fuer
423 4145 468 4197 ein
490 4144 679 4207 Messgawand
726 4144 777 4195 das
798 4145 917 4195 Gewand
940 4144 1014 4205 aber,
1036 4159 1112 4195 werin
1135 4159 1197 4195 man
1219 4159 1250 4195 es

154 4225 271 4292 signeto.
314 4222 432 4286 (Braun,
452 4220 609 4271 Kircblicbe
629 4219 678 4270 Ge·
726 4219 897 4285 ueberbaupt
918 4235 948 4270 so
970 4235 1075 4272 nennen
1097 4221 1179 4283 kann,
1201 4220 1249 4271 der

154 4303 300 4364 wandung‚
320 4315 347 4365 p.
368 4298 444 4360 207.)
726 4300 836 4358 aergste
870 4296 967 4346 Frevel
1003 4310 1047 4346 arn
1082 4300 1164 4361 gnten
1198 4295 1248 4347 (Ia-

190 4377 241 4428 Die
276 4373 457 4427 Lederlraseln
491 4386 583 4424 waren
617 4370 678 4423 eine
726 4371 852 4422 schmaclr
872 4372 927 4421 und
948 4385 982 4421 an
1004 4372 1051 4423 der
1070 4371 1249 4435 liturgisclren

154 4467 222 4518 argo
249 4448 586 4511 aestbetlscbliturgiarcbe
614 4447 679 4498 Ver·
726 4445 808 4509 sitae,
831 4447 875 4500 ein
899 4446 1250 4513 aestbatisch-liturglsebsr

155 4530 252 4596 irrung
274 4527 329 4577 und
353 4524 422 4578 doch
443 4524 513 4578 noch
535 4522 610 4577 nicht
635 4523 679 4574 die
726 4521 842 4576 Unainn.
885 4522 917 4588 (l.
937 4536 959 4576 c.
979 4537 1006 4590 p.
1027 4522 1103 4587 208.)
