2804 4890
382 671 434 725 DE
459 670 646 739 RELIQUIS
671 670 1013 726 PROOESSIONIBUS
1186 661 1242 722 531

199 822 251 900 (b)
281 821 316 882 Si
338 822 456 884 festum
477 821 508 884 S.
532 822 633 884 Marci
655 821 775 885 ineidat
796 824 830 883 in
851 823 1050 884 Dominicam
1073 820 1245 894 Paschatis,

153 914 297 976 litaniae
312 919 343 976 et
359 916 511 994 processio
525 935 596 976 cum
612 915 709 977 Missa
727 915 937 995 Rogatianum
954 916 1022 977 fieri
1037 916 1150 977 debent
1166 913 1245 974 feria

155 1006 218 1067 lll.
236 1008 396 1086 sequenti3
413 1027 468 1069 nec
486 1027 624 1087 unquam
642 1009 878 1070 transferuntur
893 1029 965 1070 omn
983 1010 1064 1071 festo
1084 1010 1114 1069 S.
1135 1006 1243 1067 Marci.

195 1099 258 1162 Ubi
282 1100 378 1161 Missa
402 1101 606 1180 processionis
630 1099 814 1177 celebratur,
838 1101 872 1162 in
895 1100 966 1163 aliis
991 1100 1097 1162 Missis
1120 1119 1183 1160 non
1209 1098 1245 1159 fit

151 1193 405 1255 commemoratio
424 1194 643 1272 [legationum.

194 1289 223 1348 3.
247 1286 343 1347 Missa
357 1287 577 1366 Rogationem,
591 1287 711 1349 ratione
724 1288 928 1368 processionis
942 1308 1005 1348 una
1019 1292 1154 1361 tanturn,
1168 1285 1244 1347 ccle-

154 1380 261 1442 bratur
277 1377 378 1442 colore
397 1379 541 1453 violaceo,
559 1380 624 1441 ritu
643 1385 673 1442 et
692 1386 766 1442 tono
784 1379 900 1456 feriali,
916 1381 983 1442 sine
1003 1380 1109 1443 Gloria
1128 1386 1159 1440 et
1178 1379 1244 1438 sine

153 1471 263 1542 (berlo,
280 1493 350 1534 cum
367 1473 467 1533 tribus
486 1471 699 1549 Orationibus
716 1477 753 1535 ut
769 1472 813 1533 ibi
831 1473 864 1533 in
883 1470 1015 1547 Missali‚
1030 1476 1060 1534 ct
1079 1472 1145 1533 sine
1163 1491 1243 1532 corn·

152 1564 428 1626 nremorationibus
450 1565 641 1627 occurrentis
662 1565 736 1627 festi
758 1565 805 1627 rel
828 1563 1010 1627 Dominicae
1033 1564 1080 1625 vel
1102 1569 1244 1638 oclarae3

152 1657 215 1719 solo
242 1676 314 1718 casu
343 1677 402 1737 quo
431 1657 524 1719 unica
552 1662 678 1719 tantum
707 1658 803 1720 Missa
831 1658 865 1719 in
893 1658 1033 1720 Ecclesia
1060 1657 1243 1730 celebratur,

152 1750 295 1812 facienda
308 1760 355 1812 cst
371 1751 624 1812 commemoratio
640 1751 713 1813 festi
729 1751 932 1827 occurrentis,
948 1751 1061 1830 absque
1075 1750 1146 1812 aliis
1161 1769 1243 1813 com·

151 1843 428 1905 nicmorationibus
445 1842 531 1904 illius
547 1843 609 1905 dici
624 1848 655 1906 et
671 1843 784 1923 absque
800 1845 895 1907 tertia
912 1844 1061 1905 Oratione
1078 1841 1243 1906 Concede.³

151 1935 277 1996 Dicitur
295 1935 455 1999 Praefatio
471 1935 625 2016 paschalis
643 1938 676 1997 in
693 1940 767 2000 tono
784 1936 888 1998 feriali
898 1956 907 2012 ;
925 1935 1010 1998 infra
1026 1940 1168 1998 octavam
1184 1934 1242 1996 Pa-

150 2027 264 2088 scliatis
282 2025 556 2090 Gemellomountes
572 2032 603 2090 ct
617 2029 711 2090 Hanc
724 2027 826 2107 ipilur
839 2029 1014 2108 proprium,
1029 2028 1142 2107 absque
1157 2028 1241 2088 Alle-

152 2120 219 2198 lrrja
236 2120 276 2180 ad
296 2119 523 2181 Benedicamus
542 2119 687 2182 Dorniao.

193 2216 221 2271 4.
247 2212 281 2272 Si
300 2213 427 2273 infesto
446 2213 477 2273 S.
497 2212 595 2272 blarci
611 2218 641 2273 ct
659 2213 764 2274 triduo
784 2214 994 2291 Rogationem
1010 2213 1162 2293 processio
1179 2232 1242 2274 non

151 2304 217 2379 fiat,
231 2303 413 2366 celebranda
427 2309 473 2367 cst
490 2304 585 2364 Missa
599 2305 637 2366 cle
650 2306 730 2366 festo
742 2312 922 2367 occurrente
937 2324 1008 2365 cum
1023 2323 1242 2364 commemora-

152 2397 236 2459 tione
259 2397 487 2476 Rogationum:
509 2402 541 2457 at
563 2397 594 2456 in
617 2396 697 2459 sesto
721 2396 752 2459 S.
776 2396 875 2458 Marci
898 2397 932 2458 in
955 2397 1051 2458 Missa
1074 2395 1243 2476 principali

151 2509 203 2550 scu
224 2486 422 2551 conventuali
441 2490 591 2552 tantum⁴

569 2767 683 2838 Anu.
709 2762 816 2838 VIII.

397 2960 447 3012 Du
467 2960 645 3026 RELIQUIS
665 2960 991 3012 PROCESSIONIBUS.

191 3133 261 3196 330.
282 3134 322 3195 In
342 3132 588 3214 processionibus
607 3136 648 3195 ad
667 3135 831 3214 poleridum
852 3133 1003 3214 pluviam,
1023 3132 1063 3194 ad
1082 3131 1242 3214 pocla-laa-

152 3228 219 3287 (lam
238 3226 447 3293 serenilalcm„
467 3231 603 3305 tempore
622 3226 824 3288 mortalitatis
842 3229 871 3288 al
888 3223 993 3306 perlis.
1014 3231 1151 3305 lampore
1170 3225 1242 3286 belli

151 3322 242 3397 atque
257 3317 290 3378 in
304 3338 485 3398 quocunqne
501 3315 712 3388 tribulatione,
732 3317 818 3392 (ride
833 3316 985 3386 Rituale.)
1005 3318 1165 3396 “aguntur
1177 3338 1241 3379 orn-

151 3412 214 3481 nia‚
236 3414 272 3471 nt
294 3429 388 3490 snpra
412 3410 444 3470 in
466 3409 603 3470 Litaniis
624 3407 827 3485 majoribus‚''
852 3410 932 3470 festo
956 3409 987 3470 S.
1011 3408 1129 3483 Marci3
1152 3415 1185 3471 at
1209 3411 1240 3469 in

151 3502 286 3564 litaniis
311 3501 472 3563 adduntur
497 3522 602 3563 versus
627 3521 680 3562 sen
706 3500 874 3581 petitiones
899 3503 930 3564 et
955 3501 1120 3576 orationes,
1145 3505 1182 3562 ut
1208 3501 1240 3561 in

152 3595 271 3657 Ritnali
292 3594 330 3656 all
353 3595 427 3655 istas
446 3594 653 3674 processiones
673 3597 810 3656 notatur.

193 3691 219 3749 2.
244 3686 284 3749 In
305 3685 499 3768 processione
522 3684 667 3748 solemnis
692 3681 906 3749 translationis
927 3685 1143 3765 Reliquiarrrm
1166 3682 1241 3745 insi-

151 3781 258 3860 prrium
283 3781 449 3843 adhibetur
470 3780 554 3841 color
575 3780 662 3841 albus
684 3780 729 3841 rel
753 3779 844 3842 ruber
863 3779 955 3855 juxta
976 3777 1111 3839 officinm
1134 3775 1240 3839 Sancti

151 3875 241 3949 cnjus
264 3872 425 3954 Reliquiae
446 3873 690 3935 transferuntur.

194 3970 220 4028 3.
245 3966 375 4029 “Solent
396 3968 489 4028 eliam
512 3968 542 4028 in
564 3965 747 4046 quibusdam
769 3965 845 4027 locis
864 3965 1013 4029 celebrari
1034 3965 1243 4046 processiones

153 4063 183 4122 in
203 4062 281 4123 festo
299 4061 331 4122 S.
351 4061 483 4122 Polronl
500 4060 546 4121 rel
565 4059 646 4121 alius
665 4059 783 4127 Sancti,
801 4059 852 4139 qui
873 4078 986 4137 inagna
1005 4079 1021 4120 a
1040 4057 1154 4138 populo
1172 4055 1241 4117 reli-

152 4153 243 4229 gione
263 4153 385 4216 colitur.
428 4151 615 4214 (lassabitur
637 4153 772 4228 hymnus
793 4152 831 4213 de
855 4151 970 4212 Sancto
992 4150 1108 4230 aliique
1130 4148 1240 4230 psalmi

152 4247 188 4308 acl
210 4246 356 4326 relinqui
376 4246 413 4308 de
432 4245 530 4309 officio
551 4245 657 4307 Sancti
679 4244 799 4307 desumi
821 4245 992 4324 poterunt.1

186 4399 240 4449 δῖ),
261 4401 291 4448 12
309 4400 375 4450 Mai.
396 4400 470 4463 1905,
487 4415 514 4450 n.
532 4399 609 4449 4157.
627 4399 650 4449 2.
755 4395 954 4453 ruminaret,
975 4393 1015 4446 11.
1036 4395 1077 4445 40.

184 4475 239 4525 ⁴1).
262 4477 337 4526 2682.
360 4477 400 4539 35.
