2804 4890
274 1311 385 1416 DE
428 1306 816 1417 LITURGIA
860 1305 1134 1416 SAORA.

471 1735 942 1811 INTRODUCTIO.

618 2076 732 2148 Anu.
758 2075 788 2148 Ι.

472 2261 676 2312 narrnrrro
702 2261 750 2311 nr
777 2257 932 2312 n1v1s10.

198 2412 228 2474 1.
238 2412 417 2474 hannem
436 2413 614 2494 (publicum
627 2434 703 2494 opus
716 2434 769 2476 seu
784 2413 1013 2493 ministerium)
1032 2414 1142 2495 lingua
1154 2410 1247 2476 eccla

152 2507 285 2570 siastica
304 2507 454 2587 primario
473 2508 631 2587 significat
650 2507 838 2569 sacrificium
859 2507 983 2583 Missae,
1004 2527 1081 2588 quae
1100 2511 1148 2570 est
1166 2507 1248 2569 actio

153 2600 299 2662 sacrifica
319 2620 373 2662 seu
393 2602 606 2664 ministerium
628 2601 789 2681 publicum
809 2602 885 2681 “per
906 2601 1110 2663 eminentiam
1120 2599 1149 2676 ;''
1172 2601 1247 2663 item

155 2694 306 2775 Liturgia
326 2695 419 2756 simul
440 2695 599 2776 significat
620 2699 801 2759 contextum
820 2699 853 2758 et
873 2695 1015 2757 ordinem
1037 2695 1133 2774 hujus
1154 2695 1247 2756 sacri-

155 2789 247 2852 ficii}

201 2886 229 2942 2.
255 2882 356 2944 Sensu
376 2903 446 2947 vero
466 2884 573 2946 latiori
594 2883 740 2963 Liturgis
761 2883 890 2946 denotat
910 2887 1013 2945 totum
1034 2884 1247 2945 ministerium

154 2976 319 3057 publicum
332 2977 414 3056 quod
426 2977 582 3038 ministris
596 2977 760 3052 Ecclesiae,
773 2998 807 3039 ac
820 2978 1003 3057 praesertim
1019 2977 1248 3052 Sacerdotibus,

156 3077 309 3150 tanquam
342 3070 497 3132 ministris
528 3075 562 3132 et
593 3072 843 3152 cooperatoribus
877 3072 996 3135 Christi
1031 3072 1247 3152 Redemptoris

157 3162 325 3239 incumbit,
344 3183 455 3243 nempe

207 3259 258 3337 (a)
288 3257 484 3320 Sacrificium
508 3258 633 3335 Missae,

207 3351 260 3431 (b)
288 3351 433 3413 Officium
446 3352 590 3414 divinum
606 3374 660 3416 seu
676 3354 781 3416 Horae
795 3354 971 3428 canonicae,

202 3446 252 3523 (c)
281 3444 492 3521 Sacramenta,
505 3447 743 3510 sacramentalia
754 3448 951 3529 reliquaeque
964 3446 1142 3510 functiones
1154 3446 1248 3510 eccle

156 3538 311 3601 siasticae.

204 3632 306 3694 Sicuti
334 3635 419 3695 enim
448 3634 706 3714 “justificationis
735 3656 845 3698 causae
874 3639 958 3711 sunt,
988 3634 1093 3697 finalis
1121 3633 1247 3714 quidem

157 3727 260 3801 gloria
279 3726 333 3788 Dei
352 3733 384 3789 et
400 3727 530 3805 Christi,
547 3749 581 3791 ac
599 3731 662 3791 rita
679 3729 849 3801 aotcrna,''²
868 3730 911 3791 ita
927 3750 1018 3793 omno
1036 3728 1248 3790 ministerium

157 3840 283 3882 sacrum
303 3821 335 3881 in
355 3822 438 3884 bunc
457 3826 626 3902 utrumque
645 3823 771 3903 quidem
792 3823 885 3885 finem
906 3824 1090 3897 ordinatum
1109 3828 1248 3884 attamen

156 3914 197 3975 ad
215 3914 368 3993 “gloriam
386 3915 444 3978 Dei
460 3920 491 3978 ct
508 3915 658 3989 Christi,'’
674 3937 728 3979 seu
744 3917 784 3978 ad
801 3917 922 3978 cultum
941 3917 1005 3979 Deo
1022 3917 1164 3978 debitum
1182 3914 1248 3975 red-

154 4009 295 4070 dendum
309 4010 443 4072 maxime
455 4015 488 4072 et
499 4010 650 4090 primario
662 4015 781 4090 spectat
794 4010 981 4072 sacrificium
996 4010 1247 4073 eucharisticum.

157 4103 304 4163 Officium
318 4123 389 4164 voro
404 4103 548 4165 divinum
563 4124 658 4183 aeque
672 4104 737 4166 fere
752 4104 791 4165 ad
807 4104 927 4164 cultum
943 4105 1087 4165 divinum
1102 4109 1194 4185 atque
1208 4102 1246 4164 ad

155 4196 291 4258 salntem
322 4197 502 4259 animarum
533 4196 716 4273 ordinatur3
746 4198 863 4259 etenim
894 4197 1056 4259 “ascendit
1086 4197 1186 4259 oratio
1216 4201 1249 4259 et

154 4290 319 4352 descondit
351 4290 409 4354 Dei
440 4290 656 4356 miseratio.''⁸
720 4290 771 4352 Ad
803 4290 937 4353 salutem
967 4292 1146 4354 animarum
1178 4309 1248 4370 pro·

192 4427 283 4480 ¹Cfr.
316 4431 450 4496 expositio
484 4431 615 4482 historica
646 4430 677 4481 li·
765 4427 1148 4484 20.Trio.ssas.v1.e.7.

153 4506 268 4573 turgiso
282 4522 325 4561 no.
354 4512 403 4561 115
420 4509 480 4574 buj.
498 4508 590 4575 Comp.
764 4507 824 4559 ⁸8.
848 4509 921 4576 Aug.
