2804 4890
327 675 382 734 DE
403 677 679 736 DEDIOATIONE
702 679 923 737 EOCLESIAE
946 680 1155 739 PROPRIAE.
1223 671 1285 735 397

193 844 286 910 nibus
299 846 409 911 diebus
423 871 486 912 non
502 852 627 913 tantum
640 849 753 932 quibus
769 850 1005 932 permitteretur
1021 851 1157 914 officium
1172 852 1199 913 si
1215 851 1282 913 fieri

192 938 327 1018 deberet,
344 942 399 1005 scd
416 942 523 1019 etiam,
542 943 654 1024 quibus
675 944 805 1006 Missam
824 944 863 1007 de
882 943 1021 1006 Titulari
1040 946 1132 1024 juxta
1151 945 1201 1007 tit.
1224 941 1281 1004 VI.

192 1031 289 1096 Rubr.
309 1053 380 1116 geu
402 1035 540 1099 Missalis
560 1042 685 1100 cantare
707 1037 803 1099 licet.²

634 1300 750 1373 Anu.
775 1300 827 1374 Π.

345 1508 396 1561 DE
416 1508 676 1562 DEDICA'PIONE
696 1510 902 1563 EOCLESIAE
922 1511 1120 1565 PROPRIAE.

230 1694 306 1762 250.
335 1697 382 1764 De
400 1698 604 1762 Dedicatione
624 1699 781 1764 Ecclesiae
801 1701 837 1764 fit
857 1701 914 1763 sub
935 1702 1000 1764 ritu
1020 1701 1141 1783 duplici
1160 1700 1281 1782 primae

189 1789 296 1854 classis
311 1811 383 1854 cum
398 1798 522 1855 octava:
546 1794 597 1873 (a)
619 1793 653 1854 in
670 1793 737 1873 ipsa
754 1792 970 1856 Dedicationis
986 1795 1047 1869 die,
1064 1797 1189 1875 peracta
1204 1793 1282 1856 hora

188 1884 304 1946 minori
329 1884 455 1960 Tertia3
485 1886 537 1964 (b)
569 1886 602 1947 in
626 1886 838 1949 anniversario
865 1885 1097 1963 Dedicationis3
1125 1885 1281 1950 Ecclesiae

188 1995 252 2040 non
271 1983 465 2041 consecratae
485 1998 539 2041 seu
559 1983 685 2041 tantum
706 1978 885 2042 benedictae
905 1999 967 2041 non
990 1980 1026 2041 fit
1046 1979 1219 2042 Dedicatio.

230 2071 258 2132 2.
281 2069 541 2132 Annicersarium
558 2068 774 2134 Dedicationis
788 2071 1008 2133 celebrandum
1024 2077 1071 2134 est
1086 2075 1120 2135 iu
1135 2069 1234 2134 officio
1250 2074 1281 2133 et

189 2161 287 2225 Missa
312 2162 447 2245 singulis
472 2164 564 2226 annis
589 2163 640 2228 die
667 2165 734 2243 ipsa
760 2164 887 2240 mensis,
911 2184 972 2245 qua
999 2164 1189 2228 consecratio
1215 2163 1280 2226 fuit

187 2259 320 2336 peracta.

229 2350 257 2409 3.
279 2348 539 2412 Anniversarium
571 2348 786 2412 Dedicationis
817 2348 973 2412 Ecclesiae
1003 2349 1041 2411 ab
1071 2349 1157 2410 omni
1188 2346 1279 2411 Clero

187 2440 351 2517 recolatur,
366 2443 419 2522 qui
433 2441 472 2504 ad
487 2441 628 2505 eamdem
645 2440 816 2503 Ecclesiam
831 2446 940 2522 utpote
956 2442 1116 2524 propriam
1132 2441 1278 2523 pertinet.

187 2533 319 2610 Quodsi
335 2535 430 2597 alicui
447 2533 587 2597 Dioecesi
604 2535 650 2596 vel
668 2534 822 2598 Instituto
837 2552 1016 2598 concessum
1032 2536 1073 2598 sit
1091 2535 1279 2596 Annicersa-

187 2628 271 2689 rium
297 2626 512 2691 Dedicationis
539 2629 680 2690 omnium
708 2625 918 2689 Ecclesiamm
944 2646 1008 2691 uno
1034 2625 1202 2707 eodemque
1228 2625 1279 2688 die

185 2719 349 2793 celebrare,
364 2739 470 2782 omnes
485 2725 517 2782 et
532 2718 649 2799 singuli
666 2720 704 2781 de
720 2719 850 2782 relativo
867 2719 968 2794 clero,
981 2718 1095 2800 quibus
1111 2717 1279 2781 Indultum

186 2812 282 2887 favet,
302 2812 424 2875 dictum
447 2813 576 2875 Festum
598 2815 691 2876 semel
713 2811 924 2887 celebrabunt,
946 2812 1116 2875 dummodo
1140 2811 1279 2875 Ecclesia

184 2907 312 2987 propria
337 2908 515 2967 consecrata
540 2904 648 2980 fuerit,
673 2906 899 2985 cujuscumque
924 2905 1123 2985 particularis
1148 2904 1278 2967 alterius

185 2997 341 3062 Ecclesiae
358 2995 574 3060 Dedicationis
593 2997 685 3061 Festo
703 2996 817 3062 omisso
835 3000 957 3078 praeter
975 2996 1146 3059 Ecclesiam
1165 2995 1279 3059 Gathe-

184 3089 312 3153 dralem.
352 3088 549 3169 Hujusmodi
567 3110 638 3153 vero
657 3090 775 3153 festum
795 3092 828 3152 in
850 3088 914 3150 illis
934 3089 1093 3161 Ecclesiis
1112 3110 1190 3170 quae
1207 3109 1278 3152 con·

183 3187 318 3246 secretae
338 3203 400 3245 uon
417 3186 502 3256 suut,
521 3180 669 3244 celebrari
687 3183 820 3262 nequit.¹

224 3280 253 3337 4.
276 3273 324 3337 De
351 3280 458 3337 octava
487 3272 701 3337 Dedicationis
729 3275 812 3339 idem
839 3275 918 3338 valet
946 3282 982 3337 ut
1009 3294 1104 3356 supra
1130 3275 1169 3339 de
1196 3275 1277 3339 festo

184 3367 323 3432 Titulari
340 3388 371 3430 n.
388 3369 458 3430 249.
477 3370 505 3429 3.

224 3457 400 3523 Duodecim
430 3460 555 3535 Cruces,
585 3479 664 3540 quae
696 3460 728 3521 in
760 3458 964 3522 Dedicatione
996 3459 1152 3523 Ecclesiae
1182 3481 1276 3542 snper

182 3555 317 3634 parietes
337 3554 514 3634 pinguntur
537 3552 582 3614 rel
607 3551 802 3627 inciduntur,
824 3551 953 3613 omniuo
975 3554 1134 3633 perpetuis
1159 3553 1276 3614 futuris

182 3646 374 3728 temporibus
401 3664 560 3708 remanere
585 3644 699 3707 debeut
725 3645 757 3705 in
784 3645 1000 3706 testimonium
1025 3645 1276 3707 Consecralionis

182 3739 339 3802 Ecclesiae
348 3759 356 3814 ;
369 3742 400 3802 ct
414 3739 440 3799 si
455 3737 631 3799 destructae
645 3738 775 3807 fuerint,
790 3735 914 3800 caedem
930 3740 1046 3799 ilerum
1061 3736 1276 3818 depingendae

182 3837 267 3908 sunt,
288 3832 402 3896 omissa
424 3829 584 3892 unctionis
606 3829 822 3891 caeremonia.²

223 3928 252 3988 5.
275 3923 363 3988 Cerei
392 3922 557 3985 duodecim
586 3923 618 3983 in
646 3920 868 3983 Annir'ersario
896 3921 1052 3984 Ecclesiae
1079 3927 1274 3986 consecratae

181 4017 308 4082 accendi
327 4016 440 4081 debent
459 4036 514 4096 per
532 4015 691 4095 integrum
709 4013 810 4075 solum
828 4013 912 4076 ‹liem
930 4014 1109 4094 incipiendo
1127 4037 1145 4078 a
1163 4015 1274 4097 primis

182 4111 348 4192 Vesperis3
370 4109 403 4170 in
427 4108 479 4170 die
502 4126 574 4169 vero
597 4109 704 4169 octava
728 4112 869 4187 possunt,
892 4106 946 4169 sed
970 4127 1033 4170 non
1058 4106 1169 4171 debent
1194 4111 1272 4172 cerci

181 4203 332 4268 accendi.⁸

216 4352 272 4407 vn.
291 4354 368 4407 raas.
790 4351 845 4405 nn.
867 4353 907 4405 13.
927 4353 990 4406 nes.
1012 4355 1088 4419 reas,
1107 4370 1133 4407 n.
1154 4354 1230 4406 aare.
1250 4356 1266 4406 s

217 4429 273 4483 ιο.
293 4431 335 4483 aa.
352 4427 413 4482 oet.
432 4429 508 4493 rara,
525 4428 550 4481 1.
571 4431 594 4481 1.
615 4428 638 4481 r.
752 4434 780 4482 a
799 4430 824 4482 ⁷.

217 4506 273 4559 an.
288 4507 365 4559 ³1⁵⁷.
383 4508 408 4558 a
