2804 4890
176 703 226 759 ult
248 704 583 761 PRAEPARATIONE
607 706 852 763 SACERDOTIS
876 709 1167 771 CELEBRATURI.
1202 706 1243 768 79

157 875 279 955 plicatio
302 876 425 939 fructus
446 877 588 958 specialis
610 898 665 958 per
687 879 894 941 intentionem
916 874 1026 944 saltem
1049 883 1239 946 habitualem

156 971 246 1031 etiam
272 989 329 1050 pro
352 969 511 1034 defunctis
536 976 618 1033 certe
643 976 715 1036 ante
741 972 1013 1036 Consecratiouem
1040 975 1095 1038 fiat
1121 997 1242 1039 necesse

155 1064 224 1142 est.)

194 1160 222 1218 3.
245 1156 389 1221 “Deinde
415 1205 423 1219 .
455 1205 463 1220 .
495 1206 502 1220 .
533 1157 605 1239 [10]
630 1158 745 1238 accipit
767 1159 903 1234 Missale,
924 1162 1079 1240 perquirit
1101 1162 1241 1238 Missam,

155 1251 296 1331 perlegit,
310 1254 341 1314 et
354 1251 515 1331 signacula
527 1252 654 1316 ordinat
667 1254 707 1314 ad
720 1273 766 1328 ea,
780 1273 857 1333 quae
872 1254 1014 1316 dicturus
1028 1260 1084 1317 est.
1129 1255 1241 1319 Postea

198 1341 270 1424 [2⁰]
293 1344 377 1406 lavat
395 1344 539 1419 manus,''
560 1366 622 1409 non
642 1346 744 1410 solum
763 1346 890 1425 digitos,
910 1347 1037 1410 “dicens
1059 1348 1241 1410 Orationem

155 1436 286 1501 inferius
304 1439 440 1518 positam
463 1437 529 1519 [Do
548 1439 682 1503 Domine
701 1439 790 1520 etc.].
835 1440 956 1503 Deinde

198 1529 271 1612 [3⁰]
297 1536 463 1612 praeparat
479 1532 606 1594 calicem
629 1581 636 1594 .
664 1581 671 1595 .
700 1580 707 1594 .
723 1554 730 1594 :
747 1554 840 1614 super
855 1535 925 1613 ejus
940 1556 973 1597 os
989 1535 1079 1617 ponit
1095 1536 1240 1616 purifica·

155 1625 270 1686 torium
289 1624 476 1700 mundum,''
496 1627 541 1688 ita
560 1631 596 1688 ut
616 1627 685 1705 ejus
707 1628 920 1690 extremitates
940 1629 978 1691 ab
999 1634 1130 1709 utraque
1151 1635 1240 1709 parte

155 1718 256 1780 calicis
275 1717 450 1799 pendeant3
469 1724 501 1782 et
519 1739 612 1800 super
631 1720 722 1795 illud,
741 1720 795 1782 ubi
815 1722 991 1796 adhibetur,
1011 1723 1151 1784 cochlear
1170 1743 1239 1803 par·

156 1831 236 1887 rum,
257 1813 349 1891 cujus
370 1832 445 1874 usus
466 1815 688 1893 permittitur,⁴
711 1816 763 1877 “et
783 1835 877 1895 super
899 1815 978 1877 illud
1000 1820 1146 1896 patenam
1168 1837 1240 1878 cum

154 1903 253 1968 hostia
264 1906 398 1986 integra,
411 1926 504 1987 quam
519 1907 628 1969 leviter
639 1909 784 1987 extergit,
797 1910 824 1970 si
836 1929 914 1990 opus
927 1912 983 1984 est,
996 1930 1014 1971 a
1027 1910 1239 1990 fragmentis,l

155 2005 183 2062 et
204 2019 272 2061 earn
295 2000 375 2080 tegit
397 2019 492 2080 parva
514 2001 598 2080 palla
622 2002 714 2075 linea,
738 2005 806 2065 tum
830 2003 896 2065 velo
919 2005 1032 2065 serico:
1057 2023 1150 2084 super
1174 2003 1240 2067 velo

155 2094 241 2171 ponit
254 2093 381 2155 bursam
394 2093 505 2155 coloris
520 2099 785 2174 paramentorum,
802 2097 887 2158 intus
902 2097 1067 2159 habentem
1081 2097 1239 2177 corporale

152 2184 331 2265 plicatum,''
344 2187 389 2249 ita
400 2192 436 2248 ut
448 2207 521 2267 pars
533 2188 642 2250 bursae
655 2193 763 2266 aperta
776 2188 921 2269 respiciat
935 2189 1150 2252 celebrantem
1164 2188 1240 2250 dum

155 2285 238 2343 tenet
259 2279 405 2357 calicem3
426 2300 482 2344 nec
504 2280 578 2344 licet
600 2301 693 2362 super
715 2282 847 2344 eundem
871 2282 991 2362 aliquid
1014 2303 1138 2363 ponere,
1160 2304 1185 2346 e.
1209 2303 1238 2363 g.

154 2373 279 2449 clavem,
294 2373 467 2436 sudarium.

193 2471 221 2528 4.
244 2466 386 2542 “Quibus
409 2468 454 2530 ita
476 2469 636 2548 dispositis
657 2469 777 2531 accedit
799 2470 838 2530 ad
861 2474 1053 2550 paramenta,
1076 2490 1153 2549 quae
1176 2490 1239 2531 non

155 2559 264 2623 debent
281 2580 346 2623 esse
362 2560 473 2636 lacera,
490 2567 547 2624 aut
564 2562 667 2636 scissa,
686 2562 739 2623 sed
758 2563 882 2642 integra
899 2568 930 2625 et
949 2563 1093 2626 decenter
1111 2563 1239 2638 munda,

155 2673 186 2716 ac
202 2655 342 2735 pulchra,
357 2660 388 2717 et
403 2654 442 2718 ab
459 2655 613 2735 Episcopo
630 2655 739 2716 itidem
756 2656 803 2718 vel
819 2655 880 2717 alio
897 2656 1081 2718 facultatem
1091 2656 1239 2730 habente,

155 2746 329 2811 benedicta:
345 2747 401 2810 ubi
416 2747 569 2810 calceatus
586 2748 726 2828 pedibus,
744 2753 774 2812 et
792 2748 923 2811 indutus
939 2749 1076 2811 vestibus
1093 2750 1151 2811 sibi
1169 2770 1239 2810 con-

155 2841 357 2916 venientibus,
373 2861 504 2922 quarum
521 2842 656 2904 exterior
673 2841 782 2904 saltem
799 2843 898 2904 talum
916 2842 1004 2923 pedis
1020 2844 1157 2923 attingat
1167 2863 1175 2917 ;
1193 2844 1239 2904 iu-

155 2934 222 2998 dnit
243 2956 275 2999 se
301 2983 310 2997 .
343 2983 350 2996 .
384 2983 392 2998 .
419 2935 525 2998 dicens
547 2936 586 2997 ad
609 2936 734 3014 singula
755 2936 895 3015 singulas
918 2937 1082 2997 Orationes
1106 2937 1239 2999 inferius

156 3028 298 3108 positas.''
320 3029 508 3092 Paramenta
530 3051 592 3091 nou
615 3036 777 3109 ponuntur
800 3030 832 3090 in
854 3030 969 3101 Altari,
991 3029 1054 3100 scd,
1076 3029 1239 3092 deficiente

155 3124 303 3197 sacristia,
318 3124 351 3184 in
366 3142 473 3185 mensa
487 3128 639 3202 separata,
653 3127 684 3184 et
698 3124 755 3184 hac
770 3143 890 3202 quoque
906 3122 1078 3196 deficiente,
1095 3123 1127 3183 in
1142 3143 1239 3184 cornu

152 3213 328 3294 Evangelii;
342 3236 398 3297 pro
411 3216 475 3280 solo
489 3215 642 3296 Episcopo
656 3235 777 3295 semper
788 3221 951 3296 ponuntur·
964 3216 997 3276 in
1011 3215 1112 3278 medio
1125 3214 1240 3290 Altam,

155 3310 212 3371 nisi
234 3309 291 3371 SS.
315 3309 553 3372 Sacramentum
574 3310 617 3371 sit
638 3309 681 3371 ibi
703 3309 888 3389 expositum.

193 3407 220 3465 5.
243 3404 312 3466 “Ac
327 3404 467 3484 primum
483 3403 638 3483 accipiens

197 3496 269 3578 [10]
296 3496 459 3559 Amictum
480 3497 562 3558 circa
584 3497 807 3567 extremitates,
829 3502 859 3559 ct
883 3495 1058 3566 chordulae,
1081 3497 1239 3558 oseulatur

155 3590 241 3654 illurn
257 3594 291 3654 in
306 3590 420 3668 medio,
435 3591 490 3654 ubi
505 3597 553 3655 est
567 3591 663 3667 Crux,
683 3590 862 3672 [deficiente
879 3591 978 3654 Cruce
994 3591 1136 3653 osculum
1151 3593 1242 3654 omit-

154 3683 256 3764 titur,]
281 3688 312 3746 et
332 3684 422 3763 ponit
442 3702 535 3762 super
554 3682 668 3762 caput'⁷
689 3682 924 3744 circumducens
947 3703 1074 3743 uranum
1097 3684 1236 3744 ‹lextram

154 3796 243 3858 snper
259 3778 428 3839 humerum
445 3777 610 3838 sinistrum
629 3779 722 3855 atque
740 3776 881 3837 extendit
900 3796 994 3855 super
1011 3782 1106 3855 caput
1126 3776 1239 3854 ipsum,

154 3868 273 3935 dicens:
296 3870 429 3952 Impone
451 3869 586 3932 Domine
609 3873 678 3944 etc,
702 3870 753 3931 “et
775 3889 847 3931 mox
870 3868 1006 3930 declinat
1029 3869 1067 3930 ad
1092 3867 1238 3942 collum,'’

154 3965 210 4026 uisi
228 3968 324 4045 caput
342 3968 460 4027 tectum
478 3963 520 4026 sit
537 3963 672 4043 caputio,
691 3964 742 4024 “et
759 3983 794 4024 eo
812 3963 946 4024 restium
963 3961 1089 4023 collaria
1107 3962 1237 4023 circum-

154 4060 281 4139 tegens,⁸
295 4057 384 4120 ducit
397 4056 562 4121 chordulas
575 4056 632 4117 sub
646 4056 790 4126 brachiis,
805 4062 835 4117 et
850 4055 1085 4117 circumducens
1100 4075 1154 4135 per
1169 4057 1237 4116 dor-

154 4170 229 4225 sum,
253 4158 327 4214 ante
352 4153 461 4232 peetus
485 4149 617 4224 reducit,
642 4154 673 4211 et
699 4148 807 4226 ligat.''

184 4275 195 4307 ⁴
215 4267 247 4319 V.
265 4284 290 4318 n.
307 4269 350 4329 55,
366 4267 381 4315 l
397 4269 470 4317 nota
723 4266 820 4329 tucia),
845 4272 873 4317 et
898 4268 1049 4332 particulae
1075 4267 1157 4317 trium
1182 4284 1241 4318 cum

184 4345 341 4407 snoatiae,
363 4358 432 4408 quae
456 4343 599 4394 hodiedum
621 4345 670 4394 Ro·
723 4343 864 4392 ‹limidio’y
897 4346 959 4407 (DA,
988 4344 1086 4404 lucta),
1115 4342 1242 4406 Schober,

153 4434 208 4474 mae
229 4420 257 4470 in
279 4434 329 4469 usu
348 4423 421 4482 sunt,
442 4419 604 4469 diametrum
625 4421 668 4470 ha·
722 4422 797 4471 (ἠοῖ.
819 4420 894 4469 hliss.
914 4421 992 4484 priv,
1011 4435 1037 4484 p.
1057 4421 1081 4468 5.

154 4496 217 4548 bant
244 4501 307 4548 octo
334 4496 554 4547 centiruetrorum
588 4496 666 4560 (3¹l2r.
757 4497 816 4547 ⁶0.
833 4497 873 4548 Pl.
891 4496 963 4547 Ball.
981 4496 1019 4548 ΙΙ.
1035 4496 1094 4545 360.
