2804 4890
149 673 210 741 584
334 686 421 748 APP.
445 686 487 748 11.
529 688 583 748 DE
604 688 862 748 PARAMENTIS
885 687 1057 750 canole.

599 949 715 1021 ART.
743 948 789 1023 V.

589 1130 639 1182 DE
663 1131 794 1183 BUBSA.

202 1078 215 1119 l

190 1302 260 1366 abr.
284 1304 395 1380 Bursa,
414 1323 492 1386 quae
511 1309 558 1367 est
578 1304 808 1384 receptaculum
827 1305 875 1368 rel
895 1324 1011 1382 saccus,
1032 1325 1134 1387 qnare
1157 1310 1258 1372 etiam

149 1396 230 1458 Pera
254 1396 423 1476 aliquando
448 1399 586 1474 vocatur,
610 1397 788 1460 destinatur
812 1397 852 1460 ad
876 1399 1000 1461 cautius
1024 1404 1059 1462 et
1084 1399 1258 1462 decentius

148 1489 335 1551 servandum
365 1489 532 1570 Corporale
560 1490 722 1570 plicatum.

191 1584 219 1645 2.
243 1583 344 1644 Bursa
361 1582 440 1646 bona
459 1586 491 1645 et
508 1602 565 1643 suo
583 1583 639 1644 fini
658 1587 729 1663 apte
749 1584 920 1647 inserviens
939 1583 1029 1648 debet
1047 1584 1168 1649 babere
1190 1587 1256 1650 for-

149 1694 232 1736 mam
256 1674 419 1754 quadrati;
444 1673 557 1737 melius
582 1676 616 1736 in
641 1675 743 1738 tribus
766 1675 909 1757 partibus
934 1676 995 1740 erit
1019 1678 1148 1757 juncta,
1174 1677 1257 1740 dum

148 1787 302 1847 unapars
325 1767 499 1847 (superior)
523 1771 632 1847 aperta
650 1775 756 1832 manet
773 1769 812 1830 ad
832 1768 1046 1848 recipiendum
1065 1769 1255 1851 Corporale.

150 1859 223 1921 Non
242 1879 363 1939 semper
382 1859 453 1921 illae
473 1860 601 1936 Bursao,
622 1880 699 1940 quae
718 1882 736 1923 a
753 1861 977 1924 mercatoribus
996 1867 1027 1924 et
1048 1860 1256 1925 fabricatori·

148 1951 206 2014 bns
224 1951 410 2026 offeruntur,
429 1952 540 2013 bonam
559 1954 638 2014 hane
658 1953 792 2015 formam
810 1953 933 2015 habent.
953 1953 1255 2036 “Nonnunquam''
1277 1955 1282 1965 ”

150 2045 253 2124 inquit
280 2045 351 2106 Van
379 2043 435 2106 der
462 2045 613 2126 Stappen,
639 2045 764 2108 “videre
791 2051 837 2108 est
863 2046 972 2108 bursas
998 2045 1037 2109 ab
1064 2066 1132 2109 una
1159 2056 1255 2130 parte

149 2137 270 2200 clausas
293 2143 324 2200 et
347 2137 448 2199 tribus
471 2136 615 2218 partibus
637 2141 770 2217 apertas,
792 2158 863 2200 eum
886 2139 1028 2219 apposita
1051 2139 1188 2202 fasciola
1214 2140 1255 2203 ab

148 2250 213 2293 una
231 2235 263 2292 et
281 2230 380 2292 altera
399 2233 497 2310 parte,
517 2234 550 2293 et
568 2229 750 2310 Corporalia
771 2250 860 2310 aegre
879 2232 1093 2307 continentes;
1116 2233 1157 2297 de
1176 2255 1254 2297 eon-

149 2323 275 2402 gruenti
299 2322 393 2383 bursa
415 2323 493 2384 istae
514 2321 595 2383 nihil
618 2322 755 2384 retinent
779 2329 904 2403 praeter
923 2343 1048 2399 nomen,
1068 2329 1101 2387 et
1126 2328 1253 2388 nemini

150 2415 289 2495 profecto
312 2415 447 2495 placeret
469 2434 516 2476 res
539 2434 609 2477 suas
631 2418 720 2477 caute
743 2420 774 2478 et
794 2416 939 2479 decenter
961 2416 1129 2479 servandas
1153 2419 1252 2498 parili

149 2508 307 2569 custodiae
330 2506 461 2568 tradere.
505 2506 589 2569 Ante
609 2507 766 2570 saeculum
791 2508 883 2570 xlx.
907 2515 1031 2572 nostrae
1051 2509 1165 2573 bursae
1193 2512 1253 2574 Ro

149 2602 251 2661 manis
272 2605 361 2662 erant
383 2598 518 2675 similes;
539 2621 555 2662 e
579 2599 680 2662 Gallia
703 2599 839 2680 reliquae
862 2601 1058 2664 introductae
1080 2601 1253 2667 fuerunt.”

192 2696 219 2753 3.
245 2691 398 2753 Omnibus
420 2691 612 2772 temporibus
635 2713 709 2754 cura
733 2691 874 2755 adbibita
897 2694 971 2770 fuit,
992 2699 1029 2756 ut
1051 2693 1253 2774 Corporalia,

149 2805 226 2865 quac
256 2789 330 2847 sunt
360 2784 545 2847 linteamina
575 2784 794 2859 sacratissime,
825 2785 969 2849 decenter
998 2795 1250 2851 asservarentur.

151 2877 256 2941 Medio
276 2898 349 2938 nero
368 2882 422 2939 aut
443 2897 548 2938 saccus
567 2881 622 2939 aut
640 2897 712 2938 arca
732 2877 763 2938 in
785 2898 842 2938 usu
861 2883 959 2940 erant.
997 2879 1095 2941 Varia
1117 2884 1251 2943 nomina

149 2976 316 3031 occurrunt
338 2971 369 3029 in
390 2968 585 3044 inventariis,
603 2969 696 3029 sicuti
715 2988 817 3048 capsa,
836 2969 979 3050 capsella,
999 2991 1114 3039 cassus,
1135 2974 1252 3035 domus

151 3062 378 3142 Corporalium.
429 3060 567 3122 Ornatus
593 3061 728 3123 exterior
751 3065 783 3123 et
808 3063 939 3123 interior
965 3064 1047 3126 bisce
1074 3067 1175 3127 saccis
1204 3066 1249 3129 rel

150 3156 229 3216 arcis
253 3153 484 3233 apponebatur3
510 3152 606 3214 serico
629 3152 842 3231 circumligari
866 3159 898 3216 et
921 3174 1012 3235 opere
1035 3156 1173 3238 phrygio
1199 3161 1251 3222 de-

150 3246 248 3310 corari
265 3245 413 3308 solebant.

517 3444 876 3500 SUPPLEMENTUM.

506 3603 538 3651 A.
556 3602 604 3650 DE
621 3600 720 3651 VELO
734 3603 887 3654 ClBORIl.

191 3745 261 3808 aba.
284 3744 408 3807 Ritunle
434 3745 608 3806 Romanum
636 3745 829 3825 praescribit,
856 3752 893 3811 ut
919 3747 1093 3825 Ciborium,
1122 3756 1249 3833 quando

150 3839 316 3901 actualiter
348 3859 449 3898 sacras
483 3840 597 3917 specics
631 3840 781 3914 continet,
815 3847 996 3919 tegumento
1029 3844 1167 3923 quodam
1205 3847 1248 3909 rel

151 3931 300 3993 mantello
320 3931 594 4005 circumcingatur.
635 3930 680 3993 De
701 3934 831 3994 rnateria
850 3934 929 3995 nillil
949 3935 1099 3998 distincte
1119 3937 1249 4006 dicitnr.

152 4025 203 4086 secl
224 4025 324 4100 inagis
346 4024 500 4093 cornenit,
522 4027 557 4085 ut
579 4024 712 4085 sericum
735 4025 928 4089 udlribeatnr.
976 4028 1083 4108 Neque
1107 4032 1249 4094 rubricae

152 4119 321 4198 quidquam
350 4121 501 4178 annotant
529 4117 628 4195 quoad
658 4118 803 4191 fornmrn,
832 4119 1002 4182 tlurnruodo
1027 4121 1177 4186 decenter
1205 4149 1249 4188 sa·

153 4232 238 4271 crum
268 4233 319 4272 ms
345 4213 528 4285 contegatur
556 4216 587 4270 et
615 4230 631 4270 e
659 4215 824 4287 conspeetu
852 4210 977 4291 publico
1005 4212 1075 4292 plus
1104 4218 1251 4281 minusve

153 4305 375 4364 subtrnlmtur.¹

188 4443 263 4490 ¹llcr
286 4442 531 4502 Ziborinmlu‘bnnq
555 4442 620 4490 wint
644 4441 670 4488 in
723 4440 785 4505 ngr.
845 4443 882 4491 Es
922 4443 998 4505 giebt
1037 4445 1250 4516 lrreisfoermige

150 4518 356 4569 verselriertcncn
397 4517 507 4565 l'orrnen
546 4518 671 4580 angerer·
722 4516 815 4576 velen,
834 4519 906 4568 ‹lnnn
926 4519 1018 4577 velen,
1038 4521 1081 4570 dte
1099 4529 1173 4578 etwa
1191 4529 1249 4581 dmi
