2804 4890
311 728 366 782 DE
388 727 533 782 ALTARI
556 727 735 795 BJUSQUE
758 725 1031 781 ORNAMENTIS.
1179 713 1218 776 17

127 901 236 962 “Crux
267 901 334 980 ipsa
350 902 417 961 tota
432 898 625 962 candelabris
642 899 870 979 superemineat
888 919 959 960 cum
977 898 1113 978 imagine
1130 917 1216 959 sanc·

129 994 244 1056 tissimi
262 991 445 1067 Crucifixi,”
457 994 482 1027 ²⁴
499 997 530 1056 et
546 1013 565 1056 a
582 992 765 1054 Celebraute
782 1013 817 1054 ac
834 991 950 1073 populo
967 992 1064 1071 aspici
1081 990 1215 1071 possit.²⁶

173 1093 201 1150 5.
224 1087 439 1149 “Candelabra
461 1086 572 1148 saltem
594 1086 657 1149 duo
679 1107 750 1148 cum
773 1086 911 1148 coridclis
933 1084 1068 1147 accensis
1090 1083 1164 1145 hinc
1186 1086 1217 1145 et

129 1182 204 1245 inde
220 1183 253 1244 in
271 1191 402 1261 utroque
418 1182 488 1260 ojus
509 1179 652 1261 [Crucis]
673 1178 800 1242 laterc.’'
813 1180 838 1213 ²⁶

170 1279 199 1338 6.
222 1276 376 1339 &andelao
391 1275 505 1338 debent
518 1295 585 1338 esse
600 1295 638 1338 ex
653 1295 732 1348 cera,
748 1294 812 1336 non
828 1277 934 1337 autem
949 1294 987 1336 ex
1003 1293 1073 1337 sevo
1088 1276 1146 1337 aut
1160 1276 1219 1336 sta·

129 1370 257 1431 arina²⁷
301 1368 472 1448 “Episcopi
488 1373 599 1430 curent
614 1372 651 1430 ut
666 1387 771 1429 cereus
788 1367 952 1447 paschalis,
968 1386 1074 1428 cereus
1090 1366 1123 1426 in
1140 1384 1219 1445 aqua

130 1462 311 1543 baptismali
330 1461 564 1542 immergendus
583 1465 615 1524 et
632 1461 712 1524 duae
731 1460 877 1523 candelae
896 1463 930 1522 in
950 1460 1056 1522 Missis
1074 1459 1219 1523 acceden-

130 1559 199 1632 dae,
226 1557 290 1618 sint
315 1576 353 1619 ex
378 1576 449 1618 cera
473 1574 568 1636 apum
594 1554 705 1618 saltam
730 1555 764 1615 in
790 1555 928 1617 maxima
953 1559 1060 1635 parte3
1086 1553 1219 1615 aliarum

131 1672 204 1713 vero
217 1649 429 1725 candelarum,
441 1668 519 1729 quae
532 1669 627 1729 supra
640 1648 803 1711 Altaribus
817 1648 977 1728 ponendae
990 1653 1075 1723 sunt,
1088 1646 1220 1709 materia

131 1746 168 1805 in
189 1744 303 1823 majori
324 1744 371 1805 rel
394 1742 527 1805 notabili
548 1743 725 1823 quantitate
745 1762 783 1804 ex
804 1741 912 1805 eadem
934 1761 1003 1804 cera
1024 1742 1066 1803 sit
1087 1744 1218 1820 oportet.

132 1838 278 1900 Rectores
293 1836 494 1899 ecclesiarum
508 1840 578 1898 tuto
594 1840 676 1898 stare
690 1838 840 1915 poterunt
854 1835 972 1896 normis
989 1834 1025 1895 ab
1044 1832 1220 1894 Ordinariis

131 1929 271 2005 traditis,
284 1951 340 1992 uec
352 1930 469 2010 privati
484 1929 664 1991 Sacerdotes
679 1929 808 1989 Missam
821 1927 1006 1990 celebraturi
1019 1926 1057 1988 de
1071 1925 1221 2008 qualitate

131 2024 335 2086 candelarum
348 2023 441 2086 anxie
453 2023 611 2104 inquirere
625 2020 803 2084 tenentur.''
815 2022 841 2055 ²⁸

177 2117 306 2179 Praeter
331 2136 434 2179 cereos
461 2116 668 2196 praescriptos
695 2115 758 2177 sive
787 2116 820 2175 in
849 2114 946 2176 Missa
972 2115 1035 2176 sive
1063 2115 1096 2174 in
1124 2113 1221 2175 Bene·

132 2210 272 2274 dictione
301 2211 380 2273 aliae
409 2209 555 2272 candelae
583 2229 620 2270 cx
650 2208 786 2270 stearina
816 2208 900 2269 intra
929 2205 1083 2268 ambitum
1113 2206 1221 2269 altaris

132 2304 275 2367 adhiberi
292 2324 356 2365 non
373 2303 542 2384 possunt.²⁰

176 2398 301 2478 “Super
318 2396 422 2459 Altari
441 2400 564 2476 practer
581 2395 725 2457 candelas
742 2416 779 2457 cx
797 2416 866 2456 cera
884 2395 1010 2456 tolerari
1028 2413 1092 2455 non
1110 2398 1222 2474 potest,

132 2500 169 2553 ut
193 2491 346 2554 habeatur
369 2491 466 2551 etiam
490 2489 682 2552 illuminatio
707 2509 744 2551 ex
770 2490 841 2561 (ias,
867 2488 920 2549 sed
945 2508 1020 2549 usus
1044 2487 1223 2569 praedictus

133 2585 292 2665 prohiberi
319 2582 440 2646 debet.’'
452 2584 478 2617 ³⁰

171 2679 242 2740 Lux
260 2679 404 2740 electrica
424 2679 455 2738 in
474 2677 622 2739 Ecclesiis
640 2678 736 2741 vetita
753 2680 816 2740 est:
840 2678 891 2757 (α)
915 2697 978 2740 una
996 2696 1067 2739 cum
1085 2675 1224 2739 candelis

128 2791 224 2852 super
248 2770 401 2834 altaribus
427 2769 466 2831 ad
492 2769 748 2850 qualemcumque
775 2789 894 2832 sacram
920 2770 1134 2844 functionem3
1166 2769 1218 2848 (b)

131 2864 199 2927 loco
217 2862 372 2944 lampadis
389 2881 493 2924 coram
512 2863 602 2924 Ssmo
623 2863 841 2938 Sacramento;
865 2863 914 2941 (c)
939 2863 1005 2926 loco
1024 2860 1224 2924 candelarum

131 2956 177 3020 rel
202 2955 384 3036 lampadum
408 2975 512 3018 coram
537 2953 690 3035 Reliquiis
715 2955 919 3029 Sanctorum3
950 2955 1004 3034 (d)
1035 2955 1119 3017 intra
1143 2954 1224 3016 cibo

131 3051 243 3110 rium⁸¹
266 3053 405 3127 tempore
427 3046 648 3129 expositionis3
676 3047 726 3126 (a)
753 3048 834 3109 circa
857 3046 1013 3109 aediculas
1038 3047 1224 3109 Sanctorum

132 3143 164 3202 in
181 3142 300 3222 pariete
316 3160 409 3221 super
424 3140 517 3204 altari
533 3142 650 3220 positas
666 3140 712 3200 vel
730 3141 761 3200 in
780 3139 855 3220 ipsis
870 3139 1030 3220 gradibus,
1045 3140 1099 3202 ubi
1115 3139 1224 3202 cande-

131 3235 219 3296 labra
235 3233 437 3297 collocantur.
474 3233 558 3294 “Pro
576 3231 646 3295 aliis
664 3231 819 3295 Ecclesiae
836 3233 912 3295 locis
928 3237 960 3297 et
976 3233 1086 3295 ceteris
1104 3232 1225 3294 casibus

132 3327 327 3389 illuminatio
354 3327 509 3402 electrica,
537 3324 576 3387 ad
604 3325 742 3406 prudens
771 3325 933 3388 Ordinarii
962 3324 1129 3406 judicium,
1157 3344 1225 3405 per·

131 3420 284 3495 mittitur,
302 3417 471 3480 dummodo
489 3418 523 3479 in
541 3418 686 3480 omnibus
704 3423 843 3480 servetur
860 3420 1008 3498 gravitas,
1027 3436 1120 3499 quam
1138 3436 1225 3479 sanc·

132 3513 209 3574 titas
227 3513 286 3574 loci
306 3517 339 3574 et
356 3510 473 3590 digitos
493 3509 525 3572 S.
545 3510 708 3590 Liturgiae
727 3509 947 3591 postulant.'’³²

170 3624 196 3656 ²⁴
216 3617 293 3668 Caer.
310 3617 361 3682 Ep.
379 3616 402 3667 Ι.
421 3617 462 3680 12,
480 3618 520 3666 11.
708 3621 838 3680 nequeat;
877 3617 918 3667 vel
952 3631 1107 3668 concessum
1141 3617 1228 3669 fucrit

170 3700 197 3733 ²⁵
216 3694 250 3744 D.
272 3695 348 3744 2621.
709 3694 825 3756 speciale
853 3694 989 3744 indultum
1017 3694 1122 3758 Apost,
1150 3709 1173 3745 c.
1202 3710 1227 3757 g.

170 3774 197 3809 ²⁸
216 3770 358 3820 “Licetne
372 3768 537 3820 candelabra
551 3768 658 3819 Altaria
707 3769 812 3819 dissitis
848 3773 876 3820 et
911 3768 1087 3820 nascentibus
1122 3769 1228 3819 Missio·

134 3851 237 3898 aurata
257 3844 314 3897 siro
337 3846 412 3896 intra
433 3845 490 3896 sivo
511 3848 590 3896 extra
612 3845 657 3894 ob·
706 3844 787 3894 nibus
805 3846 832 3895 in
850 3844 976 3896 Oceania
1012 3843 1056 3895 Gi.
1075 3843 1108 3894 D.
1127 3845 1169 3896 29.
1186 3846 1228 3896 85.

135 3923 266 3973 lationem
311 3921 478 3973 sacrosancti
523 3921 657 3971 Sacrifieii
747 3927 772 3960 ²⁸
791 3920 823 3971 D.
843 3924 882 3972 14.
900 3921 962 3972 Dec.
982 3924 1057 3985 1904,
1073 3938 1098 3973 n.
1116 3923 1192 3972 4147.

134 4001 196 4051 velo
210 3997 367 4064 cooperirei
399 3998 430 4047 ll.
447 3998 530 4048 Posse
546 3997 657 4048 tolerari
745 4005 771 4038 ²⁹
789 3998 821 4050 D.
840 4000 881 4050 30.
900 4000 956 4051 Jul.
978 4001 1054 4065 1910,
1071 4015 1098 4051 n.
1116 4001 1193 4052 4286.

133 4076 258 4141 exceptis
274 4075 370 4126 diebus
387 4072 589 4123 solemnibus.''
623 4072 656 4124 D.
745 4081 770 4113 ³⁰
790 4076 822 4126 l).
839 4077 879 4126 99.
897 4077 964 4128 Nov.
983 4078 1058 4138 1901,
1073 4093 1099 4130 n.
1116 4080 1192 4129 4080.

135 4153 214 4203 3137.
233 4153 258 4203 2.
743 4157 767 4191 ³²
778 4150 916 4201 (liborium
938 4158 979 4204 cst
1000 4158 1140 4206 structura
1160 4168 1229 4204 mar·

172 4234 198 4267 ²²
218 4228 447 4279 Prnacribuntur
471 4228 601 4276 candelae
626 4243 658 4277 ex
708 4242 798 4278 morea
834 4229 876 4278 vel
914 4230 1024 4294 lapidea
1059 4231 1100 4281 vel
1139 4231 1229 4293 lignea

135 4321 200 4357 cera
229 4305 294 4368 (sub
319 4305 397 4369 gravi
423 4305 520 4353 saltem
546 4318 601 4353 una
625 4319 657 4353 ex
707 4319 788 4368 super
814 4305 897 4355 altari
924 4307 1022 4370 posita,
1048 4313 1164 4369 quatuor
1189 4319 1229 4352 co·

134 4383 227 4446 cera),
248 4381 302 4431 nisi
324 4385 433 4431 excuset
456 4380 548 4443 gravis
570 4394 657 4429 neces·
708 4381 807 4428 lumnis
834 4386 996 4433 sustentata.

137 4461 216 4521 situ,
233 4473 256 4510 a.
274 4474 300 4522 g.
319 4458 342 4507 si
360 4458 430 4508 alias
447 4458 563 4522 populus
581 4471 657 4521 prac-
743 4461 768 4494 ³²
780 4456 812 4506 D.
835 4459 875 4507 24.
898 4458 962 4508 Jnn.
990 4458 1069 4515 1914:
1094 4466 1120 4511 ct
1144 4455 1226 4506 ³⁸59:

134 4542 247 4603 ceptum
265 4535 395 4588 audiendi
415 4535 528 4587 Sacrum
548 4534 658 4599 implere
709 4533 791 4596 4097;
821 4534 904 4598 4275;
933 4538 960 4584 et
987 4531 1044 4585 alia
1070 4533 1229 4588 Decreta.-
