2804 4890
202 682 262 746 168
542 691 596 748 DE
620 692 740 750 MISSA
764 691 951 751 sonuum.

246 871 274 928 8.
299 867 364 930 Sub
384 868 486 930 thuris
505 868 707 948 impositione
725 872 788 930 stat
807 888 826 930 a
844 869 981 931 sinistris
1002 868 1193 931 subdiaconi
1213 867 1294 931 faeie

204 960 438 1041 aliquantulum
458 960 498 1023 ad
518 959 735 1023 celebrantem
753 980 907 1023 conversa.
949 955 1055 1025 Thura
1075 962 1224 1042 imposito
1243 962 1293 1023 de

204 1053 325 1116 seeudit
340 1054 374 1114 in
388 1053 520 1134 planum
534 1074 552 1115 a
565 1055 661 1116 latere
677 1053 852 1133 Evangelii,
867 1059 899 1117 et
912 1054 1006 1115 simul
1022 1074 1094 1116 euru
1110 1053 1294 1117 celebrante

205 1166 236 1209 se
255 1147 348 1208 vertit
366 1146 406 1208 ad
425 1146 601 1209 Diaconum
620 1146 827 1227 Evangelium
846 1148 1059 1211 cantantem.⁴

247 1242 275 1302 9.
299 1239 375 1301 Post
393 1240 601 1320 Evangelium
618 1240 778 1303 insensato
795 1239 978 1303 Celebrante
996 1240 1232 1321 suppedaneum
1247 1260 1294 1304 as-

203 1332 321 1410 eendit,
334 1337 366 1395 et
380 1332 480 1397 Credo
500 1333 542 1413 (si
556 1333 726 1396 dicendum
739 1333 798 1412 sit)
819 1331 998 1396 Celebranti
1011 1333 1150 1398 ostendit
1157 1353 1168 1411 ;
1181 1333 1294 1398 deinde

205 1446 237 1488 se
259 1445 371 1506 parum
395 1427 554 1488 retrahens
577 1426 616 1488 ad
639 1446 735 1488 eornu
760 1426 925 1506 Evangelii
948 1427 1051 1490 locum
1073 1427 1158 1491 eedit
1180 1427 1293 1490 Subdi-

204 1539 310 1583 aeono.
351 1518 458 1598 (Idem
471 1523 609 1600 praestat
621 1519 660 1582 ad
674 1520 810 1584 Sanctus
822 1525 854 1583 et
865 1521 977 1602 Apsus
989 1521 1052 1586 Dei
1064 1519 1289 1601 recitandum.)

205 1613 319 1676 Postea
340 1611 426 1676 sedet
447 1618 484 1675 ut
507 1632 609 1692 supra.
655 1612 740 1674 Dum
763 1613 921 1676 Diaconus
944 1615 1071 1676 bursam
1094 1613 1208 1691 defert,
1229 1633 1294 1676 non

204 1705 373 1786 assurgit.⁶
426 1705 560 1768 Cautato
591 1706 738 1784 Symbolo
767 1707 843 1768 alios
872 1706 1085 1787 praecedendo
1114 1706 1155 1770 ad
1184 1706 1294 1770 Altam

205 1797 289 1862 redit
308 1803 339 1861 et
359 1799 401 1859 ibi
423 1820 441 1860 a
461 1800 598 1860 sinistris
621 1799 811 1861 subdiaconi
832 1800 916 1862 faetta
936 1799 1154 1880 genuflexione
1173 1800 1295 1863 aceedit

203 1891 244 1955 ad
262 1892 389 1956 librum.

248 1989 296 2047 10.
320 1985 409 2047 Tune
425 2005 489 2047 uon
505 1985 641 2066 amplius
658 1985 775 2049 recedit
790 2006 808 2048 a
825 1987 904 2050 libro
919 2007 1017 2067 usque
1032 1986 1072 2049 ad
1088 1987 1201 2068 Aquas
1215 1986 1295 2061 Det,-

205 2078 258 2140 sed
275 2083 346 2160 post
361 2078 465 2142 oblata
482 2080 642 2141 insensata
658 2087 795 2142 removet
811 2079 937 2142 Missale
954 2099 985 2142 se
1004 2080 1190 2143 retrahendo
1207 2085 1294 2141 extra

205 2192 304 2237 eornu
332 2171 508 2254 Evangelii,
537 2177 569 2237 et
599 2172 654 2235 illo
683 2193 781 2235 eornu
811 2173 981 2248 insensato,
1010 2173 1128 2235 librum
1158 2174 1293 2254 reponit.

205 2267 278 2348 Ipse
296 2272 368 2330 ante
388 2267 622 2329 Subdiaeonum
640 2266 760 2346 duplici
779 2265 876 2327 ductu
895 2286 913 2327 a
932 2265 1071 2328 Diacono
1089 2265 1294 2328 incensatur⁰

204 2360 369 2442 paululum
387 2360 427 2422 ad
445 2361 549 2440 ipsum
566 2378 739 2421 conversus.

248 2454 309 2516 Per
337 2459 435 2515 totam
464 2452 727 2516 consecrationem
762 2453 796 2531 (a
824 2454 923 2515 verbis
953 2454 1015 2531 Qui
1042 2453 1161 2534 pridie)
1195 2452 1295 2515 flectit

204 2553 374 2627 utmmque
401 2567 501 2627 genu3
530 2547 605 2609 item
633 2544 827 2626 genuflectit,
855 2547 975 2626 quoties
1004 2546 1171 2609 Celebrans
1197 2566 1294 2627 genu·

206 2640 313 2703 flectit.

249 2738 295 2794 11.
320 2733 413 2794 Dicto
429 2735 452 2794 Α
459 2755 498 2813 pu
506 2755 539 2795 us
554 2734 615 2794 Dei
630 2738 661 2796 et
677 2732 760 2794 faeta
775 2731 991 2811 genuflexione
1007 2753 1078 2794 enm
1095 2753 1118 2794 s.
1136 2732 1295 2794 Ministris

210 2828 281 2908 (qui
303 2827 452 2893 recedunt
473 2833 555 2890 retro
577 2833 647 2907 post
667 2826 916 2906 (elementem),
938 2827 1003 2907 ipse
1024 2828 1144 2890 aceedit
1165 2827 1205 2890 ad
1226 2827 1298 2891 dex-

205 2924 289 2982 tram
308 2918 512 2993 Celebrantis,
531 2919 595 2992 ubi,
614 2939 685 2979 suni
706 2918 814 2979 Oratio
832 2918 967 2980 Doruiue
987 2919 1065 2980 jesu
1087 2917 1210 2982 t'briste
1230 2917 1293 2999 ple·

205 3031 336 3091 rumque
357 3011 398 3072 sit
419 3011 570 3086 absoluta,
590 3010 774 3089 genuflectit
796 3015 826 3074 et
848 3011 997 3073 continuo
1019 3011 1121 3091 surgit
1142 3031 1177 3073 ae
1199 3010 1293 3073 simul

205 3126 275 3166 oum
302 3104 484 3167 Celebrante
508 3104 616 3164 illisve
640 3105 759 3181 junctis
783 3104 927 3165 munibus
950 3104 1108 3166 oseulatur
1132 3109 1163 3166 et
1187 3125 1293 3185 paoem

205 3202 320 3279 aeeipit
355 3219 440 3261 more
479 3199 594 3260 solito,l
655 3199 800 3279 Repetite
827 3198 1054 3279 genuflexione,
1092 3197 1125 3260 in
1162 3200 1298 3262 seeundo

204 3292 305 3369 gruilu
328 3290 467 3351 Diarono
489 3291 543 3352 dat
566 3310 691 3370 paeoni:
714 3296 745 3351 et
766 3289 982 3368 genuflexione
1007 3291 1038 3351 in
1062 3290 1171 3352 infimo
1193 3290 1293 3371 gradu

206 3385 289 3446 saeta
308 3385 465 3444 rlssisiens
484 3384 653 3445 eomitante
674 3383 924 3443 t'uoronmniario
944 3403 1047 3462 paveni
1070 3385 1100 3444 in
1120 3384 1213 3447 elioro
1232 3383 1294 3444 dis-

206 3479 319 3541 tribuit
342 3486 377 3541 ut.
401 3477 626 3550 subdiaconus,
655 3477 765 3555 (supra
788 3497 818 3536 n.
842 3479 892 3549 88,
916 3479 974 3555 5);
997 3480 1103 3555 postea
1126 3477 1294 3538 revertitur

205 3572 244 3634 ad
263 3572 397 3634 llissale.

248 3665 379 3727 Interim
411 3664 565 3726 lliuronus
590 3669 715 3743 arrepta
740 3684 813 3743 pur-e
838 3664 875 3724 ab
901 3664 1075 3726 Assistente
1099 3662 1293 3740 genuflectit.

204 3759 365 3821 deseendit
386 3759 420 3820 iu
441 3760 569 3838 planum
591 3762 623 3818 et
643 3757 698 3818 dat
719 3777 824 3835 parem
850 3757 1056 3831 Sululiaeono,
1079 3757 1132 3836 qui
1153 3756 1293 3818 aseendit

204 3853 243 3915 ad
273 3853 415 3913 ‹lextram
445 3849 657 3921 Celebrantis3
689 3848 844 3908 Iliaeonus
876 3849 1001 3909 interim
1032 3849 1070 3910 arl
1101 3842 1218 3910 librum
1246 3868 1292 3910 as·

204 3946 299 4013 sistit,
317 3945 414 4004 doner
431 3943 589 4004 Assistens
608 3942 720 4003 redeat.

249 4038 282 4099 Si
316 4058 379 4099 non
411 4037 516 4098 adsint
549 4033 652 4097 elerici
687 4034 725 4095 ad
759 4054 834 4113 qmvs
868 4056 927 4115 pax
962 4035 1093 4111 feratur,
1127 4035 1293 4113 Presbyter

237 4178 249 4210 ⁴
270 4171 319 4221 l'el
339 4174 429 4236 potest
448 4184 477 4221 se
496 4169 649 4221 transferre
668 4185 723 4220 una
776 4171 921 4234 15.Apri1.
940 4172 1015 4234 1899,
1031 4187 1057 4222 n.
1074 4173 1151 4222 4018.
1167 4171 1204 4222 ad
1220 4173 1244 4223 4.

202 4264 262 4298 eum
292 4248 452 4298 Celebrante
481 4248 517 4298 ad
546 4262 627 4297 eornu
659 4248 722 4313 Epi·
810 4248 883 4297 ὗ11).
902 4249 937 4298 ad
955 4251 979 4299 5.

201 4328 297 4386 stolas,
316 4325 406 4388 ibique
422 4330 496 4375 stare
513 4340 530 4375 a
547 4325 667 4374 sinistris
685 4326 722 4390 ip·
810 4329 822 4362 θ
842 4325 883 4375 lb.
901 4326 936 4375 ad
955 4328 978 4375 6.
999 4328 1035 4378 1⁰.

201 4403 259 4453 ains
272 4402 443 4452 Celebrantis
457 4416 550 4451 versus
566 4402 722 4464 Diaconum,
811 4407 821 4440 7
842 4402 883 4452 Ib.
904 4403 939 4452 ad
960 4405 983 4453 6.
1005 4404 1044 4455 20.

201 4480 266 4532 dum
286 4479 329 4530 hie
350 4478 528 4543 Evangelium
548 4484 651 4529 cantat.
690 4479 722 4531 D.
