2804 4890
317 729 370 786 AB
394 730 644 788 OFFERTORIO
670 730 801 801 USQUE
821 732 875 787 AD
899 730 1104 789 OANONEM.
1198 722 1260 785 215

170 901 335 983 Scriptura
350 902 498 983 loquitur.
543 904 582 964 In
601 924 680 965 nora
696 904 778 984 Lege
794 907 980 985 consumpta
997 903 1062 967 fuit
1078 904 1205 967 victima
1222 905 1257 966 in

170 996 289 1059 Christi
310 996 546 1059 Resurrectioue
566 1001 598 1059 et
616 997 815 1061 Ascensione.
860 998 889 1058 N
893 1018 943 1059 aur
964 999 998 1060 in
1020 998 1257 1061 Resurrectione

168 1092 348 1172 absorptum
372 1092 436 1153 fuit
460 1093 492 1153 in
517 1093 654 1168 Christo,
677 1095 760 1174 quod
784 1096 912 1156 mortale
937 1097 992 1165 est,
1016 1114 1035 1156 a
1057 1093 1132 1167 vita,
1155 1100 1191 1155 ut
1213 1095 1259 1157 ait

171 1184 338 1265 Apostolus
353 1187 371 1244 2
384 1184 474 1265 epist.
490 1185 528 1246 ad
544 1185 735 1261 Corinthios,
749 1186 1011 1266 absumptumque
1025 1185 1089 1247 fuit
1104 1185 1258 1267 quidquid

170 1278 269 1342 inesse
290 1283 413 1359 poterat
434 1279 655 1358 corruptibile3
677 1285 708 1341 et
731 1280 766 1340 in
788 1279 977 1342 Ascensioue
999 1279 1127 1341 victima
1149 1301 1168 1341 a
1191 1278 1256 1340 Deo

169 1377 294 1453 accepta
316 1373 350 1433 in
373 1371 499 1434 odorem
520 1372 694 1448 suavitatis,
717 1377 749 1435 ct
771 1373 809 1434 ad
833 1374 902 1453 cjus
925 1373 1087 1436 dexteram
1108 1373 1173 1435 fuit
1195 1371 1256 1436 col·

169 1465 299 1529 locata.''
312 1467 338 1500 ²⁰

210 1560 250 1622 Ia
265 1561 413 1623 honorem
428 1561 464 1624 B.
479 1561 524 1625 M.
543 1563 579 1624 V.
594 1566 663 1636 etc,
678 1565 708 1624 ct
725 1562 865 1635 istorum,
881 1562 902 1622 i.
916 1582 941 1624 c.
957 1582 1089 1642 quorum
1106 1561 1256 1641 reliquiae

168 1653 219 1715 hie
233 1657 316 1716 sunt.
363 1654 405 1718 Ut
421 1655 484 1716 iltis·
498 1656 641 1736 projiciat
655 1657 696 1717 oct
709 1659 868 1729 laetiorem,
884 1656 904 1718 i.
918 1677 944 1718 c.
960 1660 996 1716 ut
1011 1654 1169 1718 veneratio
1183 1674 1257 1734 erga

170 1746 301 1810 Sanctos
320 1748 354 1810 iu
374 1749 466 1809 terris
484 1754 644 1829 augeatur.

209 1844 237 1901 3.
262 1841 356 1904 Orate
384 1844 500 1924 frat-res
528 1842 634 1905 diceus
665 1842 814 1904 Sacerdos
843 1842 956 1905 ultimo
985 1863 1059 1919 sese,
1088 1846 1255 1922 autequam

167 1934 311 1997 divinum
336 1956 414 2016 opus
439 1941 642 2012 consummet,
667 1938 822 1999 convertit
846 1937 886 1999 ad
911 1937 1074 2018 populum,
1099 1957 1191 2017 quem
1216 1936 1255 1999 ad

167 2029 320 2091 orandum
337 2030 484 2092 hortatur
500 2035 565 2091 tarn
582 2051 653 2093 voce
670 2050 762 2109 quma
779 2037 888 2110 gostu;
906 2032 962 2091 hoc
979 2029 1071 2093 modo
1094 2031 1145 2109 (a)
1168 2029 1256 2110 quasi

168 2122 313 2185 valedicit
338 2123 534 2185 adstantibus
560 2124 758 2203 ingressurus
784 2125 817 2184 in
844 2124 992 2185 intimum
1021 2123 1254 2198 Sanctuarium,

167 2220 203 2277 ut
225 2216 422 2278 divinissima
445 2218 593 2295 mysteria
616 2238 688 2278 eum
712 2218 838 2279 Christo
861 2221 1015 2297 operetur.
1061 2216 1147 2279 Olim
1169 2218 1254 2280 cuim

166 2314 238 2372 ante
266 2310 498 2372 Praelationcm
524 2312 590 2372 rclo
616 2311 749 2372 obducto
778 2311 926 2373 Sacerdos
952 2311 985 2371 in
1012 2310 1190 2372 sanctuario
1216 2310 1254 2371 ab

166 2403 264 2467 oculis
287 2404 427 2466 fidelium
452 2404 714 2479 abscoudel›atur;
744 2405 795 2482 (l)
824 2425 884 2484 quo
907 2405 1053 2485 proprius
1076 2405 1115 2465 ad
1141 2405 1253 2467 Conse-

166 2498 314 2559 crationis
332 2499 516 2576 mysterium
534 2498 702 2572 aec-editur,
719 2519 755 2560 co
772 2499 871 2577 magis
889 2501 989 2561 oratio
1007 2503 1037 2560 et
1055 2498 1188 2559 attentio
1206 2519 1252 2559 rc-

165 2590 320 2669 quiritur,
339 2592 388 2669 (c)
408 2591 497 2653 verba
512 2590 688 2652 Sacerdotis
702 2596 732 2652 et
747 2592 905 2670 responsio
920 2592 1059 2652 fidelium
1080 2588 1253 2668 (“lratres’'

165 2686 288 2765 saepius
303 2684 342 2746 N.
357 2686 412 2763 T.)
432 2685 640 2765 pulcherrime
655 2686 888 2747 fraternitatem
904 2684 1117 2746 Christianam
1133 2704 1254 2764 reprac-

163 2779 427 2842 sentant.-Olim
442 2780 637 2842 solummodo
652 2781 830 2859 prolcrchat
845 2781 950 2849 Orate,
965 2780 1011 2842 vel
1026 2780 1121 2843 Orate
1135 2802 1191 2861 pro
1209 2802 1255 2842 rue

162 2874 332 2953 peccatore.
360 2870 520 2932 Dicuntur
534 2889 605 2933 voce
618 2869 733 2945 media,
747 2890 810 2931 non
823 2869 898 2946 alta,
911 2869 950 2932 ob
963 2873 1093 2934 cantum
1106 2870 1142 2933 in
1154 2870 1252 2932 Missa

161 2964 305 3029 solemni.

208 3166 434 3245 lassante,
474 3170 547 3248 quia
585 3173 702 3232 secreto
740 3168 868 3244 (licitur,
906 3189 960 3232 seu
999 3171 1099 3233 oratio
1138 3171 1254 3251 “super

163 3262 287 3325 oblata''
300 3265 323 3297 ²¹
351 3283 407 3343 per
433 3264 518 3324 varia
545 3263 662 3326 (luisti
690 3264 838 3341 mysteria
865 3263 912 3324 vel
941 3264 1128 3326 Sanctorum
1157 3263 1252 3326 inter·

163 3358 332 3419 cessionem
354 3356 541 3420 oblationem
567 3357 769 3436 propositam,
793 3356 840 3419 rel
870 3357 1105 3437 (anticipando)
1135 3358 1251 3419 sacrifi-

162 3451 246 3511 cium
263 3450 328 3512 Dco
342 3451 548 3513 commendat.

205 3546 233 3605 2.
255 3542 419 3605 Praefatio
443 3552 488 3606 est
515 3544 609 3604 veluti
636 3544 827 3624 praelocutio
852 3549 924 3607 ante
949 3545 1149 3624 praecipuam
1176 3544 1251 3605 Ora-

162 3639 290 3713 tionem,
309 3658 465 3699 sacrorum
486 3638 704 3717 mysteriorum
724 3639 1005 3699 consummativam
1022 3643 1055 3699 ct
1072 3640 1103 3697 iu
1124 3637 1250 3700 Cauoue

162 3735 359 3803 contentam3
398 3733 506 3811 “quasi
547 3731 693 3811 prologus
734 3731 863 3810 quidmu
902 3734 948 3791 est
988 3736 1019 3793 ct
1058 3731 1250 3811 praelocutio

161 3824 318 3904 sequentis
349 3825 496 3899 Cononis,
529 3830 658 3904 captans
692 3825 790 3904 ipsius
824 3824 882 3885 Dei
916 3823 948 3884 in
982 3845 1038 3887 nos
1071 3824 1250 3885 benevolen-

160 3916 298 3979 tiam.''²²
343 3918 487 3981 Solemus
506 3919 662 3999 (proditam
682 3919 839 3979 cauticum
859 3921 915 3993 cst,
934 3938 995 3997 quo
1013 3917 1106 3978 eorda
1124 3917 1249 3978 adstan-

161 4012 242 4073 tium
271 4012 437 4073 “sursum''
467 4017 674 4091 prormautur·
702 4012 739 4072 ad
770 4010 949 4072 coelestium
980 4032 1083 4071 rerum
1112 4014 1248 4071 couleur-

160 4105 341 4185 plationem,
368 4107 404 4167 ad
432 4107 608 4183 gratiarum
634 4105 787 4167 actionem
815 4104 982 4184 laudesque
1008 4103 1073 4165 Deo
1099 4102 1136 4163 ob
1163 4104 1249 4164 varia

159 4201 308 4279 mysteria
325 4201 541 4263 referendas.²³

195 4409 221 4442 ²⁰
240 4404 340 4455 Bened.
368 4404 445 4453 XIV.
471 4402 512 4454 De.
538 4402 612 4454 Sacr.
639 4401 677 4454 M.
768 4402 934 4453 eecliehtov.

159 4479 200 4531 11.
218 4484 257 4532 ll.
767 4487 792 4519 ²³
803 4480 873 4532 Vide
892 4480 1088 4546 expositionem
1106 4478 1252 4547 Liturgioa

194 4563 219 4600 ²¹
240 4556 314 4612 soor.
334 4557 407 4623 Greg
728 4557 795 4613 hist.
809 4572 854 4611 uo.
870 4558 933 4615 nt.
