2804 4890
163 625 225 688 250
361 633 415 689 DE
439 635 565 689 SENSU
590 634 776 688 LITERALI
800 635 850 688 ET
870 631 1058 690 MYSTICO.

165 805 262 869 dictio
287 810 319 869 et
343 804 559 881 sanctificatio,
585 825 663 885 quae
690 807 723 866 in
749 804 837 866 illam
863 805 1026 868 materiam
1053 805 1253 886 supervenire

165 904 277 982 potest,
299 899 383 962 unde
405 901 537 982 ipsamet
558 900 748 963 consecratio
770 901 943 965 benedictio
966 901 1043 963 solet
1065 921 1084 962 a
1105 900 1254 962 Patribus

165 993 348 1075 appellari.''
361 996 386 1029 ¹²
451 993 573 1056 Deinde
595 993 771 1055 “transiens
793 994 832 1055 ad
854 998 958 1074 partes
979 1015 997 1056 a
1019 999 1095 1070 toto,
1117 995 1254 1076 particu-

162 1091 271 1152 lariter
296 1090 462 1168 subjungit
487 1087 688 1169 adscriptam,
715 1094 826 1160 rotoni,
854 1090 1069 1151 rationabilem
1096 1099 1126 1153 et
1151 1111 1256 1171 occep-

165 1181 302 1255 totitem,
326 1203 404 1263 quae
428 1188 503 1244 sunt
526 1186 630 1263 partes
654 1182 852 1246 omnimodae
878 1183 1172 1245 benedictionis.''¹⁸

206 1276 234 1335 2.
258 1273 449 1336 Praesertim
466 1294 537 1334 vero
555 1294 610 1353 per
627 1272 825 1345 oblationem,
843 1273 1056 1353 anticipando,
1075 1274 1253 1353 intelligen-

163 1368 240 1431 dum
263 1374 310 1431 est
333 1367 454 1448 Corpus
479 1367 598 1429 Christi
623 1373 689 1429 tam
712 1368 855 1429 naturale
879 1388 972 1448 quarn
997 1368 1175 1447 mysticum,
1199 1388 1253 1430 seu

165 1462 312 1524 Ecclesia.
358 1461 495 1524 Proinde

211 1555 262 1634 (a)
290 1554 462 1617 “Sacerdos
484 1555 611 1617 nomine
636 1554 791 1617 Ecclesiae
814 1559 892 1629 orat,
916 1560 951 1616 ut
975 1556 1065 1635 panis
1088 1560 1120 1618 et
1144 1555 1252 1615 vinum

163 1655 386 1712 convertantur
406 1650 440 1709 in
461 1649 582 1727 Corpus
602 1655 632 1711 et
655 1649 847 1729 Sanguinem
870 1650 987 1712 Christi
999 1669 1007 1724 ;
1029 1670 1089 1730 qua
1110 1650 1253 1713 transub-

163 1743 366 1805 stantiatione
385 1742 501 1805 oblatio
520 1743 556 1804 fit
576 1744 746 1814 benedicto,
766 1744 839 1822 quia
858 1744 1003 1805 Christus
1022 1749 1069 1805 est
1089 1744 1216 1805 victima
1235 1762 1253 1803 a

165 1837 258 1899 Patre
283 1836 476 1898 sanctificata
500 1840 530 1897 et
553 1836 725 1909 benedicta,
748 1837 916 1918 adscripto,
941 1838 1014 1916 quia
1038 1838 1183 1898 Christus
1206 1847 1253 1897 est

164 1930 291 1992 victima
321 1931 445 1991 divinae
475 1931 632 2008 majestati
664 1932 790 2009 penitus
820 1931 930 1993 devota
959 1936 990 1992 et
1019 1931 1155 2004 addicta,
1185 1936 1253 1993 roto

164 2023 236 2103 quia
259 2024 324 2103 ipse
347 2028 394 2085 est
417 2024 544 2084 victima
567 2044 585 2085 a
610 2022 704 2084 Patre
729 2033 887 2103 tamquam
911 2024 1047 2103 perfecte
1071 2024 1252 2103 arlprohata,

164 2117 359 2180 rationabilis
377 2122 407 2180 ot
425 2118 634 2199 acceptabilis,
653 2118 726 2198 quia
745 2118 809 2198 ipse
827 2123 874 2181 est
892 2123 1018 2181 aeterna
1037 2120 1168 2181 ratioet
1187 2118 1253 2181 Deo

163 2212 251 2274 Patri
279 2213 404 2277 infinite
431 2213 566 2294 placem,
594 2214 631 2275 ad
661 2213 873 2275 differentiam
903 2214 1102 2275 victimarum
1132 2214 1254 2275 irratio-

161 2305 292 2381 nalium,
316 2326 372 2386 per
397 2327 429 2368 se
455 2306 521 2368 Deo
546 2327 610 2367 non
635 2307 838 2386 placentium,
865 2326 942 2386 quac
971 2308 1003 2367 in
1031 2307 1159 2386 antiqua
1187 2308 1254 2387 lege

160 2399 438 2462 offerebantur.''¹⁹

210 2492 261 2570 (h)
292 2493 352 2553 Per
374 2492 561 2555 oblationem
585 2490 765 2569 intelligens
788 2491 909 2570 Corpus
933 2491 1050 2553 Christi
1074 2492 1251 2569 mysticum,

164 2605 217 2647 seu
233 2584 338 2645 fideles
354 2584 525 2646 “Sacerdos
542 2590 620 2658 orat,
637 2592 671 2644 ut
688 2605 743 2645 nos
760 2584 819 2663 ipsi
840 2586 870 2645 in
887 2585 1032 2645 omnihus
1048 2587 1146 2645 simus
1164 2587 1251 2648 heae-

164 2678 241 2739 dicti
259 2680 371 2757 gratiis
389 2678 515 2751 divinis,
534 2678 686 2758 adscripti
705 2678 841 2750 servitio,
863 2678 1071 2752 rationabiles,
1090 2699 1201 2758 corpus
1221 2683 1251 2739 et

162 2773 328 2852 passiones,
354 2773 507 2833 rationem
533 2772 597 2834 Deo
622 2772 782 2834 subdendo
812 2774 917 2849 (llom.
947 2777 993 2843 1¹2,
1021 2779 1069 2843 l),
1095 2778 1124 2834 et
1149 2795 1252 2853 occep-

166 2865 283 2935 labiles,
309 2863 408 2941 digni,
433 2868 470 2923 ut
496 2863 529 2922 in
556 2863 651 2923 vitam
679 2867 836 2925 aeternam
863 2871 1076 2942 acceptemur;
1106 2870 1137 2924 nl
1165 2864 1252 2927 notris

166 2978 276 3036 corpor
299 2962 328 3019 et
351 2957 479 3035 cononis
502 2956 557 3034 fiat
581 2956 620 3019 D.
644 2957 685 3018 N.
708 2957 741 3018 J.
767 2957 834 3029 Ch„
859 2957 924 3018 scil.
948 2961 985 3017 ut
1008 2958 1198 3019 consecratio
1221 2962 1252 3019 et

164 3050 279 3111 oblatio
296 3049 385 3109 nohis
404 3049 456 3109 liat
474 3047 665 3109 lructuosa.''
676 3049 702 3082 ²⁰

207 3234 275 3298 14⁷.
299 3234 507 3297 Consecratio.
552 3235 601 3296 Ad
619 3236 709 3298 verba
726 3237 789 3314 Qui
803 3236 905 3319 pridie
922 3260 1011 3318 orrum
1031 3244 1192 3319 poteretur
1208 3239 1252 3298 in-

163 3331 242 3411 cipit
270 3331 478 3403 Conscientia
505 3351 566 3408 qua
592 3330 712 3392 coelum
739 3331 881 3410 aperitur
908 3340 938 3393 ct
967 3332 1067 3392 Filius
1098 3331 1153 3392 l)ei
1181 3350 1250 3392 cum

165 3425 295 3505 Angelis
326 3425 390 3484 suis
423 3425 455 3485 in
488 3425 598 3485 Altare
629 3424 798 3485 descendit.
843 3425 968 3486 “Verba
1001 3426 1251 3487 Consecrationis

164 3519 315 3581 dicuntur
337 3522 368 3581 et
391 3519 551 3579 recitative
575 3523 606 3579 et
628 3519 807 3599 formaliter
829 3540 882 3579 seu
905 3519 1111 3597 sipiritirotire
1141 3519 1252 3598 [asser-

163 3612 256 3693 tive].
303 3612 452 3675 Sacerdos
474 3611 559 3674 enirn
583 3617 613 3674 et
636 3618 867 3686 commemorat,
892 3632 969 3692 quae
993 3613 1084 3675 rerba
1108 3613 1252 3674 Christus

165 3709 197 3769 in
219 3708 333 3769 ultima
356 3707 459 3769 Coena
481 3706 607 3781 dixerit,
628 3710 660 3769 et
683 3706 848 3768 intendens
869 3727 904 3767 ca
925 3708 1082 3787 applicare
1104 3708 1252 3770 materiae

165 3803 331 3880 praesenti,
357 3822 391 3862 ac
418 3797 529 3874 facere,
556 3801 637 3880 quod
664 3800 855 3880 significant,
881 3801 974 3862 simul
1002 3807 1122 3863 exercet
1147 3806 1252 3862 actum

165 3916 237 3957 suae
263 3895 434 3975 potcstatis.
479 3895 582 3973 Atque
606 3895 680 3954 hinc
704 3901 760 3968 est,
785 3895 866 3974 quod
890 3896 1105 3975 propriissime
1129 3896 1253 3956 dicatur

165 3989 314 4051 conticere
329 3989 361 4049 in
379 4009 509 4068 persona
527 3988 656 4058 Christi,
672 3989 744 4067 quia
761 4009 822 4050 non
841 3994 964 4050 tantum
982 3990 1085 4051 utitur
1101 3993 1253 4069 potestate

165 4103 181 4144 a
203 4083 329 4144 Christo
349 4088 484 4161 accepta,
504 4082 555 4142 scd
577 4102 643 4142 eam
664 4087 784 4143 exercet
804 4082 873 4160 ejus
894 4103 1056 4162 personam
1078 4103 1253 4162 repraesen-

166 4182 245 4243 tans,
265 4181 296 4237 et
315 4176 442 4254 loquens
463 4177 531 4251 ojus
553 4175 661 4247 veihis,
681 4176 769 4255 quasi
788 4182 868 4238 esset
887 4179 1017 4256 ipsemet
1039 4176 1215 4238 Christna''
1227 4179 1251 4211 ²¹

203 4323 227 4356 ¹⁷
248 4317 355 4367 Sirarea.
774 4325 799 4357 ²⁰
811 4318 881 4369 Ibid.

204 4403 227 4433 ¹⁸
247 4397 305 4443 (hio
325 4398 398 4445 Cam.
773 4402 796 4434 ²¹
817 4397 927 4460 Sylvius
945 4398 970 4445 in
991 4397 1045 4447 lli.
1064 4399 1090 4447 S.
1109 4399 1200 4449 Thom.

204 4480 228 4510 ¹⁹
249 4474 355 4531 hillller,
377 4474 468 4522 'l'hcoh
492 4475 559 4522 hlnr.
584 4474 637 4522 ΙΙΙ.
663 4478 681 4522 l.
