2804 4890
180 708 240 771 106
468 717 586 774 RITUS
607 718 755 774 MISSAE
777 719 987 776 PRIVATAII.
1050 743 1055 754 ·

179 906 314 962 maneas,
335 886 382 949 vel
404 886 514 949 saltem
535 905 590 966 per
611 886 828 966 quadrantem,
849 887 902 952 sed
924 888 994 964 heu,
1015 888 1092 951 hora
1112 888 1268 969 quadrans

180 983 227 1041 est
249 979 345 1041 nimis
368 978 525 1041 brevis.''⁴
571 980 737 1061 Praecipui
760 980 890 1044 affectus
913 986 990 1046 tune
1013 983 1159 1045 eliciendi
1183 986 1268 1058 sunt,

182 1073 216 1132 1⁰
244 1072 419 1152 gratiarum
445 1074 537 1148 actio,
563 1075 600 1132 2⁰
629 1072 755 1150 oblatio,
781 1075 818 1135 3⁰
847 1076 969 1156 petitio,
995 1075 1032 1136 4⁰
1061 1076 1268 1157 propositum.

180 1166 241 1240 Qui
261 1185 332 1229 vero
351 1167 418 1227 sine
436 1167 503 1228 ulla
521 1166 587 1231 fere
605 1168 782 1246 gratiarum
801 1168 923 1232 actione
943 1171 1051 1232 statim
1071 1169 1110 1233 ab
1130 1170 1269 1234 Ecclesia

179 1259 335 1323 discedere
362 1259 528 1335 solet—in
555 1262 604 1321 sui
634 1261 759 1323 ruinam
786 1265 818 1326 et
845 1259 987 1324 fidelium
1014 1262 1269 1340 scandalum‚-a

180 1353 212 1416 S.
232 1353 390 1428 Patribus,
407 1373 433 1416 e.
451 1373 482 1434 g.
500 1374 518 1416 a
538 1354 569 1416 S.
589 1354 819 1434 Chrysostomo,
838 1355 1031 1419 assimilatur
1049 1357 1072 1419 J
1073 1356 1153 1421 udae
1171 1357 1269 1421 tradi-

179 1446 252 1524 tori,
268 1446 341 1528 qui:
358 1446 461 1508 “Cum
478 1440 646 1528 accepisset
663 1447 843 1525 buccellam,
861 1450 957 1513 exivit
973 1449 1168 1515 continuo.''⁶

603 1652 845 1748 arannem.

222 1824 274 1888 Da
289 1841 448 1889 eanmnns
465 1842 544 1888 rosc
561 1826 698 1888 Mrssanr
716 1843 887 1890 rmvarara
903 1847 1058 1891 oronnnrs
1072 1847 1095 1891 a
1111 1828 1228 1892 Lnona

539 1919 637 1981 XIII.
661 1937 902 1986 rnansommrs.

222 2058 272 2123 68.
296 2058 372 2123 Post
386 2078 637 2139 unamquamque
653 2059 782 2120 Missam
798 2062 964 2141 privatam,
978 2062 1074 2124 etiam
1089 2062 1127 2125 de
1142 2063 1270 2142 Requie‚

178 2153 340 2217 recitanda
354 2158 428 2215 sunt
443 2154 504 2215 tria
518 2154 583 2215 Aac
598 2153 711 2226 Maria,
726 2153 817 2217 Salve
831 2154 952 2235 Rapina
966 2175 1037 2216 cum
1053 2157 1103 2230 V..
1119 2157 1270 2218 Oratione

180 2268 215 2311 ac
243 2246 445 2310 Invocatione
475 2246 506 2308 S.
537 2244 700 2311 Michaelis
729 2247 782 2308 A!
832 2245 892 2308 Die
923 2247 1108 2310 Nativitatis
1138 2248 1267 2311 Domini

179 2361 284 2422 preces
304 2342 381 2403 istae
399 2340 549 2402 dicuntur
568 2344 694 2402 tantum
712 2339 837 2420 quando
857 2340 1007 2404 Sacerdos
1024 2341 1062 2403 ab
1082 2342 1186 2403 Altari
1207 2343 1269 2402 dis-

179 2435 272 2511 cedit,
288 2435 352 2496 sice
366 2439 437 2515 post
453 2433 599 2514 primam,
614 2434 678 2496 sive
694 2438 764 2514 post
780 2434 958 2510 secundam,
975 2435 1038 2500 sive
1054 2440 1124 2516 post
1141 2437 1268 2498 tertiam

181 2529 310 2591 Missam
320 2529 342 2603 ;7
362 2546 460 2607 neque
479 2532 548 2606 post
567 2527 745 2602 secundam,
763 2529 789 2588 si
810 2527 989 2591 immediate
1008 2532 1156 2608 sequatur
1175 2531 1269 2591 tertia

181 2623 277 2684 Missa
308 2622 479 2685 solemnia.⁸
533 2619 714 2681 Praedictae
745 2640 849 2699 preces
881 2621 1058 2684 recitandae
1088 2642 1151 2683 non
1183 2630 1268 2690 sunt.

179 2715 227 2780 “si
250 2717 348 2781 Missa
369 2737 441 2779 cum
462 2715 567 2797 aliqua
589 2715 786 2778 solemnitate
808 2715 1027 2793 celebratur,''⁹
1044 2736 1094 2780 ex.
1116 2737 1164 2799 gr.
1187 2739 1272 2782 occa·

180 2810 266 2873 sione
307 2810 427 2889 primae
469 2807 698 2869 communionis
740 2812 795 2867 aut
833 2807 1062 2868 communionis
1103 2808 1268 2887 generalis,

180 2923 283 2966 sacrae
314 2903 571 2975 confirmationis,
588 2901 632 2961 vel
667 2899 875 2962 ordinationis
901 2905 955 2963 aut
982 2920 1038 2979 pro
1064 2901 1195 2981 sponsis,
1222 2901 1268 2963 rel

178 2999 205 3060 si
220 2997 371 3059 “Missam
385 2997 462 3078 quin
477 2995 644 3060 Celebrans
658 2994 696 3056 ab
710 2994 804 3056 altari
819 2993 952 3072 recedat,
967 2994 1148 3059 immediate
1162 3017 1197 3059 ac
1213 2997 1274 3060 rite

180 3090 385 3168 subsequatur
409 3088 512 3168 aliqua
537 3107 622 3147 soem
648 3087 770 3148 iunctio
794 3106 847 3146 seu
872 3088 959 3166 pium
984 3086 1227 3150 exercitium.''¹⁰

215 3185 243 3246 2.
259 3182 329 3242 Hae
341 3200 445 3262 preces
458 3179 638 3241 immediate
649 3180 771 3257 expleto
783 3177 896 3240 ultimo
909 3176 1080 3259 Evangelio
1091 3179 1269 3243 recitandae

179 3281 264 3351 sunt,
279 3276 324 3337 ita
338 3282 374 3338 ut
391 3275 423 3337 S.
440 3273 679 3336 Conmmnionis
695 3271 877 3335 distributio
894 3271 938 3334 rel
957 3273 1019 3335 alia
1034 3293 1129 3353 parra
1145 3273 1269 3336 functio

180 3369 336 3449 interponi
352 3372 493 3447 nequeat.
509 3371 529 3401 ¹¹
558 3366 744 3446 Priusquam
760 3364 926 3427 Celebrans
938 3366 1098 3428 descendit
1111 3366 1151 3429 ad
1164 3387 1269 3447 preces

211 3501 224 3535 ⁴
244 3496 284 3547 La
307 3496 398 3546 Messa
420 3498 603 3558 atrapazzata,
626 3493 649 3543 I.
673 3494 696 3542 3.
749 3490 803 3540 Pro
820 3490 980 3544 recitatione
997 3491 1138 3543 Orationis
1154 3491 1272 3545 Obsecro

216 3579 227 3612 ⁵
246 3574 301 3623 Pro
318 3573 470 3636 gratiarum
486 3571 602 3633 actione,
617 3571 698 3620 sicuti
751 3571 777 3613 re
795 3566 861 3614 Pius
878 3568 911 3616 X.
930 3568 1112 3618 remissionem
1129 3569 1271 3633 culparum

178 3667 227 3717 pro
264 3651 475 3717 praeparatione
513 3650 547 3700 ad
586 3649 699 3700 Missam
751 3642 777 3690 in
799 3643 904 3693 litando
923 3658 955 3693 ox
975 3643 1093 3694 humana
1112 3643 1272 3709 fragilitate

178 3728 257 3779 valde
276 3728 357 3778 utiles
375 3733 439 3777 sunt
458 3727 549 3792 plnres
567 3725 652 3776 libelli
671 3725 698 3774 in
748 3724 950 3769 c⁰ntraetarum
969 3719 1110 3771 contenuit.

177 3805 248 3855 bunc
266 3805 344 3855 finem
363 3804 519 3870 specialiter
536 3803 614 3865 editi,
631 3819 653 3854 e.
672 3818 699 3866 a.
784 3800 796 3833 ⁸
816 3796 870 3846 Leo
884 3795 968 3846 XIII.
983 3797 999 3846 6
1012 3796 1076 3847 Jan.
1092 3798 1168 3848 1884.

178 3881 206 3933 S.
239 3883 370 3947 Alphonsi
405 3881 544 3937 Sacerdos,
578 3881 608 3930 Ρ,
640 3880 698 3930 Jos.
785 3873 848 3924 τΙ).
872 3874 914 3924 30.
939 3874 1006 3939 Apr.
1033 3875 1108 3937 1889,
1132 3889 1158 3926 n.
1183 3876 1267 3939 37053

178 3956 333 4022 Schneider,
353 3957 380 4009 S.
401 3958 437 4021 J.,
458 3957 587 4009 Manuale
608 3956 698 4008 Sacar-
748 3954 776 4000 et
796 3953 835 4002 10.
854 3950 923 4015 Maj.
944 3951 1018 4015 1895,
1037 3967 1063 4002 n.
1080 3952 1158 4004 3855.
1176 3953 1200 4004 7.

177 4035 279 4099 dotum,
294 4035 355 4086 Jae.
373 4035 500 4097 Schmitt,
518 4034 621 4084 Manna
637 4048 700 4098 quo·
784 4033 796 4067 ⁸
814 4028 848 4079 D.
869 4030 908 4078 11.
927 4028 990 4080 Deo.
1011 4030 1086 4093 1896,
1103 4044 1130 4080 n.
1148 4030 1226 4082 3936.
1247 4035 1268 4082 1.

178 4111 313 4161 tidiarmm
335 4112 519 4172 Sacerdotem,
540 4125 608 4174 opus
627 4125 697 4159 max·
787 4111 799 4145 ⁹
818 4105 905 4156 Missa
917 4108 1104 4159 conventualis
1115 4107 1175 4160 nine
1187 4114 1270 4160 cautu

179 4187 230 4238 ime
258 4188 508 4248 commendandum,
536 4191 586 4236 etc.
633 4185 698 4236 Ora·
751 4184 947 4248 aequiparatur
966 4185 1087 4236 solemni.
1107 4185 1140 4237 D.
1162 4186 1186 4237 7.
1205 4187 1269 4239 Dee.

180 4263 269 4315 tiones
298 4263 323 4313 in
352 4264 459 4313 Miasali
488 4265 529 4312 ccl
557 4263 698 4314 BrevIario
753 4263 828 4324 1888,
842 4277 867 4311 n.
882 4262 959 4312 3697.
974 4263 998 4313 7.

178 4342 283 4407 positas
304 4341 360 4392 Leo
382 4340 466 4390 XIII.
489 4340 589 4391 ditavit
614 4340 699 4390 indul·
788 4344 812 4377 ¹⁰
831 4338 864 4390 D.
882 4341 923 4390 20.
941 4340 1006 4391 Jun.
1027 4341 1101 4392 191³.
1124 4342 1172 4405 (A.
1191 4344 1223 4394 A.
1241 4344 1269 4395 S.

180 4419 289 4481 gentile.
307 4418 455 4468 Praeterea
472 4416 513 4465 Ila
530 4431 580 4477 sao
597 4432 613 4465 o
631 4417 698 4469 bore
750 4416 783 4466 V.
799 4417 873 4479 311.)

177 4499 205 4547 et
226 4495 382 4546 dutciasime
403 4494 472 4544 Iera
495 4493 604 4559 Indulg.
628 4494 697 4559 plen.
784 4501 807 4532 ¹1
828 4494 861 4544 D.
885 4495 926 4546 23.
949 4491 1018 4546 Mor.
1043 4496 1119 4559 1887,
1141 4511 1168 4549 n
1190 4499 1267 4550 ³682.
