2804 4890
450 691 568 747 RITUS
591 691 738 748 MISSAE
761 693 972 752 PRIVATAE.

600 955 715 1027 ΛΒΤ.
741 956 808 1027 ΙΧ.

157 1107 208 1157 nn
239 1083 393 1159 canona
425 1109 517 1160 eosr
550 1109 892 1163 ooasncnariounu
926 1113 1048 1178 usqua
1081 1113 1133 1164 sn
1166 1112 1254 1165 ons-

500 1178 649 1229 rronnm
676 1179 906 1232 noumrcan.

200 1312 249 1375 60.
273 1313 440 1393 “Reposito
458 1314 552 1376 calice
567 1319 598 1377 et
615 1315 753 1390 adorato,
772 1316 921 1380 Sacerdos
936 1321 1022 1380 stans
1038 1322 1111 1381 ante
1128 1315 1251 1392 Altare,

157 1409 293 1469 extensis
308 1409 453 1470 manibus
467 1413 541 1472 ante
556 1414 674 1490 pectus,
690 1411 770 1474 dicit
784 1415 918 1474 secreto:
938 1412 1028 1475 Unde
1044 1414 1075 1477 et
1091 1431 1255 1486 memores,

158 1505 215 1562 etc.
261 1498 342 1561 Cum
363 1499 458 1562 dicit:
479 1501 526 1564 De
549 1502 612 1564 tuis
633 1502 723 1566 domis
743 1525 779 1567 ac
801 1503 893 1575 datia
915 1504 1023 1583 jungit
1042 1524 1155 1565 manus
1175 1507 1250 1565 ante

157 1596 283 1673 pectus3
296 1598 412 1658 etcum
425 1594 520 1656 dicit:
535 1595 683 1657 Hostiam
697 1598 734 1672 -l-
747 1617 870 1677 param,
884 1596 1031 1660 Hostiam
1046 1599 1083 1673 -Ι-
1095 1601 1249 1670 sanctam,

157 1687 305 1749 Hostiam
319 1691 355 1764 -l-
369 1685 614 1761 immacalatam,
636 1709 732 1750 manu
752 1689 881 1751 sinistra
901 1690 1004 1770 posita
1024 1710 1117 1771 super
1138 1690 1250 1753 Altera

157 1780 241 1841 intra
260 1780 428 1861 corporale,
449 1781 559 1843 dextra
578 1783 682 1862 signat
703 1787 751 1844 ter
770 1783 978 1845 communiter
998 1803 1092 1864 super
1111 1782 1249 1846 hostiam

156 1878 187 1935 et
211 1873 348 1949 calicem,
372 1879 402 1937 et
425 1876 519 1936 semel
543 1895 636 1954 super
659 1876 795 1938 hostiam
819 1881 955 1952 tanturn,
980 1881 1012 1939 et
1036 1876 1130 1939 semel
1154 1896 1249 1957 super

155 1968 284 2028 calicem
297 1972 433 2043 tantum,
449 1968 571 2030 dicens:
607 1969 727 2031 Panem
741 1972 776 2045 †
790 1973 934 2031 sanctum
950 1970 1031 2032 vitae
1046 1975 1201 2044 aeternae,
1216 1976 1249 2035 et

157 2060 293 2122 Calicem
307 2065 343 2138 -l-
356 2063 468 2123 salam
488 2062 687 2144 perpetuae.'’

199 2157 225 2215 2.
250 2154 392 2217 “Deinde
416 2159 501 2217 stans
526 2160 563 2218 ut
587 2155 674 2236 prius
699 2156 835 2219 extensis
859 2157 1004 2219 monibus
1028 2157 1246 2238 prosequitur:

155 2249 260 2329 Sapra
279 2270 355 2331 qaae
374 2251 522 2331 propitio,
541 2256 598 2314 etc.
641 2251 722 2313 Cum
741 2251 836 2314 dicit:
857 2251 1023 2333 Supplices
1043 2257 1072 2315 te
1091 2271 1250 2333 ropamaa

154 2348 222 2416 eto,
250 2341 383 2404 inclinat
410 2341 461 2402 sc''
488 2343 644 2422 profunde
672 2363 798 2422 corpore
826 2344 919 2406 “ante
946 2343 1086 2407 medium
1114 2342 1246 2419 Altaris,

155 2436 299 2498 manibus
330 2437 449 2515 junctis
480 2456 573 2515 super
604 2435 680 2497 illo''
712 2436 745 2496 in
776 2437 918 2516 margine
949 2436 1032 2499 “non
1063 2437 1149 2498 intra
1179 2457 1246 2498 cor·

154 2529 289 2609 parale‚''
303 2533 312 2563 ¹
328 2530 468 2609 “positis
514 2529 595 2590 Cum
609 2530 704 2592 dicit:
726 2530 776 2590 Ea
789 2532 846 2592 liae
859 2528 979 2592 Altaria
992 2529 1246 2611 participatione,

154 2623 313 2684 osculatur
331 2621 460 2684 nilare’
482 2624 515 2684 in
536 2623 638 2686 medio
659 2627 732 2684 anto
753 2624 784 2684 S.
807 2623 965 2699 Hostiam,
985 2623 1151 2685 “manibus
1171 2624 1246 2686 hinc

154 2716 227 2779 inde
254 2736 347 2796 super
372 2716 530 2796 corporale
557 2717 676 2797 positis.
722 2716 802 2777 Cum
834 2715 986 2796 [erectus]
1017 2716 1111 2779 dicit:
1135 2718 1246 2782 Sacro·

152 2814 296 2872 sanctam
322 2810 400 2871 Filii
428 2810 483 2880 tui,
510 2811 619 2890 jungit
645 2830 775 2885 manus;
802 2815 833 2872 et
859 2810 968 2872 dextra
995 2810 1122 2890 signans
1150 2809 1246 2874 semel

153 2924 246 2983 super
263 2904 396 2965 hostiam
417 2908 553 2977 tantum,
572 2908 603 2966 et
621 2904 716 2966 semel
735 2923 828 2983 super
846 2903 984 2979 calicem,
1004 2904 1132 2967 sinistra
1151 2925 1247 2986 super

155 2997 312 3076 corporale
336 2998 447 3077 posita,
472 2997 566 3058 llicit:
593 2999 704 3072 (lori-
718 3019 777 3077 prus
801 3002 831 3059 et
856 2998 972 3074 Sari-l·
985 2997 1113 3077 quinem
1137 3019 1245 3080 surrip-

153 3091 285 3153 serimus
291 3113 304 3162 ,·
323 3096 354 3153 et
373 3111 443 3152 cum
463 3091 557 3152 dicit:
578 3091 665 3154 omni
684 3091 898 3153 leriedictione
912 3094 949 3167 l·
963 3092 1087 3153 coelesti
1106 3091 1245 3172 seipsum

153 3186 257 3263 signat
271 3205 289 3246 a
304 3185 409 3245 fronte
424 3183 462 3245 ad
478 3190 585 3265 pectus
601 3184 690 3264 signo
707 3184 826 3259 Crucis,
842 3183 991 3247 sinistra''
1005 3185 1097 3263 juxta
1111 3204 1244 3265 parvum

153 3279 289 3358 digitum
314 3278 436 3357 “posita
460 3277 547 3338 infra
568 3281 687 3357 pectus,
711 3282 740 3339 ct
765 3277 981 3358 prosequitur:
1004 3278 1048 3339 Et
1071 3277 1174 3359 pratia
1197 3300 1244 3342 re·

153 3374 303 3452 pleamur.
346 3371 424 3432 (lum
445 3371 538 3433 dicit:
557 3373 621 3432 Per
639 3371 792 3442 canalem,
810 3370 919 3449 jungit
938 3369 1080 3432 manua.'’

194 3469 221 3526 3.
236 3466 338 3526 “Cum
351 3465 445 3527 dicit:
459 3466 619 3528 Memento
632 3465 768 3527 Doiuine
780 3467 974 3545 famulorum
987 3467 1243 3546 saecularemque

154 3565 289 3631 laomim,
313 3565 370 3623 etc.
394 3559 529 3622 extensis
552 3565 583 3620 et
605 3558 726 3636 junctis
748 3557 893 3618 manibus
917 3562 990 3620 ante
1013 3557 1153 3638 pectus,''
1177 3563 1242 3620 tam

153 3656 236 3716 lente
254 3658 289 3716 ut
307 3655 380 3716 liaeo
398 3653 521 3732 jumtio
540 3652 728 3714 terminetur
746 3672 817 3712 cum
836 3651 937 3714 verbis
953 3651 988 3712 ia
1005 3672 1114 3714 somaro
1133 3652 1242 3733 pacis²

152 3754 203 3810 “et
219 3769 315 3828 usquc
333 3748 370 3809 nil
390 3745 522 3809 faciem'’
541 3767 593 3808 scu
612 3749 754 3807 mentum
772 3744 930 3819 “elevatis
947 3749 978 3806 et
995 3744 1126 3806 intentis
1144 3744 1242 3807 oculis

151 3844 187 3903 aa
209 3845 444 3903 Sacramentum
463 3861 556 3919 super
573 3839 692 3904 Altam.
710 3839 786 3900 iai-it
805 3837 1132 3900 connnemorationem
1152 3839 1241 3903 Fide·

151 3938 227 3996 lium
246 3936 483 4005 lleiumtorum,
497 3935 535 3994 cle
548 3932 659 4012 quibus
673 3932 729 3991 sibi
747 3931 879 4003 ridetur,
893 3931 1000 3993 eodem
1012 3930 1115 4006 modo,
1129 3936 1166 3993 ut
1178 3931 1241 3994 ‹lic-

152 4040 218 4090 lum
237 4029 339 4090 ostile
357 4027 650 4089 conunemoratione
671 4026 820 4085 rivorum.
860 4023 928 4098 Qua
947 4025 1241 4088 commemoratione

152 4124 245 4194 sai-la,
262 4128 347 4186 stans
364 4127 401 4185 ut
416 4121 515 4203 prius,
531 4119 666 4183 extensis
683 4118 827 4179 manibus
843 4117 1059 4198 prosequitur:
1076 4118 1161 4198 Ipsis
1177 4119 1241 4181 Do·

186 4332 194 4363 1
215 4325 247 4374 D.
268 4326 344 4374 2572.
364 4325 405 4374 21.
724 4334 792 4367 nunc
814 4333 925 4382 prorsus
945 4317 1110 4369 omittuntur
1131 4332 1181 4373 nec
1202 4317 1242 4371 ibl

187 4402 326 4451 ²Litcrae
355 4400 389 4449 Ν.
420 4403 446 4449 et
475 4398 510 4449 N.
540 4398 667 4452 exhibent
720 4397 749 4446 fit
770 4410 864 4460 pausa.

149 4495 224 4531 usum
248 4478 390 4546 antiquum
412 4476 618 4553 Dyptichorum,
640 4479 668 4532 et
