2804 4890
112 715 367 773 conseramus
380 714 582 770 nemausa
594 713 886 770 canonicandis
900 713 1115 772 sencinum.
1143 707 1205 774 369

154 882 182 938 3.
206 878 391 959 Capitulum
411 897 449 942 ex
471 878 604 958 Proprio
624 877 670 942 vel
692 877 884 941 Communi.⁴
928 879 993 941 Deo
1014 876 1141 960 oratius.
1206 934 1210 940 .

153 976 182 1032 l.
206 971 354 1050 Hymnus
370 990 408 1034 ex
426 970 559 1052 Proprio
578 971 625 1033 vel
645 971 822 1033 Communi.

153 1069 182 1128 ὅ.
206 1064 323 1127 Versus
341 1083 380 1126 ex
400 1064 533 1144 Proprie
552 1064 598 1126 rel
621 1064 798 1127 Communi.

153 1162 181 1219 6.
204 1157 389 1238 Antiphone
402 1158 442 1220 ad
458 1156 643 1237 Meqniticet
660 1178 696 1219 ex
715 1157 825 1237 Propr.
843 1160 888 1222 rel
907 1159 972 1220 Coi.

153 1251 320 1313 Canticum
343 1250 538 1331 Meqnitieet.
579 1250 763 1330 Antiphone
789 1252 949 1330 resistitur.

154 1347 181 1406 t.
204 1342 361 1407 Dominus
379 1343 546 1405 eoeneum.
587 1343 728 1406 Oramus.
761 1345 870 1406 Oratio
889 1344 1084 1407 conveniens.

152 1441 180 1498 8.
204 1435 522 1499 Commemorationes
540 1437 687 1516 speciales
705 1437 732 1497 si
749 1436 898 1498 dioendae
915 1438 988 1499 sint.

152 1533 180 1590 9.
203 1525 360 1591 Dominus
386 1528 553 1591 eoeneum.
600 1527 828 1592 Benedieemus
852 1530 999 1594 Domino.
1043 1526 1203 1593 Fidetium

110 1621 242 1686 animae.

151 1716 247 1777 Peter
266 1718 382 1789 noster,
400 1715 463 1778 nisi
481 1719 630 1796 sequatur
648 1715 905 1796 Completorium.

501 1965 806 2017 COMPLETORIUM.

153 2147 180 2205 1.
201 2143 296 2218 ane,
309 2144 469 2215 Domine,5
485 2143 672 2207 benedicere.
710 2142 892 2205 Benedictio
905 2144 1039 2206 Noctem
1055 2141 1203 2226 quietem.

151 2240 180 2298 2.
202 2237 311 2301 Lectio
328 2238 429 2299 brevis
445 2239 571 2299 Fratres
590 2236 704 2298 Nebrii.

152 2332 181 2390 3.
204 2329 411 2408 Adjntorium
436 2335 588 2393 erestrnm.
633 2331 731 2391 Peter
755 2333 867 2391 noster.

151 2425 180 2482 4.
205 2422 372 2499 Confiteor.
434 2422 622 2485 Miserentur
647 2423 756 2484 nostri.
805 2419 1052 2501 Indulqentiem.

152 2519 179 2576 5.
204 2515 356 2578 Converte
377 2537 440 2577 nos.
469 2516 553 2576 lleus
572 2515 606 2575 in.
624 2515 832 2594 adjutorium.

152 2611 180 2667 6.
210 2607 271 2685 (I.)
300 2606 482 2687 Antiphona
509 2607 666 2669 Miserere.
695 2607 772 2668 Tres
797 2606 915 2668 Psalmi
942 2606 981 2668 ‹le
1006 2604 1182 2669 Dominica.

158 2700 239 2779 (II.)
268 2700 450 2781 Antiphone
471 2720 540 2762 euru
567 2699 701 2761 Psalmis
723 2700 761 2762 de
786 2700 877 2761 Feria
898 2699 1038 2761 currenti
1059 2717 1096 2760 ex
1117 2697 1204 2760 Psal-

109 2795 198 2857 terio.

151 2888 335 2967 Antiphone
354 2888 474 2967 integra
493 2887 619 2948 dicitur.

154 2984 181 3042 7.
206 2979 353 3058 Hymnus
371 2981 413 3041 Te
431 2977 517 3041 tucis.

152 3076 180 3134 8.
205 3071 388 3151 Capitulum
412 3072 460 3133 Tu
479 3073 595 3133 nentem.
638 3071 704 3132 Ileo
726 3071 853 3149 oratius.

154 3170 181 3226 9.
207 3165 447 3245 Responsorium
469 3163 558 3226 breve
579 3165 596 3224 1
600 3186 619 3226 n
642 3185 761 3226 crannus.

155 3262 202 3320 10.
226 3257 409 3336 Antiphone
432 3256 526 3318 Seleu
550 3275 615 3318 nos.
663 3255 830 3319 Canticum
853 3255 949 3319 Nune
974 3256 1120 3320 dimittis.

154 3350 337 3430 Antiphone
362 3351 483 3429 integra
509 3349 636 3411 dicitur.

155 3449 201 3506 11.
225 3441 381 3506 Dominus
412 3442 578 3505 reducum.
632 3443 773 3506 Oremns.
827 3443 936 3506 Oratio
969 3441 1080 3514 Visite,
1111 3463 1202 3525 quae·

110 3558 229 3601 seimus.

155 3635 202 3693 12.
226 3630 382 3691 Dominus
418 3628 584 3691 trebiseum.
640 3627 868 3690 Benedicamus
901 3626 1048 3690 Domine.
1104 3627 1202 3693 Bene·

112 3725 209 3787 dictio
232 3722 402 3784 Benedicat
427 3726 456 3784 ct
480 3719 667 3782 custodiet·

156 3819 203 3878 13.
227 3814 411 3894 Antiphone
437 3813 541 3874 finalis
565 3813 600 3873 B.
628 3810 748 3876 Mariae
774 3811 813 3873 V.
839 3830 896 3892 pro
922 3808 1103 3875 diversitate
1127 3813 1205 3874 tem·

111 3909 220 3989 poris.⁸
261 3906 415 3969 Divinum
435 3905 600 3967 sensilium.

154 4002 257 4064 Pater.
298 3999 372 4062 Are.
414 3997 537 4061 eredo!

148 4157 203 4207 ⁴ln
231 4156 325 4208 Officio
352 4154 498 4205 Ordinatio
524 4152 635 4217 Capitu-
720 4151 1205 4219 olnflneOrdinariipostcomplo·

112 4236 176 4293 lum,
202 4234 327 4297 Hymnus
349 4234 376 4279 et
402 4231 502 4278 Versus
525 4230 559 4279 nd
585 4228 634 4278 l'e-
685 4229 792 4279 lorirrm.

113 4326 207 4377 erraras
223 4315 249 4359 et
270 4309 384 4363 Iamdiu.
406 4308 468 4356 item
487 4306 634 4369 Responsu-
720 4306 859 4369 ³Qunndo
878 4305 1033 4357 immediate
1050 4312 1109 4372 pom
1131 4304 1205 4354 Com·

112 4390 156 4438 ria
168 4386 192 4436 2.
206 4390 231 4435 el
248 4387 271 4435 3.
289 4384 367 4434 Nocl.
383 4383 440 4432 fere
453 4397 558 4447 arnimar
572 4386 632 4430 siant
685 4382 828 4446 platanium
869 4387 999 4446 sequatur
1039 4382 1204 4433 illalutinum

113 4467 146 4515 de.
164 4462 312 4511 Conununi.
686 4459 775 4509 l'ntm.
800 4460 864 4510 Ave.
888 4458 975 4509 Crede
998 4459 1041 4509 uis
1063 4457 1206 4511 dicendum

148 4538 207 4591 ⁶In
231 4539 312 4589 choro
337 4536 437 4587 dicitur
459 4537 564 4586 domne.
684 4542 734 4587 ast
