2804 4890
174 661 233 721 160
515 673 568 725 DE
591 673 711 724 Missa
734 673 922 726 sonuum.

214 845 340 908 Recitat
362 866 432 908 cum
456 845 657 909 Celebrante:
684 848 736 926 (o)
766 849 816 910 Ps.
838 847 966 920 dodico,
988 852 1046 911 ete.
1086 847 1138 927 (b)
1165 841 1268 926 Kyrio

180 938 284 1016 (stans
306 937 346 998 ad
371 937 530 999 dexteram
555 938 728 1015 Iliaeoni);
757 950 806 1017 (c)
837 939 954 1011 Gloria,
983 940 1038 1017 (d)
1067 939 1178 1009 Credo,
1207 937 1259 1014 (a)

174 1032 321 1101 Sanctus,
343 1031 391 1113 (s)
412 1033 523 1110 Apros
538 1028 607 1094 Dei.

216 1124 289 1185 slat
313 1123 348 1184 in
372 1126 465 1204 plano
490 1128 573 1187 retro
597 1130 667 1204 post
693 1126 910 1187 Celebrantem
935 1125 1059 1205 quando
1083 1124 1176 1186 aliter
1199 1141 1264 1184 non

174 1221 221 1281 est
249 1220 418 1296 occupatus
427 1237 436 1292 ;
471 1217 527 1295 (ad
559 1217 732 1278 Introitnrn
762 1238 781 1278 a
811 1218 930 1280 dextris
961 1216 1120 1295 Diaconi.)
1177 1214 1263 1276 Dum

177 1309 294 1372 librum
316 1314 402 1372 tenet
425 1309 464 1371 ad
488 1309 696 1389 Evangelium
719 1314 750 1372 et
774 1311 849 1371 dum
873 1310 1008 1372 sustinet
1030 1316 1176 1389 patenam
1200 1327 1273 1370 non·

172 1405 366 1485 genuflectit,
389 1405 449 1466 nisi
472 1406 506 1465 in
528 1406 630 1485 primo
652 1425 774 1467 accessu
797 1404 837 1466 ad
859 1405 962 1467 locum
984 1409 1016 1467 et
1038 1410 1104 1467 toto
1125 1410 1265 1484 tempore

176 1497 437 1561 Consecrationis.

616 1790 730 1861 ART.
755 1790 821 1862 IV.

207 1985 258 2037 DE
286 1987 438 2038 OFFICIO
465 1987 748 2039 ACOLYTHORUM
777 1988 849 2040 SEU
875 1987 1228 2040 cenomnfflonm

215 2166 265 2230 al.
290 2169 470 2231 Generatim
496 2169 712 2247 aeolitlrorum
737 2172 830 2232 statio
855 2191 911 2252 per
935 2173 1033 2233 totam
1061 2170 1189 2232 Missam
1216 2174 1264 2232 est

171 2281 268 2343 prope
284 2261 476 2325 credentiam
500 2263 679 2341 (abacum),
696 2264 833 2343 exeeptis
849 2263 970 2326 duabus
989 2261 1118 2339 vicibus,
1134 2277 1265 2341 nempe:

223 2357 273 2433 (a)
302 2355 352 2416 Ad
385 2354 591 2434 Evangeliurn
624 2361 705 2417 eant.
737 2376 755 2418 a
787 2356 936 2418 lateribus
969 2355 1159 2417 Subdiaeoni
1189 2374 1262 2416 eon·

174 2448 301 2511 sistunt.

221 2543 272 2619 (l)
301 2542 329 2602 A
351 2543 487 2605 Sanctus
509 2542 664 2623 usquead
687 2542 890 2605 elevationem
913 2542 1036 2603 finitam
1058 2547 1131 2604 ante
1152 2541 1262 2603 Altare

174 2635 208 2696 in
231 2635 333 2698 medio
357 2636 548 2715 presbyterio
570 2635 783 2714 genufleetunt
796 2655 804 2709 ;
827 2637 853 2696 si
878 2655 949 2696 vero
972 2633 1069 2714 aliqui
1093 2634 1158 2696 sint
1180 2653 1262 2695 eom-

172 2727 367 2802 munieandi‚
386 2733 418 2789 et
435 2729 468 2789 in
487 2728 596 2788 diebus
615 2727 750 2804 jejunii¹
772 2748 892 2790 neenon
911 2727 945 2788 in
965 2726 1069 2788 Missis
1087 2727 1126 2790 de
1145 2725 1263 2806 Requie

171 2820 346 2883 ananelus
363 2843 461 2902 usque
478 2821 519 2883 ad
539 2821 800 2884 communionem
821 2820 938 2884 ibidem
957 2820 1182 2903 genuflectunt

216 2914 244 2974 2.
268 2911 450 2989 Speoialina.
504 2911 647 2990 Aeolythi
682 2913 834 2987 “statura,
864 2919 1017 2992 quantum
1049 2912 1116 2974 fieri
1149 2915 1261 2992 potest,

170 3007 323 3087 aequales,
391 3007 613 3087 superpelliceo
637 3008 740 3068 induti
763 3007 907 3070 eandelas
930 3008 1113 3081 accendunt,
1136 3007 1225 3087 prius
1246 3027 1264 3068 a

173 3118 270 3161 cornu
298 3097 458 3177 Epistolae
487 3098 665 3177 incipiendo
692 3118 709 3159 a
737 3097 865 3160 eandela
892 3118 969 3177 quae
997 3097 1091 3159 Cruci
1118 3097 1261 3178 proxima

172 3196 236 3264 est3
254 3191 367 3254 deinde
384 3211 402 3251 a
419 3210 516 3252 cornu
534 3189 697 3270 Evangelii
714 3189 822 3253 eodem
839 3189 957 3253 ordine.
1003 3190 1262 3271 (Extinguuntur

172 3284 282 3346 ordine
304 3283 453 3359 inverso.)
504 3282 535 3345 S.
560 3283 722 3345 llinistros
746 3283 778 3343 in
801 3283 995 3345 vestimentis
1017 3282 1185 3344 induendis
1207 3281 1260 3344 ad-

172 3378 293 3457 juvant.

213 3472 367 3534 'senentes
388 3472 571 3533 eandelallro
593 3473 625 3532 in
647 3472 785 3532 sacristia
808 3471 847 3532 ad
868 3471 994 3550 signum
1017 3469 1261 3533 Caeremoniarii

172 3565 265 3626 (iruei
287 3565 451 3636 ine-linunt,
469 3569 500 3626 et
518 3568 679 3642 sequentes
698 3563 939 3623 thuriferarium
957 3562 1130 3643 proeedunt
1147 3562 1186 3624 ad
1205 3560 1259 3622 Al·

172 3657 263 3732 tare,⁸
289 3663 382 3736 atque
408 3655 583 3718 subsistunt
611 3655 643 3715 in
670 3654 820 3716 lateribus
846 3654 967 3717 Altaria
994 3655 1073 3718 faeie
1099 3655 1194 3716 unius
1221 3652 1259 3715 ad

325 3005 368 3041 »2

204 3844 417 3908 ¹Ex‹·epiiones
435 3842 488 3891 vid.
508 3840 584 3889 infra
601 3855 627 3888 n.
647 3840 689 3900 93,
740 3855 826 3904 aeqiio
855 3844 883 3891 et
911 3842 1003 3891 eodem
1034 3845 1154 3906 tempora
1184 3840 1260 3903 fiant,

167 3923 184 3971 5
739 3919 838 3968 stando
854 3918 927 3969 linea
942 3922 1024 3969 reeta.
1050 3918 1261 3982 progredientes

203 4004 215 4036 ²
235 3999 310 4048 (laer.
329 3998 379 4062 Ep.
398 3997 419 4047 I.
437 3999 461 4058 2,
478 3997 502 4045 9.
741 3996 907 4046 eanrlelalna
927 4000 1038 4046 teneant
1058 4011 1138 4046 manu
1158 3996 1261 4046 extima

203 4079 216 4114 ⁸
235 4074 349 4139 Quando
366 4074 506 4123 eelebrans
523 4077 550 4122 et.
569 4087 589 4121 a.
609 4070 687 4120 Mini·
739 4072 774 4122 ad
787 4072 895 4135 nodum,
907 4072 1012 4136 primns
1024 4073 1166 4134 aeolytlins
1178 4087 1259 4122 mann

170 4152 220 4201 atri
235 4153 316 4202 choro
331 4151 471 4211 inclinant,
485 4150 590 4214 primus
602 4149 688 4210 acoly-
742 4150 846 4213 dextra,
875 4150 1008 4201 secundm
1037 4164 1117 4199 manu
1147 4149 1261 4200 sinistra

167 4229 231 4278 thas
246 4243 264 4278 a
280 4229 364 4277 latere
382 4227 494 4276 Diaeoni
512 4230 539 4275 et.
556 4227 688 4276 seenmlna
742 4227 849 4288 nodum,
869 4230 896 4276 et
917 4241 997 4276 manu
1019 4224 1117 4276 intima
1135 4226 1258 4276 candela·

167 4304 464 4356 alatereSnlnliaeoni
481 4303 602 4353 inelinnt.
627 4302 687 4352 Om·
740 4302 818 4351 lirum
859 4301 977 4353 inferius
1015 4301 1141 4352 sustinet.
1200 4301 1258 4352 on.

167 4398 215 4433 nea
231 4380 420 4432 inelinationes
434 4385 461 4431 et
477 4380 687 4444 genuflectiones
740 4379 816 4429 (laer.
835 4379 884 4444 Ep.
902 4378 925 4430 1.
941 4380 966 4442 2,
982 4380 1007 4430 8.

166 4459 353 4523 acolythorum
380 4458 458 4511 simul
487 4457 630 4512 faciendae
655 4473 688 4509 ex
774 4454 948 4506 *desistunt
969 4453 1091 4509 Diacono
1111 4458 1140 4512 et
1160 4453 1259 4511 Subdi-
