2804 4890
169 672 231 739 462
294 681 348 739 nn
370 680 636 740 saaorrssruo
656 681 958 742 nucaaarsrmn
982 674 1268 747 saoaannaro.'

211 854 240 911 4.
264 850 347 913 “His
367 850 461 915 dictis
480 851 607 916 accedat
626 853 665 915 ad
686 853 859 929 infirmum,
880 859 917 916 ut
937 856 1102 932 cognoscat
1122 869 1201 913 num
1222 849 1268 912 sit

170 942 341 1024 dispositus
357 948 390 1007 et
406 944 482 1006 velit
499 944 672 1022 confiteri‚''
689 947 749 1008 etsi
766 950 858 1008 antea
875 943 1035 1008 confessus
1052 944 1103 1007 sit.

211 1036 313 1099 Verus
328 1036 455 1118 quidem
471 1039 694 1117 compassionis
710 1038 841 1101 allectus
857 1043 983 1119 aegroto
999 1037 1193 1111 exhibeatur,
1209 1032 1266 1097 sed

168 1131 242 1192 ante
255 1136 522 1193 sacramentorum
535 1130 842 1195 administrationem
855 1132 906 1192 vix
920 1131 957 1192 de
972 1131 1070 1210 ipsius
1083 1126 1266 1192 conditione

170 1222 395 1303 inquirendum
424 1228 480 1300 est,
510 1224 584 1304 quia
612 1228 756 1304 aegrotus
787 1224 869 1287 forte
898 1241 1066 1303 exponens,
1096 1219 1201 1303 qualia
1230 1223 1266 1283 et

171 1318 288 1396 quanta
310 1316 461 1396 patiatur,
484 1316 580 1378 nimis
603 1315 781 1396 dissipetur.

214 1406 253 1469 In
276 1408 337 1469 ista
359 1408 552 1471 confessione
574 1413 719 1489 aegrotus
740 1413 848 1472 contra
870 1409 1053 1489 praecipuas
1074 1403 1267 1470 tentationes

170 1503 310 1580 tempore
335 1500 435 1563 morbi
462 1502 507 1563 vel
534 1500 647 1563 mortis
672 1499 877 1582 praemuniri,
903 1507 934 1564 et
961 1501 995 1562 in
1021 1499 1207 1581 patientiam
1232 1501 1267 1560 et

171 1591 319 1654 fiduciam
341 1612 415 1673 erga
439 1591 498 1654 Dei
523 1592 780 1670 misericordiam,
806 1592 862 1656 SS.
889 1593 950 1656 Cor
974 1593 1051 1656 Jesu
1073 1592 1204 1672 ejusque
1230 1588 1265 1652 S.

171 1683 313 1747 Vulnera
335 1688 393 1746 etc.
417 1685 497 1764 erigi
521 1687 631 1765 potest.

215 1779 243 1840 5.
266 1776 317 1839 Ad
348 1776 380 1839 S.
412 1776 672 1839 communionem
703 1777 848 1840 infirmus
877 1782 949 1858 apte
977 1779 1180 1858 praeparetur
1209 1793 1267 1855 per

171 1873 260 1932 actus
281 1867 353 1930 fidei
372 1874 431 1931 etc.
453 1873 547 1949 prout
568 1873 703 1948 tempus,
723 1868 893 1932 infirmitas
914 1875 971 1934 etc.
993 1868 1166 1950 permittat.
1189 1866 1266 1928 Bre-

172 1963 272 2023 viores
297 1960 407 2023 saltem
433 1980 539 2042 preces
563 1979 684 2041 semper
708 1962 774 2026 fere
801 1961 925 2023 recitari
952 1964 1094 2042 possunt,
1119 1956 1267 2024 omnibns

171 2053 477 2133 genuflectentibus.⁸
1212 2069 1217 2074 ’

215 2149 243 2209 6.
266 2145 400 2208 “Postea
420 2146 505 2209 facta
525 2146 563 2208 de
584 2166 668 2209 more
689 2145 882 2210 confessione
902 2145 1041 2227 generali
1068 2143 1262 2225 (Confiteor)

173 2238 235 2301 sive
249 2238 287 2301 ab
303 2238 439 2315 infirmo,
454 2238 517 2301 sive
531 2239 601 2317 ejus
615 2238 742 2302 nomine
757 2239 795 2302 ab
810 2238 882 2314 alio,
899 2237 1047 2302 Sacerdos
1061 2237 1157 2300 dicit:
1169 2236 1266 2300 Mise-

171 2336 279 2394 rcatur
299 2330 347 2392 tui
365 2336 433 2406 etc,
453 2330 691 2410 inculpandum
710 2329 789 2393 etc.''

215 2423 358 2485 “Deinde
391 2424 474 2485 facta
505 2422 722 2503 genuflexione
754 2423 879 2504 accipit,
912 2424 1149 2486 Sacramentum
1180 2441 1268 2484 more

173 2515 266 2578 solito
286 2516 409 2577 dicens:
430 2515 509 2577 Ecce
529 2517 639 2594 Aonas
661 2515 722 2576 Dei
741 2519 798 2578 etc.
821 2523 852 2579 et
872 2522 936 2577 ter:
957 2515 1092 2578 Domina
1113 2536 1176 2578 aaa
1195 2534 1268 2577 cum

174 2608 289 2690 dianus
310 2611 367 2671 ete.
412 2608 453 2671 Et
476 2607 621 2669 infirmus
642 2608 736 2670 simul
758 2609 843 2671 dicat
864 2607 974 2670 saltem
996 2606 1121 2671 semel.’'

214 2701 318 2762 “Tum
341 2700 490 2762 Sacerdos
510 2701 588 2762 dans
609 2701 735 2760 infirmo
755 2698 996 2776 Eucharistiam,
1016 2700 1117 2763 dicat:
1139 2699 1267 2781 Accipe,

172 2795 274 2874 frater
297 2793 360 2868 (vel
380 2794 484 2865 soror)
515 2792 673 2854 Viaticum
694 2791 772 2855 etc.’'

217 2889 244 2948 t.
270 2884 419 2948 Sacerdos
440 2883 565 2947 infirmo
586 2884 847 2946 Communionem
868 2884 1058 2947 distribuens
1080 2903 1200 2964 semper
1219 2883 1269 2945 di·

174 2999 241 3041 cere
256 2977 346 3039 debet
360 2976 549 3039 Misereotur
563 2976 611 3040 tui
624 2981 693 3051 etc„
708 2977 770 3040 sive
786 2976 931 3038 intimans
946 2977 1079 3057 accipiat
1094 2976 1268 3050 Viaticum‚

174 3071 237 3133 eive
261 3070 470 3132 communicet
491 3090 530 3131 ex
554 3069 727 3132 devotione.
773 3069 806 3130 Si
833 3069 974 3131 sacerdos
996 3071 1030 3132 in
1055 3070 1149 3132 altari
1172 3089 1268 3149 penes

175 3161 337 3226 infirmum
353 3161 497 3235 celebrat,
513 3160 681 3223 dicendum
697 3165 743 3223 est
759 3161 948 3223 llisareotar
961 3160 1079 3225 vestri}
1119 3160 1268 3223 Formula

174 3253 289 3336 Accipe
315 3256 416 3335 frater
445 3253 601 3315 viaticam
629 3257 687 3315 etc.
716 3253 855 3315 adhiberi
882 3258 993 3333 potest,
1020 3253 1268 3334 quandocunque

174 3348 275 3410 eidem
298 3347 424 3409 infirmo
446 3347 478 3408 in
503 3347 613 3407 mortis
634 3344 772 3425 periculo
795 3344 1054 3417 administratur;
1076 3349 1166 3424 juxta
1189 3346 1269 3410 alios

174 3440 342 3506 adhibetur
361 3443 486 3502 tantum
507 3459 563 3518 pro
583 3438 685 3517 prima
705 3437 770 3499 vice
793 3438 824 3499 in
845 3436 951 3500 eodem
973 3437 1103 3500 ιιιοιιιο.ὕ

210 3537 238 3596 8.
262 3532 372 3606 “Quod
390 3534 415 3594 si
432 3551 515 3594 mors
530 3531 704 3606 immineat,
720 3534 750 3592 et
768 3528 942 3611 periculum
959 3529 1001 3593 sit
1018 3531 1050 3592 in
1068 3551 1165 3607 mora,
1180 3551 1269 3612 prae·

210 3687 264 3737 ³E.
287 3702 312 3749 g.
336 3685 359 3735 0
381 3686 470 3745 desua,
493 3701 538 3748 my
560 3684 618 3735 God
641 3684 694 3734 and
747 3688 874 3748 separate
894 3701 935 3734 me
956 3685 1028 3734 from
1049 3687 1097 3750 thy
1117 3687 1180 3750 holy
1201 3687 1270 3736 lore.

175 3777 220 3827 my
247 3762 352 3823 savior,
382 3762 396 3810 l
426 3761 529 3812 believe
559 3761 585 3808 in
616 3760 695 3809 Thoe.
748 3759 835 3819 (tome,
874 3761 946 3819 then,
985 3762 1050 3811 dear
1087 3761 1177 3817 Jesus.
1214 3764 1269 3812 and

176 3837 190 3887 1
210 3842 280 3888 most
302 3837 414 3900 humbly
436 3838 518 3887 adore
540 3835 612 3887 'l'hee
634 3836 696 3885 here
747 3839 824 3886 enter
846 3836 903 3886 into
924 3852 969 3900 my
989 3851 1055 3902 poor
1075 3838 1161 3887 heart.

175 3917 285 3981 present
317 3913 346 3962 in
378 3914 425 3963 the
457 3912 568 3963 Blesscd
601 3911 696 3962 Sacra·
783 3911 845 3962 Vid.
871 3912 979 3962 libellus
1007 3913 1081 3963 Vade
1106 3928 1208 3964 macram
1234 3916 1273 3964 od

175 3994 257 4042 ment.
744 3986 865 4048 infirmos
891 4003 940 4051 pro
966 3988 1149 4039 Misaioaon'is
1173 3991 1269 4042 Amer-

208 4065 224 4116 1
248 4067 317 4131 hope
343 4065 369 4115 ἰιι
394 4064 444 4129 thy
468 4064 573 4116 infinite
598 4078 696 4126 marey.
748 4064 805 4113 irae
821 4063 895 4127 Sept.
911 4064 1054 4115 contineas
1066 4079 1160 4128 preces
1176 4065 1272 4126 linqua

176 4142 203 4192 in
228 4141 277 4205 thy
302 4141 427 4207 precious
451 4140 530 4191 blood
555 4140 607 4190 and
634 4140 697 4199 holy
745 4140 855 4200 caelico
883 4143 910 4193 et
939 4140 1096 4201 harmonico
1125 4155 1174 4204 pro
1202 4157 1271 4194 caro

176 4218 294 4268 worrnds.
344 4216 358 4265 I
389 4217 447 4267 love
477 4216 557 4275 Thes,
586 4215 609 4264 0
641 4214 696 4264 infl·
748 4215 915 4276 infirmorum
930 4216 1020 4267 utiles.
1056 4217 1137 4283 Apud
1155 4216 1272 4269 Heider.

176 4293 263 4355 nitely
280 4293 348 4355 good
367 4293 420 4343 and
438 4290 614 4355 lovingGod,
631 4287 696 4339 with
749 4289 789 4341 st.
825 4291 915 4351 Iouis,
951 4292 1005 4343 Mo.
1059 4292 1127 4357 Pag.
1163 4295 1179 4345 8
1216 4295 1272 4346 vid.

176 4384 222 4432 my
242 4368 326 4418 whole
347 4369 426 4418 heart
447 4367 500 4417 and
522 4367 589 4416 soul.
749 4381 841 4431 proces
864 4367 1031 4432 prolixiores.

212 4444 227 4494 I
251 4458 294 4494 am
318 4446 387 4493 most
410 4442 528 4505 heartily
551 4454 629 4506 sorry
653 4441 698 4492 lor
784 4443 839 4492 ⁴1).
861 4445 900 4493 16.
921 4443 989 4496 Nor.
1011 4444 1086 4507 1906,
1104 4461 1130 4496 n.
1149 4445 1227 4496 4193.
1248 4449 1263 4496 4

176 4519 214 4573 all
234 4533 280 4584 my
298 4518 363 4571 sina
401 4517 526 4586 Nothing
545 4517 616 4568 shall
636 4531 698 4568 ever
783 4518 848 4569 ⁵01.
868 4519 996 4586 O’Kane,
1012 4536 1039 4573 ιι.
1058 4521 1116 4574 777.
