2804 4890
151 670 214 733 352
392 681 445 735 DE
466 679 596 737 OULTU
617 680 670 736 88.
694 679 1008 737 EUOHARISTIAE.

154 843 240 909 tione
257 843 295 909 de
311 843 488 909 Nativitole
505 848 537 907 et
554 843 724 924 Evangelio
743 844 774 907 S.
794 846 817 909 J
818 846 928 909 oannis
946 845 979 907 in
997 843 1083 910 fine.⁵
1128 844 1249 911 Diebus

156 958 228 1000 vero
250 938 385 1018 exceptis
413 940 465 1017 (ut
488 937 574 999 inira
595 938 633 1000 ad
657 940 708 1016 3),
729 941 876 1000 cantatur
898 939 996 1001 Missa
1017 938 1079 1002 diei
1102 958 1176 1002 eum
1199 939 1246 1002 vel

153 1032 268 1112 absque
289 1029 394 1095 Gloria
414 1036 445 1092 et
465 1032 564 1094 Credo
585 1031 676 1110 juxta
696 1031 795 1092 ritum
816 1031 948 1108 Missae3
968 1051 1040 1094 oum
1059 1051 1248 1095 commemo·

155 1126 276 1188 ratione
306 1124 362 1187 SS.
393 1124 586 1187 Sacramenti
598 1144 606 1199 ;
636 1124 712 1186 item
740 1129 816 1186 tunc
845 1126 1006 1188 Praefatio
1034 1129 1066 1190 et
1092 1125 1247 1188 ultimum

154 1217 360 1298 Evangelium
378 1217 495 1279 dieitur
510 1221 605 1297 prout
622 1218 702 1280 ritus
718 1216 832 1281 Missae
848 1217 970 1298 arrigit.⁶
1014 1217 1101 1293 Quae
1116 1219 1246 1300 quidem

154 1310 319 1392 specialius
337 1315 538 1391 exponuntur
555 1312 588 1372 in
607 1313 748 1391 sequenti
767 1311 981 1374 Instructione
1000 1312 1031 1374 S.
1051 1311 1088 1375 R.
1107 1311 1245 1394 Gangre

153 1404 317 1484 grationis.

196 1501 224 1558 2.
248 1498 308 1559 “In
331 1496 428 1560 Missa
448 1496 551 1560 votiva
574 1496 630 1559 SS.
655 1498 849 1561 Sacramenti
871 1519 927 1580 pro
948 1498 1090 1578 ejusdem
1111 1497 1246 1582 Exposi-

153 1589 240 1655 tione
253 1611 288 1654 ae
302 1591 512 1672 Repositione‚
526 1591 699 1654 omittenda
714 1598 760 1654 est
775 1592 929 1672 quaelibet
944 1594 1200 1657 commemoratio
1213 1600 1246 1656 et

152 1684 290 1747 collecta.
334 1685 424 1746 Intra
444 1690 584 1749 octavam
607 1684 663 1748 SS.
687 1685 833 1766 Corporis
855 1684 985 1762 Christi,
1006 1686 1104 1749 Missa
1122 1687 1185 1749 erit
1205 1685 1245 1749 de

151 1777 259 1841 eadem
278 1779 404 1854 Oetam,
421 1798 491 1840 cum
511 1778 680 1858 Sequentia
696 1783 728 1840 et
743 1778 837 1840 unica
854 1779 1014 1855 Oratione,
1031 1779 1145 1860 absque
1161 1800 1244 1842 com·

153 1871 431 1936 memorationibus
451 1877 481 1934 et
502 1870 670 1934 collectis.''

194 1967 224 2028 3.
247 1965 417 2029 “Canenda
441 1970 488 2027 est
515 1965 611 2027 Missa
637 1966 698 2027 diei
726 1966 881 2027 currentis
907 1985 979 2028 eum
1005 1965 1156 2029 Oratione
1182 1965 1242 2029 88.

152 2057 348 2122 Sacramenti
370 2058 426 2120 sub
448 2059 540 2120 unica
561 2059 767 2133 conclusione,
790 2059 912 2120 omissis
933 2058 1088 2123 colleeetis
1107 2063 1141 2123 et
1161 2079 1244 2122 corn-

152 2151 451 2216 memorationibus''
474 2152 673 2231 sequentibus
697 2152 822 2214 diebus:

193 2246 254 2307 “In
272 2245 446 2307 Dominicis
462 2244 668 2326 privilegiatis
686 2249 713 2307 1.
730 2250 762 2309 et
777 2248 805 2305 2.
822 2245 952 2320 elassis,³

194 2340 256 2401 “In
277 2340 366 2402 festis
385 2340 504 2420 pariter
525 2342 552 2401 1.
574 2347 604 2403 et
625 2342 652 2399 ,2.
675 2338 791 2413 classis,

195 2433 307 2495 “Feria
322 2434 380 2495 IV.
397 2433 557 2508 Oinernm,
572 2432 660 2494 feriis
674 2431 818 2507 secunda,
832 2433 927 2494 tertia
940 2438 970 2494 et
985 2434 1097 2511 quarta
1110 2432 1242 2512 majoris

153 2526 376 2590 Hebdomadas
396 2528 430 2603 (a
445 2547 535 2588 inane
548 2525 633 2589 enim
649 2525 757 2589 Feriae
772 2525 810 2586 V.
826 2525 865 2586 ad
880 2545 971 2588 mane
987 2525 1114 2588 Sabbati
1131 2525 1242 2589 Sancti

152 2640 169 2682 a
191 2620 350 2701 praedicta
374 2620 577 2699 Expositione
600 2619 728 2679 omnino
751 2618 967 2696 cessandum),

185 2742 333 2806 ⁵“1rlqus
357 2742 438 2793 etiam
464 2741 488 2791 si
512 2742 615 2792 incidat
641 2742 667 2790 in
724 2740 750 2791 S.
770 2741 854 2792 Sedes
875 2741 997 2805 indulsit,
1017 2741 1077 2792 “ut
1095 2741 1195 2806 quibus
1215 2743 1243 2792 in

150 2820 320 2870 Dominicam
347 2836 399 2869 non
428 2821 512 2868 solnm
542 2835 591 2883 pro
619 2820 667 2868 Ee·
723 2819 852 2869 Ecclesiis
875 2819 1012 2871 Dioecesis
1034 2820 1243 2871 Baltimorensis

149 2896 240 2947 etesiis
266 2896 427 2960 collegiatis,
455 2897 501 2946 sed
528 2896 610 2946 etiam
639 2895 667 2944 in

150 2974 221 3036 aliis,
245 2989 313 3038 quae
337 2989 389 3023 non
414 2978 541 3024 tenentur
565 2975 667 3035 oblina-

150 3052 225 3103 tione
252 3050 333 3101 officii
360 3055 386 3101 et
415 3056 608 3115 consequenter
635 3067 668 3101 ne

151 3130 252 3182 Missae
266 3129 373 3193 quidem
388 3144 433 3178 seu
448 3129 593 3179 Missurum
608 3145 668 3179 con·

150 3204 567 3258 ventualium.'’—blartinueci
627 3206 667 3256 Il.

150 3285 270 3349 38,107.

185 3366 197 3400 ⁸
218 3361 247 3410 Si
271 3376 334 3412 vero
357 3361 392 3412 ob
416 3361 533 3426 aliquam
559 3376 667 3411 eausam

151 3439 238 3489 Missa
265 3439 291 3487 in
318 3443 401 3488 conto
427 3454 480 3488 non
506 3439 667 3500 celebratur,

151 3517 237 3567 Missa
265 3517 375 3582 privata
402 3517 453 3567 erit
484 3517 516 3567 de
544 3521 668 3566 currente

151 3595 203 3657 die,
237 3594 262 3642 in
296 3609 349 3658 qna
380 3599 441 3659 post
475 3594 619 3644 Orationes
652 3607 669 3642 a

150 3672 270 3723 Rubriea
319 3673 503 3736 praescriptas
552 3673 668 3721 addetur

150 3748 247 3800 Oratio
269 3749 316 3798 SS.
339 3749 517 3810 Sacrarnenti,
539 3763 607 3812 quae
628 3753 668 3798 ta-

150 3842 210 3877 men
237 3826 327 3876 omitti
355 3826 432 3875 (lebet
462 3825 488 3874 in
515 3825 597 3876 festis
626 3827 669 3875 1⁸0

149 3908 177 3955 et
206 3905 251 3953 lte
279 3903 374 3954 elassis
405 3903 446 3967 [et
474 3902 668 3966 aequivalenti·

150 3981 226 4046 busl.
287 3981 388 4030 Diebus
428 3981 527 4044 quibus
570 3981 669 4031 Missae

149 4059 257 4109 votivae
302 4059 427 4122 privatae
472 4057 669 4122 permittuntur

155 4137 220 4195 (No.
244 4136 286 4191 27,
310 4136 353 4196 5),
378 4135 464 4185 Missa
486 4134 596 4199 privata
618 4135 666 4184 SS.

151 4213 319 4264 Sacramenti
363 4212 415 4273 legi
459 4212 569 4276 poterit,
610 4212 668 4262 sine

151 4292 243 4341 Gloria
269 4296 297 4342 et
323 4291 380 4339 aine
407 4291 492 4338 t'rcdo
517 4305 575 4338 cum
603 4289 667 4338 Orn-

150 4369 271 4418 tionibu‘*¹
286 4368 470 4433 praescriptis.
499 4372 507 4428 (
513 4368 522 4411 (
527 4368 586 4416 )1ιΙο
600 4382 666 4415 seru.

152 4447 178 4497 in
201 4447 232 4497 l).
254 4447 341 4505 Bait.)

185 4524 239 4575 Pro
257 4524 377 4577 Dioeeesi
396 4540 458 4577 vero
475 4523 666 4577 Balliuroreua'r

722 2912 754 2947 ox
788 2896 899 2947 ‹lefeetu
932 2898 1121 2947 Ministrornm
1156 2899 1244 2950 Missa

723 2975 849 3024 solemnis
870 2975 933 3024 cani
953 2976 1046 3038 nequii
1068 2976 1163 3026 diebus
1185 2981 1242 3027 tarn

723 3052 910 3116 Expositionis
965 3056 993 3103 et
1048 3053 1242 3118 Repositionis,

722 3144 802 3193 quarn
820 3129 988 3192 intermedio,
1005 3130 1135 3180 celebrari
1154 3132 1242 3196 possit

722 3207 809 3257 Missa
834 3207 935 3271 absque
963 3207 1100 3257 Ministris
1125 3209 1242 3273 paratis,

724 3284 764 3334 ita
786 3289 886 3346 tamen,
908 3288 939 3334 ut
960 3284 996 3335 ab
1018 3300 1072 3335 uno
1095 3283 1242 3337 Sacerdote

722 3363 877 3411 celebrante
905 3366 1040 3425 cantetur,
1069 3363 1110 3412 vel
1140 3362 1164 3411 si
1192 3364 1242 3414 hoe

722 3440 779 3489 lieri
799 3440 891 3502 nequit
911 3455 943 3489 ex
962 3439 1072 3489 defectu
1091 3446 1242 3504 cantorum,

722 3518 818 3566 saltem
849 3517 1001 3567 celebretur
1032 3517 1243 3568 inservientibus

723 3595 827 3643 (luobus
853 3595 958 3644 clericis
983 3594 1177 3660 superpelliceo
1204 3595 1242 3644 in·

723 3672 805 3734 datis,
819 3687 850 3722 ac
865 3671 1061 3722 collucentibus
1074 3676 1192 3736 quatuor
1206 3673 1241 3723 ad

723 3749 811 3798 minus
825 3750 945 3800 candelis
962 3750 988 3798 in
1005 3748 1135 3800 Altari.''
1168 3749 1196 3800 8.
1213 3749 1241 3800 (l.

723 3827 753 3876 R.
781 3827 820 3876 14.
845 3826 909 3876 Jan.
936 3827 1087 3877 lass-At
1111 3842 1163 3877 non
1187 3842 1241 3876 orn·

723 3904 769 3954 nia
790 3904 936 3969 privilegia
958 3904 1100 3954 Baltimor.
1123 3904 1158 3954 ad
1181 3904 1240 3954 reli·

721 3996 788 4045 quas
812 3981 954 4032 Dioeceses
977 3982 1169 4044 extenduntur,
1194 3984 1241 4032 sed

722 4059 784 4109 “ea
808 4060 902 4119 solum,
927 4074 995 4122 quae
1020 4058 1047 4107 in
1074 4058 1189 4109 Decreto
1215 4059 1240 4109 d.

722 4138 763 4186 24.
786 4135 849 4186 dan.
875 4138 940 4185 lasa
962 4134 1175 4186 eontinentur.'’
1214 4134 1240 4186 S.

722 4215 753 4263 R.
774 4214 801 4264 O.
823 4214 1059 4264 Leavenvrorthen.
1080 4218 1109 4263 ut
1130 4227 1222 4277 supra.

757 4290 822 4341 ⁷In
860 4291 1031 4357 processione
1070 4290 1242 4341 adhibendus

722 4375 759 4417 est
795 4371 867 4418 color
900 4369 1008 4417 Missae.
1043 4367 1240 4431 Antipendium

723 4462 827 4511 seraper
851 4446 886 4496 sit
912 4446 967 4495 albi
993 4445 1098 4493 coloris.
1141 4443 1173 4493 D.
1199 4443 1241 4494 27.

724 4525 792 4586 maj.
815 4524 890 4587 1911,
910 4537 935 4574 n.
957 4522 1033 4575 4269.
1057 4520 1096 4578 13.
