2804 4890
118 638 120 641 '
155 624 218 685 260
354 635 407 690 ΒΕ
431 637 559 691 ὃΕΝΒΙ]
584 636 770 690 LITERALI
794 637 844 690 ΕΤ
867 637 1054 692 MYSTICO.

161 808 282 872 ratione
303 809 476 889 specierum
498 811 653 889 spectata3
675 808 758 871 sicut
779 808 873 873 ctiam
896 830 960 871 non
981 810 1029 871 sui
1053 809 1174 871 ratione
1196 807 1247 870 sed

160 902 298 965 solarum
325 903 498 983 specierum
528 902 648 982 Corpus
678 901 807 963 Domini
835 903 953 964 dicitur
981 902 1096 982 frangi.
1141 901 1248 962 “Haec

160 997 350 1059 consecratio
377 995 459 1057 nihil
486 994 573 1056 aliud
600 998 656 1071 est,
684 995 746 1056 nisi
774 1015 854 1057 nova
880 994 1032 1075 quaedam
1060 993 1248 1075 significatio

160 1089 410 1153 sacramentalis:
426 1094 462 1154 ut
475 1090 560 1152 euim
574 1091 747 1152 consecrari
761 1090 889 1165 dicitur,
904 1091 986 1169 quod
1001 1091 1137 1169 acquirit
1150 1109 1249 1151 sacra-

161 1184 329 1247 mentalem
344 1184 617 1263 significationem,
633 1185 676 1245 ita
691 1184 787 1245 etiam
802 1183 920 1244 dicitur
934 1184 1050 1247 iterum
1066 1183 1249 1259 consecrari,

161 1278 243 1358 quod
262 1277 397 1358 acquirit
414 1278 508 1340 aliam
528 1278 791 1357 significationem
811 1278 1076 1340 sacramentalem.
1122 1276 1250 1357 Signifi-

162 1375 252 1436 catur
265 1378 371 1434 autem
384 1391 439 1452 per
452 1372 540 1433 illam
553 1371 808 1433 commixtionem
823 1373 1008 1433 resurrectio
1023 1370 1151 1432 Domini
1171 1419 1178 1432 .
1205 1419 1212 1432 .
1238 1418 1245 1432 .

65 1518 67 1522 Α
163 1486 237 1527 narn
253 1466 288 1526 in
305 1465 530 1527 resurrectione
548 1466 663 1526 iterum
682 1464 762 1526 Caro
780 1464 909 1527 Domini
927 1486 998 1527 cum
1018 1465 1177 1544 Sanguine
1196 1484 1252 1526 suo

162 1560 332 1638 conjuncta
356 1558 429 1619 fuit.
496 1557 606 1637 Itaque
631 1559 664 1619 in
689 1558 745 1618 illa
768 1558 990 1619 commixtione
1015 1578 1094 1620 nora
1120 1557 1156 1619 fit
1180 1577 1250 1619 con-

163 1654 304 1728 secratio,
327 1653 402 1714 dum
425 1653 541 1733 species
564 1652 646 1727 illae,
668 1672 746 1731 quae
769 1652 885 1714 divisae
909 1653 1029 1714 Christi
1051 1658 1184 1714 mortem
1206 1673 1251 1713 re·

164 1746 414 1827 praesentabant,
452 1766 536 1807 nuuc
577 1747 660 1808 iuter
699 1766 730 1808 se
770 1747 956 1826 conjunctae
996 1747 1252 1808 resurrectionem

165 1839 296 1902 Domini
315 1838 581 1920 repraesentant.''
595 1841 619 1874 ¹²

209 2017 278 2080 153.
302 2018 364 2081 Per
387 2018 504 2098 triplex
528 2017 640 2094 Agnus
663 2016 731 2095 Dei,
757 2022 790 2081 et
814 2021 880 2081 tres
904 2017 1069 2081 Orationes
1093 2025 1254 2098 sequentes

165 2113 308 2194 specialis
322 2113 358 2176 fit
371 2114 568 2194 praeparatio
582 2113 621 2174 ad
636 2111 898 2174 Communionem
914 2112 1101 2175 Sacerdotis.
1144 2112 1254 2192 Ipsum

166 2207 329 2269 Christum
348 2205 497 2287 implorat
516 2205 762 2269 misericordiam
781 2211 812 2267 et
832 2226 937 2286 pacem
957 2211 1021 2268 tam
1042 2206 1141 2269 verbis
1162 2226 1254 2286 quam

166 2301 352 2377 actionibus,
368 2321 480 2381 nempe
497 2301 609 2380 capitis
627 2301 832 2362 inclinatione
850 2306 880 2364 et
898 2301 1031 2381 pectoris
1049 2302 1254 2381 percussione.

167 2397 278 2476 Aqnus
298 2395 496 2475 elgnificatur
517 2395 660 2456 Salvator
679 2400 785 2456 noster
804 2415 859 2474 per
880 2396 1005 2468 Isaiam,
1025 2416 1080 2475 per
1100 2395 1254 2457 Ioannem

168 2490 355 2570 Baptistam,
372 2489 495 2569 saepius
511 2508 567 2568 per
582 2489 739 2550 Ioannem
758 2489 813 2550 Er.
831 2490 863 2549 in
881 2489 1087 2568 Apocalypsi3
1104 2487 1256 2567 “Agnus''

168 2589 296 2664 propter
316 2583 539 2658 innocentiam,
560 2581 845 2657 mansuetudinem,
866 2582 1075 2644 obedientiam
1095 2587 1127 2644 et
1148 2583 1256 2642 immo-

167 2676 327 2738 lationem.

212 2773 239 2831 2.
264 2769 356 2831 Dicto
372 2772 467 2833 tertia
483 2770 546 2831 vice
563 2771 675 2850 Aquas
691 2767 761 2843 Dei,
779 2790 851 2831 cum
866 2771 957 2831 Dono
976 2773 1063 2834 nobis
1080 2792 1196 2852 procera,
1214 2789 1258 2829 se-

169 2863 279 2944 quitur
296 2863 427 2924 “Oratio
446 2864 483 2924 ad
503 2882 621 2942 pacem,
639 2863 687 2924 rel
706 2883 762 2943 pro
781 2862 893 2943 pace;''
912 2864 969 2938 vel,
988 2868 1025 2925 ut
1042 2865 1087 2925 ait
1107 2864 1138 2923 S.
1159 2862 1257 2925 Isido-

170 2977 235 3032 rus,
260 2955 419 3018 “infertur
446 2957 555 3019 Oratio
580 2976 636 3036 pro
663 2956 767 3020 osculo
793 2958 888 3035 pacis,
913 2962 950 3018 ut
975 2958 1127 3018 charitate
1152 2977 1258 3018 omnes

170 3049 363 3113 reconciliati
383 3049 516 3111 invicem
534 3049 629 3129 digne
649 3050 851 3114 Sacramento
871 3051 1016 3130 Corporis
1035 3054 1066 3112 et
1088 3049 1258 3129 Sanguinis

171 3143 291 3206 Christi
329 3143 576 3206 consocientur.”
648 3144 797 3206 Oratione
836 3145 927 3206 finita
965 3145 1059 3206 datur
1096 3165 1166 3225 par,
1205 3164 1258 3205 seu

172 3239 312 3301 osculum
326 3237 412 3320 pacis
427 3238 473 3299 vel
488 3239 647 3301 salutatio.
693 3238 777 3300 Olim
794 3239 885 3318 juxta
901 3240 1076 3318 exemplum
1094 3238 1212 3299 Christi
1230 3245 1260 3300 et

172 3331 395 3412 Apostolorum
422 3332 593 3408 (“salutatc
616 3332 747 3392 invicem
771 3333 804 3392 in
826 3333 930 3394 osculo
952 3332 1096 3409 sancto'')
1123 3351 1260 3412 perper

172 3424 312 3487 osculum
325 3424 475 3500 dabatur3
490 3424 561 3487 inde
581 3447 599 3487 a
619 3446 695 3488 saec.
709 3425 807 3485 XIII.
822 3445 876 3504 per
895 3426 1071 3504 amplexum
1094 3425 1193 3488 solum
1216 3425 1260 3485 rel

172 3538 229 3600 per
256 3517 520 3582 “osculatorium''
547 3539 601 3580 seu
629 3519 898 3580 “instrumentum
924 3517 1040 3599 pacis,''
1068 3539 1179 3597 nempe
1207 3538 1261 3598 per

172 3634 301 3693 parvam
316 3613 472 3687 tabellam,
489 3613 521 3673 in
538 3632 597 3692 qua
614 3612 734 3691 sculpta
751 3612 796 3673 rel
813 3612 936 3692 depicta
952 3618 1018 3673 crat
1036 3611 1197 3685 Crucisrxi,
1215 3612 1259 3672 rel

175 3709 209 3768 B.
225 3708 269 3770 M.
286 3708 323 3770 V.
340 3708 384 3769 vel
400 3707 535 3786 alicujus
552 3707 659 3768 Sancti
676 3708 786 3785 imago.
823 3707 960 3768 Ecclesia
976 3707 1113 3768 intendit
1127 3708 1184 3767 hoc
1199 3707 1261 3767 ritu

174 3801 280 3863 fideles
299 3807 366 3863 tum
388 3800 463 3875 Deo,
482 3805 551 3862 tum
571 3801 628 3861 sibi
650 3800 782 3861 invicem
802 3801 966 3862 charitatis
984 3806 1014 3862 et
1034 3801 1119 3880 pacis
1139 3799 1263 3861 vinculo

174 3897 275 3971 unire,
297 3901 333 3957 ut
356 3915 427 3956 cum
450 3894 556 3956 fructu
581 3893 841 3957 Communionem
866 3896 910 3955 rel
936 3894 1193 3956 sacramentalem
1216 3894 1261 3954 vel

173 3992 368 4070 spiritualem
387 3989 572 4070 percipiant.
599 3990 831 4068 “Praeparetur
849 3990 983 4069 populus
1000 4012 1054 4070 per
1073 4011 1191 4070 pacem,
1208 3994 1265 4050 etc.

176 4081 234 4143 Est
261 4083 345 4143 enim
373 4081 430 4141 hoc
461 4081 697 4142 Sacramentum
729 4081 861 4141 unitatis
889 4086 920 4142 et
949 4081 1042 4160 pacis
1089 4081 1127 4141 In
1159 4080 1264 4140 Missis

175 4180 278 4236 tamen
304 4174 536 4245 defunctorum,
560 4174 592 4234 in
618 4173 729 4252 quibus
754 4173 940 4233 sacrificium
967 4173 1098 4233 ‹rffcrtur
1121 4194 1183 4234 non
1209 4194 1264 4251 pro

176 4289 249 4348 pace
278 4269 444 4347 praesenti,
474 4268 525 4328 sed
555 4287 613 4347 pro
642 4268 746 4347 requie
775 4274 982 4343 mortuorum,
1015 4269 1078 4328 l'ax
1109 4269 1262 4329 intermit-

175 4361 313 4424 titur.''¹³

308 4478 332 4509 ¹²
352 4471 479 4521 Bellarm.
497 4471 537 4522 De
555 4473 640 4523 atissa
658 4471 696 4521 II.
714 4473 755 4523 27.
917 4477 942 4511 ¹⁸
961 4472 989 4522 S.
1009 4472 1134 4522 Thomas.
