2804 4890
153 661 212 729 188
353 674 408 733 DE
431 677 552 735 Misso
576 678 754 736 SOLEMNI
778 680 1043 740 PONTIFIOALI.

194 854 222 913 2.
246 851 464 916 Incensatione
498 857 621 933 peracta
654 854 863 918 Conciouator
892 855 1076 936 genuflexus
1112 855 1157 934 (si
1187 855 1244 918 Ca-

153 947 294 1020 nonicus‚
308 947 510 1023 inclinatus),
522 948 682 1010 osculatur
695 949 842 1029 Episcopi
854 950 997 1014 dextram
1008 954 1040 1012 et
1051 949 1131 1012 dicit
1141 970 1149 1010 ε
1159 950 1243 1012 June

151 1038 274 1103 Dumna
294 1040 483 1105 benedicere.
525 1042 715 1124 Episcopus:
734 1041 892 1106 Dominus
910 1042 953 1107 sit
972 1042 1008 1106 in
1027 1042 1120 1107 cordo
1141 1047 1196 1106 tuo
1216 1044 1246 1103 st

152 1133 185 1194 in
199 1133 289 1194 tabiis
305 1135 376 1205 tuis,
393 1141 425 1195 ut
441 1135 534 1214 dique
549 1141 578 1196 ct
591 1139 751 1215 fructuose
766 1136 935 1198 annunties
949 1137 1041 1198 cerba
1053 1141 1164 1198 sanctu
1176 1156 1241 1199 suu.

152 1226 194 1288 In
219 1228 346 1290 nonnus
373 1228 553 1304 Patris-tet
578 1229 731 1306 citiusne
756 1228 1062 1311 Spiritus-idonci.
1126 1230 1239 1293 Anien.

154 1319 275 1383 Deinde
301 1320 509 1384 Concionator
532 1329 637 1402 poscet
662 1323 853 1404 Episcopum
879 1323 1093 1404 indulgentias
1117 1323 1240 1385 dicens:

153 1415 383 1495 indulpcntics,
400 1417 496 1478 Pater
511 1417 789 1480 Reuerendissime.
833 1418 1008 1498 Episcopus
1025 1416 1241 1498 respondebit:

152 1513 313 1571 consuetas
335 1509 379 1570 vel
401 1510 630 1589 quinquaginta
650 1512 781 1573 dierum.
827 1511 867 1571 In
886 1510 1010 1592 pulpito
1032 1510 1241 1572 concionator

153 1604 358 1664 reverentiam
392 1603 431 1663 ad
466 1603 575 1664 Altarc
609 1604 754 1683 deinceps
788 1605 827 1666 ad
861 1605 1052 1684 Episcopum
1087 1603 1239 1667 conficiet.

154 1695 261 1758 Finito
279 1717 420 1759 sermone
438 1697 630 1776 geniculabit
649 1718 813 1760 conversus
832 1699 871 1759 ad
892 1698 1010 1760 Altare.

192 1795 220 1853 3.
244 1790 403 1856 Diaconus
434 1793 620 1854 ministrans
652 1793 836 1873 genuflectit
869 1797 943 1856 ante
976 1792 1097 1870 ditare,
1131 1792 1245 1856 deinde

151 1889 224 1946 ante
238 1884 384 1944 infimum
397 1884 531 1964 gradum
545 1884 651 1946 throni
667 1904 830 1945 conversus
844 1885 883 1945 ad
898 1884 1088 1964 Episcopum
1104 1890 1240 1945 stantem

151 1998 223 2038 cum
242 1979 362 2053 mitra,²
381 1979 521 2040 cantabit
541 1979 700 2057 portuno
717 1979 837 2057 junctis
856 1977 1001 2039 munibus
1020 1982 1051 2040 et
1070 1977 1173 2059 capite
1193 1978 1240 2038 in-

149 2073 276 2146 clinato,
295 2079 325 2135 ct
344 2073 419 2133 dum
439 2074 521 2135 dicct
542 2073 599 2134 tibi
618 2074 723 2145 Pater,
742 2078 773 2136 et
794 2078 822 2134 tc
841 2074 946 2144 Pater,
966 2073 1124 2154 profunde
1142 2093 1175 2136 sc
1194 2074 1240 2134 in·

152 2165 308 2227 clinabit.³
354 2165 460 2227 Finita
491 2165 685 2227 confessione
717 2164 890 2245 Episcopus
922 2164 1050 2240 sedebit,
1082 2165 1239 2228 stantibus

151 2260 261 2322 ceteris
277 2259 430 2320 omnibus.
476 2259 685 2322 Concionator
702 2264 808 2338 surget
824 2265 855 2321 et
871 2259 954 2321 clara
969 2279 1041 2322 voce
1056 2259 1155 2339 leget:

193 2353 502 2416 “Reverendtssimns
523 2353 556 2415 in
581 2355 706 2416 Christo
727 2354 824 2415 Pater
844 2357 874 2416 et
895 2352 1061 2425 Dominus,
1082 2351 1239 2416 Dominus

153 2448 193 2511 N.
218 2447 288 2520 Dei,
316 2454 345 2511 et
370 2447 567 2528 Apostolicue
594 2448 685 2509 Sedis
710 2446 813 2527 pratia
840 2447 935 2525 tainjus
960 2452 1085 2510 sunctae
1113 2447 1154 2509 N.
1180 2447 1239 2509 Ec·

152 2543 260 2605 etesius
276 2542 451 2623 Episcopus
474 2542 535 2618 (vel
553 2540 831 2621 Arebicpiscopus)
854 2541 916 2605 (int.
935 2545 965 2602 et
982 2541 1123 2603 concedit
1140 2540 1238 2604 orsini-

150 2636 274 2700 bustis
289 2637 503 2718 praesentibus
520 2635 748 2717 qninquupinto
765 2636 831 2697 dics
847 2635 883 2697 de
900 2655 973 2699 veru
986 2634 1194 2714 indutuentic
1209 2634 1242 2696 in

148 2732 251 2811 forino
265 2730 420 2790 Ecclesi'nc
437 2734 591 2791 consueto.
621 2731 738 2808 Itopntc
754 2729 852 2789 Deum
871 2750 926 2808 pro
942 2728 1029 2808 {elici
1042 2732 1130 2789 stotu
1144 2727 1239 2790 Sanc·

152 2823 266 2885 tissimi
298 2823 427 2884 Doniini
458 2823 570 2884 Nostri
602 2824 641 2885 N.
675 2821 782 2883 (ticino
813 2821 1018 2884 Prouidentia
1049 2821 1155 2903 Papae
1189 2822 1240 2894 N„

151 2915 385 2978 Dominutionis
410 2936 482 2978 sune
508 2914 804 2985 Reuerendissirnue,
829 2919 859 2977 et
884 2914 1017 2977 Sanctae
1041 2914 1157 2977 Matris
1179 2914 1238 2976 Ec·

152 3009 306 3072 ciesiuc.”⁴

193 3104 283 3163 Tunc
300 3103 473 3182 Episcopus
489 3103 628 3181 deposito
645 3103 741 3163 mitra
755 3105 861 3180 surget
876 3106 908 3163 et
923 3101 1004 3179 leget
1020 3120 1126 3163 versus
1141 3119 1237 3181 popu-

151 3198 234 3258 luni:

193 3292 363 3353 “Precibus
383 3295 413 3353 et
434 3290 554 3353 riseritis
575 3292 679 3351 treutnc
701 3289 819 3351 iturine
838 3310 961 3369 semper
983 3288 1135 3368 Virpinis,
1156 3288 1238 3352 beuti

186 3470 266 3519 ²t'cl
294 3469 391 3531 bireto,
420 3469 444 3518 si
472 3482 524 3516 non
554 3470 668 3530 paratus
724 3464 805 3512 denec.
819 3463 901 3527 Pope‚
917 3461 1165 3526 forbisLordship
1183 3461 1239 3522 (bis

150 3547 271 3596 assistat.
724 3540 824 3595 (truce)
875 3540 921 3588 the
968 3539 1051 3602 Rigbt
1100 3536 1238 3587 Reverend

186 3629 196 3660 ³
216 3624 317 3672 (terem.
338 3622 369 3671 U.
390 3622 417 3670 S.
437 3635 499 3685 pag.
519 3618 578 3668 323.
720 3616 823 3682 Bishop
849 3617 937 3680 (Most
957 3618 1021 3669 Rau.
1042 3615 1242 3680 Arcbbishop),

184 3699 273 3748 siue
298 3699 382 3762 Right
409 3696 547 3746 Reverend
578 3693 666 3755 (Most
723 3693 777 3741 and
809 3693 853 3739 for
883 3707 931 3740 our
961 3691 1024 3754 hely
1054 3690 1163 3739 Mother
1192 3690 1238 3738 tbe

150 3776 230 3837 Rev.)
257 3775 301 3838 N.‚
324 3774 360 3837 by
383 3774 429 3822 the
451 3786 531 3836 grace
553 3771 585 3820 of
606 3769 665 3819 God
722 3767 865 3817 tiburchff’
915 3768 1005 3829 (Haec
1018 3766 1170 3832 publicatio
1182 3779 1238 3815 rer·

150 3853 204 3903 and
227 3853 273 3901 the
297 3851 377 3901 favor
401 3849 433 3898 of
455 3850 501 3897 the
525 3846 665 3911 Apostolic
723 3844 829 3907 nacula,
860 3844 983 3909 quamuis
1013 3857 1066 3892 non
1098 3843 1131 3892 dc
1162 3855 1237 3909 prae·

149 3928 200 3979 See
217 3928 319 3991 Bishop
342 3924 543 3987 (Archbishop)
564 3923 595 3971 of
611 3922 667 3971 this
722 3925 809 3985 cepto,
827 3926 919 3972 tamen
937 3924 979 3971 est
996 3918 1183 3980 consulenda)

149 4007 211 4068 holy
231 4006 338 4054 Church
358 4003 390 4054 of
411 4003 445 4052 N.
467 4006 563 4065 grume
583 4005 610 4050 to
630 4002 667 4050 ull
757 3997 917 4047 cardinales
943 3996 971 4045 in
998 3995 1055 4047 auis
1081 3995 1182 4045 'situlis
1207 4008 1238 4045 sc

148 4083 194 4133 the
209 4080 327 4132 faithful
343 4081 406 4131 bere
416 4083 524 4144 present
536 4076 667 4127 aninoul·
723 4072 898 4124 Dioecesibus
929 4074 970 4123 bis
999 4077 1115 4133 centum,
1144 4071 1237 4121 Archi·

150 4170 233 4221 gence
251 4155 283 4205 of
302 4154 368 4217 fifty
388 4155 456 4216 days
477 4153 501 4200 in
523 4152 568 4200 the
588 4150 664 4199 usual
722 4150 803 4213 episc.
839 4154 955 4205 ceritum.
992 4153 1073 4214 atquc
1110 4148 1237 4212 Episcopi

151 4233 222 4283 form
246 4231 278 4282 of
300 4232 346 4281 the
368 4230 481 4280 Cburch.
520 4229 578 4277 Yon
602 4228 664 4289 will,
723 4227 922 4287 quinonopinto
944 4226 1048 4275 (iterum
1069 4224 1238 4288 Indulgenti-

149 4308 297 4369 tberefore‚
321 4322 391 4372 pray
414 4310 442 4356 to
467 4305 525 4355 con
551 4305 596 4352 for
620 4305 665 4352 tbc
721 4304 921 4365 urumeisrciri
936 4306 1036 4360 inient,
1049 4303 1239 4364 juxtanovum

149 4384 262 4436 recitare
280 4384 312 4434 of
329 4399 378 4434 our
395 4386 465 4432 most
483 4383 545 4445 holy
563 4381 665 4431 Fatbcr
723 4380 858 4428 decretum
877 4378 903 4427 S.
922 4379 950 4427 G.
971 4377 1002 4439 1.,
1020 4379 1053 4427 28
1071 4377 1142 4440 Aug.
1163 4377 1238 4440 1903,

148 4464 183 4515 N.
222 4457 321 4521 (—)
355 4463 389 4524 by
440 4462 529 4509 divine
575 4460 666 4508 Provi-
724 4455 789 4504 Urb.
812 4460 839 4505 et
863 4455 927 4504 Orb.
