2804 4890
209 686 270 749 358
447 697 501 753 DE
522 698 653 754 cULTU
674 699 727 753 SS.
752 699 1065 755 EUOHARISTIAE.

209 864 266 925 bus
282 862 363 934 tuis,·
377 866 423 934 ut,
440 861 495 943 qui
510 883 579 925 uere
596 882 662 924 eom
676 861 860 942 punitricem
875 862 936 926 Dei
950 861 1116 940 credimus,
1133 867 1203 946 ejus
1217 868 1306 948 opud

213 961 242 1018 te
260 953 532 1018 intercessionibus
551 954 748 1033 adjuvemur.

252 1107 281 1169 A
302 1108 477 1173 Nativitate
497 1109 625 1170 Domini
645 1111 800 1189 usquead
820 1111 1095 1176 Purificationem:

253 1234 349 1308 Deus,
374 1236 428 1316 qui
448 1236 560 1299 solutis
583 1242 735 1307 aeternae,
759 1239 864 1302 beatae
886 1239 1007 1302 Mariae
1030 1239 1213 1321 uirpinitote
1234 1243 1301 1323 foe·

210 1329 313 1394 cunda
326 1331 462 1393 humano
478 1331 585 1410 penori
599 1330 739 1412 proemio
752 1331 941 1412 praestitisti
945 1354 958 1405 ;
975 1334 1086 1406 tribue,
1102 1355 1302 1415 quaesumus,

209 1428 246 1487 ut
259 1425 359 1506 ipsam
372 1445 430 1505 pro
445 1425 533 1488 nobis
547 1423 737 1488 intercedere
751 1426 934 1499 sentiamus,
949 1448 1006 1507 por
1019 1448 1111 1508 quom
1127 1428 1302 1492 meruimus

210 1523 368 1581 auctorem
383 1518 464 1580 uitae
479 1516 645 1599 suscipere,
661 1518 833 1582 Dominum
849 1524 992 1583 nostrum
1007 1521 1118 1583 des-um
1136 1522 1300 1586 Christum

210 1612 331 1675 Filium
350 1616 450 1674 tuum.

251 1767 303 1921 Ah
319 1764 543 1921 purificatione
581 1783 677 1845 usque
715 1763 756 1827 ad
794 1763 986 1842 Adventum,
1025 1766 1121 1830 etiam
1160 1773 1301 1850 tempore

208 1879 282 1942 poso
305 1878 364 1921 sl:

253 1984 393 2049 Concede
413 2005 469 2048 nos
489 1984 627 2066 famulos
649 1987 727 2056 tuos,
749 2004 936 2066 quaesumus
956 1986 1091 2053 Domine
1112 1988 1209 2064 Deus,
1229 2012 1300 2073 per·

209 2084 306 2162 petuo
324 2077 438 2142 mentis
458 2084 487 2142 et
508 2080 644 2160 corporis
663 2079 798 2141 sanitate
818 2080 969 2159 paudere:
989 2087 1019 2145 et
1038 2082 1173 2162 plurioso
1193 2085 1300 2147 beatae

209 2171 330 2237 Mariae
357 2194 480 2254 semper
512 2172 652 2253 Virpinis
680 2171 910 2246 intercessione,
939 2196 958 2237 a
986 2178 1143 2254 praesenti
1171 2175 1300 2240 liberari

210 2267 350 2340 tristitia,
367 2271 397 2330 et
411 2272 538 2330 aeterno
551 2267 676 2348 perfrui
691 2265 822 2330 taetitia.

251 2455 459 2536 Omnipotens
471 2455 659 2533 sempiterne
672 2452 775 2515 Deus:
789 2452 933 2517 miserere
943 2455 1064 2535 famulo
1080 2459 1133 2518 tuo
1147 2456 1299 2536 Pontifici

209 2555 314 2614 nostro
331 2550 364 2610 N
367 2598 384 2621 .,
402 2553 431 2612 et
449 2547 548 2628 diripe
566 2568 636 2610 eum
653 2547 825 2608 secundum
844 2551 929 2608 tuom
948 2548 1144 2611 clementiam
1162 2549 1197 2612 in
1214 2553 1298 2613 uiam

207 2645 320 2708 solutis
344 2648 506 2713 oeternoe;
530 2645 566 2703 ut
593 2645 621 2703 te
647 2640 783 2702 donanto
811 2639 869 2702 tibi
893 2641 1007 2722 piacita
1033 2643 1150 2723 cupiat,
1176 2647 1206 2706 et
1234 2649 1299 2707 toto

208 2738 325 2800 virtute
343 2735 494 2817 perficiat.

249 2830 344 2901 Deus,
359 2828 516 2908 resupium
531 2832 673 2889 nostrum
688 2832 717 2889 ct
732 2828 848 2889 uirtus:
860 2828 966 2891 odesto
980 2827 1041 2909 piis
1057 2828 1211 2893 Ecclesiae
1226 2835 1297 2893 tuoe

208 2926 360 3007 precibus,
374 2927 484 2984 ouctor
496 2922 561 3003 ipso
575 2920 712 3002 pietatis,
727 2926 756 2984 ct
769 2926 911 3002 proesto‚·
923 2927 959 2983 ut
973 2923 1055 3002 quod
1068 2922 1205 3001 fideliter
1216 2926 1297 3006 peti-

210 3039 287 3084 mus.
304 3017 466 3096 efficaciter
481 3036 714 3095 consequamur.

248 3110 455 3192 Omnipotens
469 3107 658 3190 sempiterne
675 3109 769 3179 Deris,
786 3110 953 3188 quisalius
970 3131 1076 3172 ornnes
1092 3115 1120 3172 et
1138 3109 1296 3174 nerninem

205 3208 252 3269 uis
275 3205 393 3287 perire:
416 3205 532 3285 respice
556 3203 597 3264 od
619 3202 740 3264 animos
765 3201 917 3263 diatrotico
937 3203 1050 3281 trucido
1075 3203 1236 3284 deceptos·
1260 3211 1295 3267 ut

205 3301 292 3364 arreni
306 3298 459 3362 diaeretica
473 3298 626 3378 pruuitute
641 3296 791 3376 deposita,
806 3294 979 3357 errantium
994 3297 1087 3359 cordo
1101 3296 1296 3377 resipiscunt,

206 3394 291 3456 etad
306 3391 447 3454 ueritatis
465 3395 533 3452 tuoe
551 3391 678 3452 roriconi
695 3388 874 3450 cirritotem.⁸

247 3485 454 3560 Omnipotens
469 3483 657 3566 sempiterne
673 3481 768 3555 Deus,
785 3483 839 3564 prii
854 3481 994 3543 ciuomrm
1012 3484 1183 3545 dominaris
1199 3483 1296 3546 simut

205 3586 235 3644 et
256 3584 460 3650 mortuorum,
481 3576 683 3657 omniumque
705 3574 868 3646 misereris,
890 3596 964 3656 pisos
987 3581 1054 3637 tuos
1072 3576 1133 3654 fido
1154 3581 1183 3638 st
1204 3599 1295 3656 opere

203 3677 330 3757 tuturos
347 3694 409 3737 esse
427 3672 620 3753 praenoscis:
638 3675 667 3732 te
683 3670 839 3749 supptices
858 3690 1038 3741 oraremus·
1056 3674 1091 3751 ut
1109 3690 1163 3749 pro
1183 3670 1295 3750 arcitus

205 3769 363 3848 effundere
387 3788 491 3848 preces
515 3762 716 3833 decrevimus,
741 3783 874 3842 pinosque
898 3765 945 3824 set
968 3784 1112 3843 promens
1134 3765 1294 3826 saeculnm

203 3863 305 3924 adimo
322 3861 355 3922 in
372 3881 461 3921 corno
479 3858 602 3923 retinet.
622 3858 667 3917 rot
682 3858 825 3935 intimum
843 3855 906 3933 jum
927 3860 1035 3918 ocutos
1052 3878 1176 3936 corporo
1192 3878 1294 3921 susce·

201 3956 260 4038 pit,
274 3952 539 4016 intercedentibus
553 3950 697 4012 omnibus
712 3949 837 4009 Nicerotis
852 3948 923 4012 tuis.
938 3949 1065 4028 pictatis
1078 3954 1149 4011 tuoe
1164 3949 1297 4012 clemon-

205 4051 249 4111 tio
272 4046 411 4110 omnium
439 4044 620 4106 delictorum
648 4063 772 4102 snorum
801 4040 919 4102 rursiam
948 4046 1186 4121 corescquontur.
1232 4045 1297 4107 Por

203 4141 375 4203 Dominum
393 4143 531 4201 nostrum
548 4138 656 4197 desum
676 4135 846 4198 Christian,
863 4132 979 4192 Filium
999 4140 1105 4195 tenura:
1121 4134 1174 4215 qni
1191 4140 1292 4200 tccum

203 4235 280 4298 vivit
305 4238 333 4295 et
358 4235 466 4310 repunt
490 4231 521 4290 in
547 4227 669 4289 virtitute
694 4224 833 4307 spiritns
857 4226 967 4287 sinen?
990 4226 1085 4297 Deus,
1109 4249 1165 4308 per
1186 4233 1294 4296 omnia

203 4328 325 4390 saecuto
340 4325 544 4387 soeculorum.

246 4420 282 4484 R.
325 4418 437 4479 Arinen.

634 4555 729 4605 ⁸0rd.
751 4555 822 4605 Bait.
844 4553 957 4619 approb.
