2804 4890
149 712 190 780 88
434 720 552 780 arnus
578 720 725 781 masan
749 718 960 782 rmvaran.

151 918 248 980 usque
269 897 310 961 ad
330 894 426 961 finem
447 896 561 959 Missae
583 896 617 957 in
639 895 741 960 medio
763 895 883 958 Altaria
903 893 1036 959 dicenda
1057 897 1143 971 sunt,
1165 893 1246 960 dicit

152 992 268 1054 ibidem
284 995 370 1052 stans
384 1010 489 1052 versus
505 989 543 1051 ad
559 988 679 1065 Altare,
693 990 756 1051 nisi
771 990 825 1050 ubi
841 990 934 1052 aliter
948 987 1145 1053 ordinatur.”

194 1087 223 1148 2.
246 1083 360 1145 “Dicto
385 1083 563 1159 Offertorio,
586 1083 774 1163 discooperit
796 1081 955 1158 calicem,''
977 1102 1089 1163 nempe
1111 1087 1246 1162 utraque

151 1199 249 1240 manu
272 1178 375 1239 velum
397 1181 520 1239 amovet
541 1181 572 1239 et
593 1176 701 1257 plicat,
724 1177 770 1239 ita
791 1181 828 1239 ut
850 1196 923 1257 pars
945 1176 1081 1239 exterior
1102 1175 1169 1238 sola
1191 1194 1245 1256 ap

152 1277 270 1353 pareat,
292 1270 433 1350 illudque
455 1272 488 1331 in
510 1291 606 1333 cornu
629 1269 790 1350 Epistolae
810 1289 907 1350 prope
928 1270 1087 1350 corporale
1109 1270 1245 1350 reponit,

152 1367 199 1430 vel
224 1366 371 1427 ministro
394 1363 577 1445 plicandum
599 1364 744 1444 pracbet;
769 1368 837 1424 tum
863 1363 992 1426 sinistra
1016 1383 1111 1443 snper
1134 1364 1246 1425 Altare

149 1460 261 1540 posita,
275 1460 384 1521 dextra
397 1458 524 1519 calicem
537 1457 576 1519 ad
588 1457 707 1520 nodum
721 1459 845 1536 accipit,
857 1459 909 1519 “et
921 1457 959 1518 ad
973 1476 1071 1519 cornu
1085 1455 1247 1537 Epistolae

153 1552 258 1615 sistit'’
271 1558 360 1616 extra
372 1552 541 1631 corporale,
555 1552 607 1613 “et
618 1571 712 1612 mauu
728 1551 837 1613 dextra
851 1555 973 1614 amovet
985 1570 1114 1632 parvam
1127 1550 1246 1631 pallam

154 1647 287 1726 desuper
306 1645 472 1719 bostiam,''
493 1646 643 1725 ponitque
662 1665 755 1725 super
776 1645 877 1705 velum
899 1645 944 1705 vel
967 1650 1076 1706 mntra
1095 1643 1179 1706 latus
1201 1648 1246 1705 ta-

153 1741 261 1817 bellae,
278 1741 412 1821 “accipit
429 1745 575 1820 patenam
592 1760 664 1802 eum
679 1739 802 1803 hostia’'
820 1740 903 1803 inter
920 1740 1065 1821 pollicem
1082 1743 1115 1803 et
1131 1739 1249 1821 digitos

154 1833 281 1896 dextrae
303 1853 430 1912 eamque
452 1832 543 1894 affert
565 1852 661 1911 usque
684 1833 722 1893 ad
744 1832 884 1894 medium
906 1831 1086 1912 corporalis,
1107 1834 1159 1893 “et
1182 1850 1247 1892 am·

154 1926 250 1988 babus
272 1924 437 1987 manibus''
459 1929 591 2006 utroque
614 1925 725 2005 pollice
746 1931 778 1988 et
799 1924 903 1988 indice
925 1925 1061 1987 extensis
1082 1924 1165 1986 eirca
1187 1923 1248 1986 cir·

154 2020 396 2083 cumierentiam
411 2025 552 2099 patenae,
566 2019 694 2098 reliquis
709 2018 819 2097 digitis
834 2019 941 2081 subter
954 2022 1102 2099 patenam
1115 2017 1248 2097 junctis,

155 2115 273 2194 “usque
303 2112 342 2174 ad
374 2117 481 2192 peetus
512 2132 580 2174 eam
611 2112 761 2173 elevatam
793 2118 912 2188 tenens,
943 2112 1041 2174 oculis
1071 2111 1111 2173 ad
1143 2111 1246 2174 Deum

156 2207 282 2270 elevatis
309 2211 340 2270 ct
368 2208 476 2268 statim
503 2205 646 2268 demissis
674 2205 752 2267 dicit
784 2204 954 2285 [secreto]:
982 2205 1113 2286 Suscipe
1140 2210 1248 2269 sancte

155 2301 260 2373 Pater,
275 2299 354 2363 etc.''

198 2399 226 2456 3.
249 2396 339 2469 “Quo
369 2394 464 2467 dieto,
494 2398 640 2472 patenam
670 2397 801 2472 utraque
831 2413 927 2453 mauu
958 2391 1088 2454 tenens”
1118 2413 1248 2473 eamque

156 2488 321 2570 paululum
338 2487 530 2561 demittens,¹
548 2487 640 2546 “cum
656 2506 692 2547 ea
709 2486 787 2547 facit
802 2486 929 2565 signum
945 2485 1056 2547 Crucis
1072 2507 1167 2567 super
1183 2507 1248 2549 cor·

157 2581 291 2663 porale,'’
306 2601 418 2661 nempe
432 2600 525 2660 super
539 2581 608 2657 ejus
623 2581 811 2641 anteriorem
826 2585 948 2660 partem
964 2581 995 2641 in
1012 2601 1071 2660 qua
1087 2581 1248 2660 positurus

156 2680 203 2739 est
220 2675 355 2738 hostiam
375 2676 427 2737 “ct
446 2674 575 2753 deponit
593 2672 748 2734 hostiam''
766 2693 804 2735 ex
823 2673 988 2753 posteriori
1008 2679 1098 2754 parte
1117 2678 1249 2754 patenae

157 2770 261 2831 “circa
284 2768 423 2830 medium
447 2767 612 2829 anterioris
635 2769 735 2846 partis
759 2766 928 2847 corporalis
952 2772 1026 2829 ante
1049 2765 1112 2843 se,’'
1136 2787 1249 2848 nempe

158 2862 223 2925 fere
246 2862 285 2923 ad
307 2863 441 2942 primam
464 2862 532 2940 ejus
556 2860 742 2940 plicaturam
765 2880 858 2940 super
880 2860 1019 2941 lapidem
1040 2881 1175 2936 sacrum,
1196 2862 1250 2924 “et

158 2962 304 3037 patenam
318 2955 356 3016 ad
372 2975 500 3015 manum
515 2954 656 3015 dextram
670 2953 923 3032 aliquantulum'’
937 2955 1087 3033 usquead
1101 2955 1250 3017 medieta-

159 3055 222 3112 tem
240 3050 330 3128 ponit
348 3048 477 3107 “subtus
496 3047 653 3126 corporale
663 3067 672 3122 ;
690 3066 783 3126 quam
801 3051 922 3111 exterso
939 3048 1044 3124 calice,
1061 3053 1098 3110 ut
1117 3049 1251 3125 dicetur,

158 3143 296 3222 cooperit
314 3140 559 3221 purifieatorio.''

200 3240 230 3296 4.
253 3232 416 3296 “Deinde’'
437 3254 455 3295 a
477 3234 578 3296 medio
600 3234 719 3295 Altaris
741 3233 909 3309 recedens,²
930 3237 984 3296 “in
1006 3257 1103 3298 cornu
1125 3237 1250 3317 Episto

159 3329 207 3392 lae
223 3329 337 3409 accipit
353 3327 502 3390 (·alieem''
518 3348 613 3388 manu
630 3329 757 3390 sinistra
773 3328 812 3390 ad
830 3328 958 3404 nodum,
975 3329 1117 3410 deposito
1132 3330 1250 3395 cochle

161 3426 206 3485 ari
230 3444 334 3504 parvo,
357 3423 382 3485 si
406 3421 498 3493 adsit,
521 3442 614 3501 super
637 3422 769 3489 liltore.3
794 3423 1029 3501 “purificatorio
1052 3425 1197 3503 extergit,
1220 3429 1251 3487 et

160 3519 288 3579 sinistra
305 3522 414 3579 teneus
431 3517 516 3578 illius
532 3514 671 3576 nodum''
688 3537 723 3577 ac
740 3516 833 3576 simul
852 3516 963 3596 pollice
979 3516 1121 3594 ejusdem
1139 3537 1252 3579 manns

160 3611 410 3692 purificatorium
430 3612 473 3672 ita
491 3616 527 3671 ut
544 3630 638 3689 supra
655 3609 763 3688 pedem
782 3608 888 3670 calicis
905 3610 1079 3689 dependeat
1095 3616 1127 3673 et
1144 3617 1251 3691 guttas

160 3706 225 3766 uini
242 3706 288 3768 vol
301 3725 398 3784 aquae
414 3706 495 3766 forle
511 3704 705 3764 destillantes
719 3703 865 3782 excipiat,
880 3724 974 3764 manu
991 3704 1101 3766 (lextra
1116 3706 1252 3786 “accipit

161 3798 334 3879 ampullam
349 3799 413 3859 vini
431 3798 469 3859 dc
483 3817 577 3857 uranu
595 3797 733 3856 ministri
754 3797 822 3875 (qui
839 3798 998 3858 oseulatur
1014 3799 1113 3877 ipsam
1129 3799 1252 3880 ampul-

162 3893 234 3968 lam,
264 3912 328 3955 non
357 3898 461 3953 autem
492 3911 621 3951 manum
652 3889 861 3961 Celebrautisl
897 3896 927 3952 et
957 3892 1047 3971 ponit
1078 3893 1185 3956 vinum
1218 3894 1251 3957 iu

162 3986 299 4049 calicem.
357 3984 478 4048 Deinde
514 3983 621 4046 eodem
659 3981 750 4046 modo
786 3988 895 4045 teneus
931 3983 1069 4061 calicem,
1105 3986 1253 4067 producit

198 4126 361 4175 ¹Auctores
384 4123 568 4173 communiter.
736 4120 873 4172 Diaconos
904 4123 960 4173 slve
994 4121 1192 4188 Subdiaeonua,
1224 4127 1255 4174 ut

197 4200 261 4254 ²V.
279 4215 306 4253 n
323 4201 365 4252 40.
384 4215 406 4252 r.
735 4205 880 4263 praeparet
907 4200 1017 4250 calicem
1043 4204 1071 4251 et
1099 4201 1188 4267 ipsum
1213 4216 1254 4253 ax·

198 4277 395 4340 ³Usunporui
411 4276 558 4326 cochlearis
575 4281 683 4325 nonest
736 4281 826 4337 tergat
858 4276 885 4324 in
916 4276 968 4327 tine
999 4280 1062 4342 post
1092 4277 1254 4341 ablutiones,

162 4354 324 4418 prohibitus.
344 4353 377 4403 D.
397 4353 472 4402 3064.
492 4353 516 4402 4.
536 4352 599 4400 “In
619 4352 682 4401 biis·
735 4353 805 4401 sicut
842 4352 870 4400 in
908 4351 995 4403 Missa
1031 4352 1177 4405 solamnt.”
1222 4352 1255 4407 D.

162 4430 200 4480 sis
225 4430 342 4497 privatis
366 4429 489 4495 permitti
515 4444 567 4477 non
593 4433 682 4492 potest
732 4429 807 4477 2572.
828 4430 851 4477 6.

163 4507 296 4572 ministro,
321 4506 346 4558 si
372 4505 458 4556 tuerit
485 4504 616 4554 Sacerdos
642 4506 683 4555 vel
