2804 4890
168 615 229 677 244
363 622 417 680 DE
439 624 567 679 SENSU
590 622 775 678 LITERALI
801 621 850 676 ΕΤ
872 620 1061 677 MYS'I'ICO.

214 801 243 859 4.
267 796 478 859 Incensantur
496 794 570 856 dein
591 798 714 875 praeter
735 793 845 855 Altare
865 792 961 854 etiam
983 791 1145 872 Reliquiae
1168 790 1263 853 Sanc·

172 894 279 953 torum
312 890 339 951 si
371 889 487 964 adsint,
520 888 648 950 tandem
682 886 859 961 Celebrans,
893 885 1013 960 Clarus,
1047 884 1192 966 populus,
1227 889 1265 946 ut

173 984 273 1047 oratio
295 984 483 1045 Sanctorum
503 982 597 1044 simul
617 1001 689 1042 cum
710 980 904 1043 Celebrantis
923 983 955 1043 et
975 980 1117 1040 omnium
1138 979 1263 1041 adstan-

173 1078 255 1141 tium
273 1077 443 1155 conjuncta
460 1076 606 1138 ascendat
624 1076 710 1136 “sicu
744 1076 904 1135 incensum
925 1074 958 1134 in
977 1078 1144 1153 conspectu
1162 1072 1263 1152 ejus,”

173 1177 205 1235 et
218 1170 385 1234 descendat
399 1190 492 1251 super
506 1191 613 1232 omnes
626 1170 724 1230 bonus
738 1170 814 1231 odor
827 1169 956 1249 gratiae.
1001 1169 1077 1231 “Fit
1091 1169 1264 1231 incensatio

173 1266 213 1329 ad
232 1264 528 1346 repraesentandum
547 1263 662 1327 bonnm
681 1264 826 1326 effectum
844 1264 974 1344 gratiae,
992 1263 1066 1343 quia
1084 1263 1165 1325 sicut
1183 1263 1263 1324 bono

173 1359 266 1423 odore
286 1359 431 1421 Christus
449 1359 560 1438 plenus
579 1358 654 1434 fuit,
673 1358 718 1418 ita
736 1378 754 1419 a
774 1357 900 1420 Christo
919 1357 1080 1419 derivatur
1098 1357 1138 1418 ad
1158 1355 1264 1418 fideles

173 1452 345 1514 secundum
363 1451 442 1513 illud
459 1454 477 1511 2
496 1451 565 1512 Cor.
585 1454 613 1525 2,
632 1455 670 1511 14
688 1453 813 1515 oderem
832 1451 962 1513 notitiae
979 1472 1052 1514 satae
1069 1451 1189 1531 spargit
1207 1471 1264 1530 per

173 1566 230 1609 nos
252 1545 287 1608 in
311 1545 473 1617 omnibus;
496 1549 528 1608 et
550 1545 619 1606 ideo
644 1545 823 1607 thurificato
847 1545 986 1625 undique
1010 1544 1125 1619 Altari,
1149 1544 1262 1606 caeteri

171 1641 396 1704 thurificantur
411 1660 467 1720 per
481 1639 682 1704 ordinem.'’¹⁸
710 1640 813 1701 Verba
829 1641 1073 1702 concomitantia
1089 1639 1265 1718 Diripatar.

173 1736 231 1795 etc.
253 1732 306 1809 (ex
322 1731 372 1793 Ps.
390 1733 465 1809 140)
486 1732 669 1794 referuntur
682 1731 721 1792 ad
736 1730 925 1793 sacrificium
941 1731 1058 1793 incensi
1075 1730 1157 1810 quod
1172 1750 1264 1791 mane

174 1829 206 1888 et
220 1845 344 1906 vespere
360 1825 394 1886 in
412 1825 528 1905 templo
544 1823 742 1899 offerebatur,
759 1829 851 1904 atque
867 1825 918 1886 hic
933 1825 1115 1905 exprimunt
1132 1824 1263 1903 disposi-

174 1920 294 1982 tionem
317 1923 349 1982 et
372 1918 502 1980 affectus
531 1918 650 1996 (cordis
674 1924 706 1980 et
729 1918 802 1994 oris,
828 1917 999 1997 labiorum)
1029 1938 1086 1999 pro
1111 1916 1264 1979 sacrificio

174 2012 350 2094 requisitos.

218 2211 287 2277 141.
309 2212 400 2277 Latio
418 2231 578 2290 manuum,
600 2215 619 2276 i.
640 2236 665 2277 e.
685 2215 894 2277 extremitatis
914 2214 1087 2294 digitorum
1106 2213 1265 2294 significat

174 2311 365 2373 munditiem
391 2332 409 2373 a
434 2311 591 2372 levissima
617 2331 737 2390 quoque
763 2310 863 2389 culpa.
934 2310 1085 2372 “Ablutio
1112 2330 1264 2371 manuum

175 2405 289 2467 sufficit
306 2405 345 2466 ad
363 2404 606 2484 significandum
623 2406 794 2484 perfactam
814 2404 1070 2476 mundationem3
1089 2425 1160 2464 cum
1179 2404 1265 2465 enim

175 2519 287 2560 manus
315 2500 356 2559 sit
383 2518 535 2575 organum
563 2518 763 2576 organorum,
792 2498 896 2558 onmia
924 2518 1018 2576 opera
1045 2498 1265 2559 attribuuntur

176 2589 379 2652 manibus.'’¹⁹
425 2591 459 2652 Si
488 2612 558 2651 vcro
589 2591 759 2651 incensatio
789 2590 873 2651 lacta
901 2589 1009 2663 fucrit,
1040 2590 1188 2651 Sacerdos
1217 2590 1264 2648 in-

178 2691 280 2765 tegras
311 2706 422 2746 manus
453 2684 555 2758 lavat3
587 2690 661 2746 tunc
693 2685 777 2747 enim
810 2683 965 2763 praevalet
998 2685 1077 2747 ratio
1108 2685 1264 2763 perlectae

176 2777 362 2853 munditiae,
387 2783 423 2840 ut
447 2798 558 2838 manus
584 2777 703 2840 Christi
730 2778 849 2857 Crispus
875 2798 947 2839 mox
973 2784 1112 2840 tacturae
1136 2778 1265 2838 omnino

175 2871 371 2932 mundentur
389 2892 407 2931 a
425 2871 551 2950 pulvere
570 2876 600 2932 et
619 2872 708 2931 fumo
729 2872 760 2931 in
782 2872 1014 2932 thurificatione
1032 2876 1201 2932 contracte.

219 2966 247 3024 2.
272 2963 420 3025 Oratione
446 2963 576 3044 Suscipe
603 2965 720 3026 Sancto
748 2964 888 3026 Trinitas
915 2964 996 3027 dona
1022 2964 1172 3027 sacranda
1200 2964 1264 3025 Deo

176 3057 261 3119 trino
282 3056 542 3119 commendantur
562 3058 765 3137 exprimendo
787 3057 882 3119 finem
904 3058 942 3119 ob
964 3078 1055 3136 quem
1077 3059 1263 3120 offeruntur.

176 3149 315 3211 Ecclesia
335 3150 450 3211 Graeca
471 3156 692 3212 commemorat
714 3150 969 3211 Incarnationem
990 3170 1119 3230 quoqne,
1143 3151 1264 3212 Nativi-

176 3246 272 3307 tatem
294 3243 433 3319 Domini,
454 3243 636 3305 Adventum
657 3244 796 3323 Spiritus
817 3244 935 3317 sancti3
957 3244 1102 3323 Litnrgie
1125 3245 1265 3306 Romana

175 3337 370 3401 solummodo
390 3339 458 3417 ejus
481 3338 671 3414 Passionem,
692 3339 960 3400 Resurrectionem
982 3343 1012 3400 et
1034 3341 1264 3412 decensionem,

175 3433 288 3512 quibus
316 3433 474 3512 mysteriis
502 3434 686 3513 praecipuae
715 3432 859 3493 sacrificii
888 3436 1002 3512 partes,
1032 3432 1205 3495 imnmlatio
1233 3435 1265 3494 et

176 3527 320 3588 victimae
340 3528 537 3606 consumptio
557 3527 674 3606 optime
695 3530 977 3606 repraesentantur.
1022 3526 1081 3586 “In
1103 3526 1264 3588 sacrificiis

173 3621 317 3684 Judaicis
335 3622 568 3684 sacrificabatur
586 3622 723 3696 victima,
741 3622 869 3700 ejusque
887 3622 1014 3699 sanguis
1032 3621 1148 3682 circum
1167 3622 1266 3683 altare

175 3714 395 3795 spargebatur:
423 3713 456 3774 in
482 3713 563 3791 Lege
589 3733 666 3773 nova
693 3719 800 3774 nostra
826 3712 890 3775 fnit
917 3713 1044 3775 victima
1069 3717 1204 3775 mactata
1230 3714 1263 3773 in

176 3808 286 3881 Cruce,
310 3807 362 3868 ubi
387 3829 418 3871 se
442 3808 507 3887 ipse
532 3807 676 3867 Christus
700 3806 816 3868 obtulit
839 3806 927 3867 Patri
955 3808 987 3868 in
1012 3812 1188 3869 nostrorum
1213 3828 1263 3870 ex-

175 3901 347 3981 piationem
378 3906 586 3982 peccatorum,
619 3921 770 3980 suumque
805 3900 996 3979 Sanguinem
1031 3901 1114 3962 ludit
1145 3902 1262 3962 circum

175 3995 295 4065 Altare,
319 4015 392 4056 cum
417 4015 539 4056 sacrum
566 3995 634 4071 ejus
661 3995 742 4056 latus
768 3995 874 4056 lancea
901 3995 1085 4056 transfixum
1113 4000 1167 4056 est.
1223 3995 1263 4055 In

175 4088 336 4149 sacrificiis
352 4088 375 4149 J
378 4088 496 4151 udaieis
514 4089 640 4149 victima
659 4088 881 4150 incendebatur
897 4109 990 4167 super
1006 4090 1104 4151 altare
1122 4089 1264 4151 holocau-

172 4189 304 4257 storum,
321 4190 357 4245 nt
375 4183 526 4263 quidquid
547 4184 578 4243 in
596 4205 629 4246 ea
649 4185 716 4244 vitii
733 4189 822 4257 esset,
840 4183 975 4245 fiammis
993 4186 1217 4256 absumeretur,
1236 4191 1265 4248 et

176 4273 283 4335 fumus
308 4274 345 4334 ad
373 4273 492 4335 coelum
518 4273 681 4337 tolleretur
706 4276 739 4336 in
766 4277 889 4338 oderem
915 4274 1090 4347 suavitatis,
1117 4281 1153 4337 ut
1178 4296 1264 4338 sacra

210 4465 236 4500 ¹⁸
255 4460 282 4512 S.
301 4459 393 4512 l'hom.
412 4461 435 4511 3.
453 4476 477 4527 q.
496 4461 537 4523 83,
555 4477 580 4511 a.
598 4463 621 4512 5.
781 4465 807 4502 1⁹
826 4459 853 4512 S.
872 4460 965 4514 Thom.
