2804 4890
436 733 521 790 APP.
546 731 588 789 11.
628 729 682 787 DE
706 724 926 785 MANIPULO.
1170 708 1230 774 557

138 886 390 1016 responqlqndum
414 889 553 953 censuit:
579 888 695 953 “Posse
719 889 767 948 uti
792 884 919 967 cingulo
943 884 1044 949 colore
1068 897 1231 963 paramen-

138 985 416 1159 tordimtlingulum,
443 1075 516 1156 quia
544 1073 681 1155 pertinet
705 1073 745 1137 ad
771 1072 886 1134 Albam
913 1076 1073 1151 tamquam
1099 1085 1231 1131 accesso·

138 1169 221 1229 rium
238 1167 381 1250 ejusdem
400 1168 448 1232 vel
467 1170 533 1232 iere
552 1167 693 1248 ejusdem
712 1163 912 1246 antiquitatis
931 1168 979 1227 est
996 1184 1031 1226 ae
1051 1160 1133 1225 Alba
1153 1160 1230 1240 ipsa.

137 1262 212 1323 dam
227 1261 312 1342 apud
328 1261 473 1342 antiquos
489 1261 645 1323 Romanos
661 1279 728 1321 mos
745 1259 869 1340 vigebat
884 1256 1055 1321 adhibendi
1070 1253 1232 1318 cordulam

137 1353 305 1435 quandam,
325 1373 386 1435 qua
405 1352 512 1415 tunica
531 1357 604 1433 apte
623 1353 825 1432 cingeretur.4

178 1451 208 1509 4.
232 1445 324 1510 Circa
342 1448 500 1509 saeculum
518 1446 584 1508 fere
604 1446 664 1508 IX.
682 1445 846 1526 cingulum
866 1445 951 1507 velut
968 1443 1120 1506 distincta
1138 1440 1232 1504 vestis

137 1558 224 1602 sacra
243 1539 291 1602 vel
310 1539 460 1619 liturgica
479 1540 513 1600 in
535 1538 654 1601 Ordine
676 1539 816 1601 Romano
838 1542 1049 1602 enumeratur.
1094 1536 1232 1598 Ornatus

137 1631 278 1695 diversus
301 1631 433 1694 decursu
458 1632 608 1711 temporis
631 1629 788 1712 aliquibus
813 1631 889 1695 locis
913 1629 1134 1710 superadditus
1157 1627 1231 1688 tuit.

138 1725 189 1786 lta
206 1726 240 1786 in
258 1729 347 1806 parte
364 1723 474 1788 infima
493 1722 593 1788 floeei⁵
613 1723 675 1786 tilis
693 1724 796 1787 aureis
815 1725 942 1803 insuper
960 1722 1097 1784 contexti
1116 1719 1232 1802 apponi

137 1816 286 1880 solebant.

181 1914 208 1972 5.
233 1909 411 1989 Symbolica
427 1908 626 1990 significatio,
643 1930 721 1990 quae
738 1909 831 1974 hodie
847 1910 957 1971 saltem
976 1906 1111 1988 Cingulo
1127 1906 1233 1982 datur,

138 2007 185 2063 est
203 2001 294 2064 haec:
315 2001 488 2082 Cingulum
507 2008 613 2066 monet
633 2001 834 2078 sacerdotem,
854 2008 891 2063 nt
910 2001 1067 2064 custodiat
1085 2000 1233 2080 seipsum,

139 2094 322 2174 praesertim
342 2094 443 2174 quoad
463 2094 670 2174 cupiditatem
688 2095 800 2157 earnis.
843 2094 952 2156 Oratio
971 2095 1163 2174 “Praecinge
1182 2112 1233 2155 me

138 2185 227 2262 ete.,’'
255 2205 332 2266 quae
361 2187 512 2250 recitatur
537 2186 661 2267 quando
689 2176 853 2266 cingulum
881 2187 1062 2262 assumitur,
1090 2186 1123 2249 id
1150 2185 1232 2249 clare

139 2279 268 2343 indicat.

576 2463 691 2533 Anu.
715 2462 781 2537 IV.

545 2645 595 2696 DE
615 2646 825 2698 MANIPULO.

181 2816 251 2881 841.
274 2815 460 2899 Manipulus
476 2821 524 2882 est
541 2816 648 2895 fascia,
666 2839 744 2899 quae
762 2817 937 2898 imponitur
954 2818 1080 2882 brachio
1095 2817 1233 2882 sinistro.

141 2911 254 2974 Paucis
272 2912 438 2976 dumtaxat
456 2910 578 2974 casibus
594 2911 732 2991 exeeptis
750 2912 834 2974 intra
854 2912 984 2974 Missam
1004 2911 1101 2974 solam
1121 2917 1152 2976 et
1171 2932 1234 2974 non

141 3006 173 3066 in
195 3006 266 3067 aliis
286 3005 503 3068 functionibus
524 3008 675 3084 gestatur.

183 3100 211 3160 2.
235 3098 274 3158 In
302 3098 445 3160 inferiori
471 3101 559 3178 parte
585 3118 697 3178 parvae
721 3118 826 3161 eruces
852 3099 935 3179 affigi
961 3098 1072 3176 solent,
1099 3101 1174 3163 item
1201 3099 1235 3162 in

140 3194 228 3270 parte
247 3190 411 3269 superiori,
432 3210 524 3270 quam
545 3191 690 3253 minister
709 3210 868 3254 assumens
887 3193 933 3254 vel
953 3192 1110 3272 deponens
1132 3193 1235 3255 Mani-

142 3282 251 3361 pulum
274 3283 403 3360 jubetur
424 3282 567 3345 osculari.
613 3282 706 3345 Color
727 3289 774 3346 est
797 3283 879 3345 idem
903 3305 938 3345 ac
961 3284 1114 3365 planetae.
1159 3283 1235 3365 Epi-

141 3393 252 3453 scopus
278 3375 411 3435 assumit
439 3373 639 3453 Manipulum
666 3394 771 3436 coram
798 3375 890 3437 altari
917 3377 956 3438 ad
984 3376 1075 3439 verba
1103 3376 1235 3438 “Indul-

141 3467 280 3546 gentiam
295 3465 384 3542 ete.,''
399 3464 539 3528 sacerdos
551 3485 623 3528 eum
638 3465 697 3527 sibi
713 3467 847 3546 imponit
861 3473 934 3530 ante
949 3467 1072 3541 stolam,
1086 3470 1236 3531 diaeonus

141 3564 174 3622 et
193 3559 410 3634 subdiaconus,
430 3561 594 3639 postquam
616 3557 785 3622 dalmatica
805 3562 851 3623 uel
872 3561 1021 3622 tunicella
1041 3563 1107 3639 jam
1131 3560 1235 3624 induti

142 3659 267 3715 suntet
288 3652 495 3714 celebrantem
517 3652 549 3713 in
570 3649 765 3714 assumendis
785 3651 921 3714 uestibus
941 3654 1132 3732 adjuverint

185 3750 213 3808 3.
235 3743 418 3825 Manipulus
438 3747 616 3825 gestatura
637 3742 711 3806 solis
731 3742 852 3807 clericis
875 3745 905 3806 in
925 3745 1089 3807 ordinibus
1109 3746 1236 3825 majori·

143 3839 200 3901 bus
221 3839 411 3901 constitutis.
469 3837 645 3913 Minorista,
677 3837 731 3917 qui
763 3857 819 3918 per
850 3840 1062 3917 exceptionem
1098 3840 1129 3901 in
1164 3859 1237 3901 casu

143 3932 336 3994 necessitatis
356 3929 503 4011 fungitur
520 3930 619 3994 officio
639 3929 840 3999 Subdiaroni,
859 3930 1052 4011 prohibetur,
1070 3934 1237 4012 quominus

145 4024 345 4105 Manipulum
366 4026 479 4104 portet,
502 4023 580 4085 alias
604 4021 785 4102 irregularis
808 4023 904 4086 fieret.

176 4150 231 4202 aD.
255 4152 331 4204 2194.
718 4154 878 4219 liturgiaehe
909 4156 1021 4210 Guertel
1051 4160 1122 4211 naeb
1152 4176 1236 4213 roem·

176 4227 257 4280 ⁴Das
280 4229 426 4281 roemische
449 4228 594 4295 Cingulum
617 4231 665 4282 des
716 4230 814 4281 isebem
837 4230 980 4284 Gebrauch
1002 4238 1071 4287 stota
1092 4237 1137 4288 ein
1159 4238 1237 4290 Band

142 4303 346 4370 Alltagslebena
366 4306 482 4357 beatand
504 4306 540 4356 im
560 4307 663 4373 Gegen·
713 4307 778 4357 oder
821 4307 881 4361 eino
926 4308 1030 4361 Schnur
1074 4314 1234 4378 dargestellt

142 4384 201 4432 sata
229 4397 288 4431 zum
316 4381 587 4448 Soldatencingnlnm
614 4397 665 4434 aua
715 4382 811 4434 haben.
851 4382 967 4448 (Brenn,
983 4385 1093 4440 Handb.
1111 4390 1137 4440 d.
1154 4390 1237 4443 Para·

141 4458 216 4509 einer
251 4458 358 4509 Scbnur
393 4460 458 4510 oder
492 4473 543 4511 aus
576 4459 664 4513 einem
716 4459 826 4523 mentilq
845 4475 871 4524 p.
894 4462 966 4524 100.)

143 4533 247 4598 Bande,
276 4535 332 4586 und
361 4547 391 4586 ao
419 4535 488 4588 wird
517 4536 586 4588 auch
616 4536 664 4587 der
752 4535 890 4590 ⁶'l'assela
