2804 4890
320 709 374 764 DE
396 709 541 764 ALTARI
566 711 745 780 EJUSQUE
768 714 1040 774 ORNAMENTIS.
1187 710 1225 773 15

136 888 211 958 tare,
229 887 294 944 tam
312 882 411 943 fixum
430 902 523 963 quam
542 883 689 964 portatile
709 905 763 965 per
783 886 956 948 fracturam
977 889 1155 966 notabilem,
1174 890 1221 954 vel

136 977 259 1058 quando
302 976 458 1038 dividitur
500 978 547 1039 vel
592 982 756 1057 separatur
798 1000 879 1060 pars,
924 1001 1001 1060 quae
1045 1002 1141 1045 unam
1184 1005 1221 1046 ex

135 1072 271 1151 quinque
285 1070 437 1132 Crucibus
451 1070 628 1150 specialiter
641 1073 781 1134 inunctis
794 1075 953 1149 continet;
967 1094 1022 1154 per
1034 1076 1220 1139 fractionem

134 1163 290 1245 sepulchri
323 1164 369 1226 rol
405 1164 553 1245 operculi,
587 1185 643 1247 per
677 1167 909 1230 renovationem
946 1169 1222 1250 Reliquiarum3—

133 1258 229 1322 etiam
257 1277 313 1339 per
340 1262 467 1322 tenuem
496 1259 672 1335 scissuram,
702 1280 779 1341 quae
808 1281 862 1342 per
892 1262 1032 1324 medium
1062 1264 1220 1345 integrum

134 1351 270 1433 lapidem
296 1353 510 1433 (portatilem)
536 1353 575 1415 ad
596 1355 696 1415 instar
715 1354 761 1416 fili
780 1355 930 1430 decurrit,
951 1357 1025 1421 licet
1043 1377 1099 1421 uec
1119 1359 1220 1439 scpul-

132 1447 243 1508 chrum
264 1447 363 1509 fuerit
383 1446 534 1509 violatum
554 1467 611 1509 nec
631 1449 767 1511 enormis
787 1448 928 1512 fractura
949 1450 1068 1514 adsit¹²
1112 1451 1221 1514 Altare

134 1540 231 1602 fixum
252 1546 415 1603 execratur
437 1560 557 1621 quoque
579 1560 635 1620 per
655 1542 845 1605 amotionem
869 1543 995 1607 Mensae
1017 1565 1036 1608 a
1058 1545 1134 1621 basi,
1157 1545 1220 1607 nisi

134 1635 293 1715 integrum
314 1633 424 1697 Altare
444 1635 512 1697 sine
532 1634 689 1697 amotione
711 1635 749 1697 ab
772 1635 917 1700 inferiori
938 1641 1097 1700 structura
1119 1643 1220 1700 trans·

133 1728 292 1790 feratur.¹³

176 1825 202 1882 6.
226 1820 402 1884 “Convenit
425 1826 463 1885 ut
489 1821 523 1883 in
549 1821 688 1884 Ecclesia
712 1822 907 1887 solummodo
932 1823 1095 1887 benedicta
1119 1845 1219 1888 unum

132 1915 242 1977 saltem
264 1914 362 1977 altare
384 1915 441 1978 hoc
463 1914 554 1976 modo
575 1916 715 1994 erigatur
741 1915 823 1996 [scil.
846 1917 885 1979 ad
908 1917 1036 1980 modum
1059 1918 1114 1980 fixi
1137 1918 1219 1999 quod

133 2013 234 2089 potest
257 2029 321 2072 esse
343 2028 381 2072 ex
403 2028 494 2069 muro
517 2009 696 2071 conlectum
720 2028 791 2071 cum
814 2029 868 2072 ara
891 2010 1024 2091 lapidea,
1048 2032 1126 2091 quae
1150 2032 1219 2092 por-

132 2103 233 2164 tatilis
258 2100 416 2181 vocatur],
444 2102 608 2182 ipsumque
634 2103 729 2164 etiam
756 2105 902 2166 convenit
929 2105 971 2167 sit
997 2103 1106 2168 Altare
1133 2106 1219 2185 prin·

130 2194 261 2276 cipale.''
274 2198 298 2230 ¹⁴

170 2293 198 2352 7.
222 2289 471 2352 Tabernoculum
492 2289 532 2351 ad
557 2289 604 2352 Ss.
631 2289 869 2353 Sacramentum
892 2291 1114 2354 asservandum
1138 2313 1220 2355 com·

130 2383 270 2445 muniter
291 2383 461 2444 collocatur
482 2383 516 2443 in
539 2381 643 2445 Altari
665 2383 791 2461 majori,
814 2383 864 2444 cui
886 2383 1021 2446 firmiter
1043 2384 1217 2446 adhaereat.

130 2477 350 2557 “Regulariter
370 2475 461 2539 debet
482 2496 546 2539 esse
566 2474 727 2556 ligneum’'
749 2475 796 2538 vel
817 2496 854 2538 ex
874 2475 936 2538 alia
956 2476 1056 2540 solida
1076 2478 1218 2552 materia,

128 2573 239 2633 “extra
254 2570 450 2645 deauratum,
466 2570 552 2631 intus
569 2590 639 2631 uero
654 2569 759 2648 aliquo
775 2590 879 2650 pauno
895 2569 1012 2632 serico''
1028 2570 1089 2631 albi
1106 2571 1218 2633 coloris

125 2664 292 2728 “decenter
320 2662 556 2740 contectum,''¹⁵
613 2663 659 2725 vel
691 2664 915 2726 deauratum.²⁸
966 2663 1219 2727 Benedicendum

124 2764 171 2819 est
186 2757 225 2819 ab
243 2756 398 2837 Episcopo
413 2756 460 2821 vel
478 2756 539 2819 alio
556 2754 741 2818 facultatem
755 2756 925 2818 habentc.¹'

169 2881 199 2943 9.
223 2879 414 2942 Omamenta
438 2879 569 2942 altaris.
615 2880 691 2942 Tres
718 2901 857 2961 stappae,
901 2881 1031 2945 “Altare
1056 2883 1217 2963 operiatur

124 2976 228 3039 tribus
259 2975 383 3056 mappis
414 2995 468 3038 seu
499 2973 629 3038 tobaleis
661 2972 789 3036 mundis
819 2974 857 3037 ab
889 2974 1045 3056 Episcopo
1075 2977 1123 3041 vel
1155 2975 1218 3040 alio

126 3070 261 3132 habente
277 3071 462 3149 potestatem
480 3067 661 3137 benedictis,
678 3067 831 3146 superiori
850 3066 961 3129 saltem
978 3068 1120 3147 oblonga,
1138 3089 1217 3149 quac

126 3163 283 3242 usquead
306 3169 421 3225 terram
443 3160 623 3241 pertingat’
645 3160 682 3221 ab
703 3165 834 3239 utroque
856 3161 962 3231 latere,
983 3161 1123 3223 “duabus
1145 3162 1215 3224 aliis

122 3256 326 3331 brevioribus,
352 3255 400 3318 vel
425 3274 490 3317 una
516 3252 735 3335 duplicata.’'²⁸
762 3254 836 3316 Sint
864 3254 1008 3328 mundae,
1034 3256 1218 3336 praescribit

163 3369 188 3401 ¹²
208 3363 240 3412 D.
260 3364 336 3412 3162.
357 3361 381 3412 3.
699 3363 788 3410 mente
811 3359 920 3410 omnino
944 3360 1035 3410 aliena
1057 3371 1128 3410 srmt.
1163 3364 1217 3411 Al.-

161 3444 188 3478 ¹³
207 3439 391 3489 Missiouariia
418 3438 576 3489 conceditur
605 3437 647 3488 fa·
698 3437 806 3498 quando
823 3437 859 3486 ab
877 3437 1021 3502 Episcopis
1037 3453 1162 3502 expresse
1181 3440 1218 3487 in-

123 3517 229 3567 cultas:
259 3515 444 3566 “celebrandi
470 3515 521 3565 sub
548 3515 592 3564 dio
619 3519 646 3565 et
698 3511 884 3576 terdicuntur3
906 3513 969 3576 jure
990 3514 1095 3577 merito,
1115 3517 1217 3565 mundi-

122 3593 177 3642 sub
195 3597 278 3653 terra,
297 3591 325 3640 in
344 3593 402 3642 loco
420 3597 511 3642 tamma
532 3591 646 3651 decenti,
699 3588 741 3637 tia
764 3589 835 3638 enim
863 3589 890 3637 in
916 3589 951 3638 iis
975 3590 1077 3640 servari
1104 3591 1148 3639 vix
1174 3607 1218 3656 po·

121 3668 269 3719 -etiamsi
290 3669 386 3721 Altare
406 3669 443 3718 sit
464 3667 584 3718 fractum
605 3668 646 3718 vel
699 3668 762 3725 test,
783 3665 898 3728 aliisque
920 3665 1082 3716 indecentiis
1101 3672 1128 3717 et
1151 3668 1218 3733 peri·

122 3746 184 3795 aine
207 3745 337 3809 Reliquiis
359 3745 530 3807 Sanctorum,
558 3783 564 3794 .
597 3782 603 3794 ,
636 3782 641 3794 .
698 3741 766 3789 culis
790 3739 839 3791 SS,
865 3741 1041 3793 Eucharistiae
1065 3743 1092 3792 in
1119 3744 1153 3794 iis
1176 3760 1218 3795 ex·

122 3823 146 3872 si
174 3821 257 3871 aliter
283 3822 414 3872 celebrari
441 3836 494 3871 uon
521 3820 646 3886 possit.”
700 3817 819 3880 ponitur.

123 3899 271 3962 Nunquam
285 3913 347 3949 vero
361 3898 498 3949 celebrare
512 3899 574 3948 licet
588 3898 646 3947 sine
736 3892 826 3944 Cluuia
855 3895 1026 3947 tabernaculi
1056 3899 1092 3948 sit
1122 3900 1217 3950 saltem

122 3977 181 4024 ullo
213 3974 304 4039 lapide
335 3974 449 4026 Altaria.
486 3975 590 4037 (Form.
622 3973 646 4035 l,
701 3973 882 4035 deargentata
910 3978 938 4023 et
966 3974 1098 4025 funiculis
1125 3978 1219 4028 sericis

121 4051 182 4112 23.)
699 4064 830 4114 suspensa
845 4054 872 4101 et
888 4051 998 4116 abipso
1014 4055 1131 4118 parocho
1148 4070 1216 4120 resp.

160 4135 185 4166 ¹⁴
207 4127 239 4177 D.
259 4128 335 4178 3162.
359 4131 380 4179 l.
699 4129 840 4192 capellano
864 4135 944 4181 caute
967 4133 1145 4184 custodienda
1168 4138 1217 4183 cst.

157 4201 223 4252 ¹⁸8.
240 4201 269 4253 C.
288 4203 378 4268 Episc.
397 4204 439 4253 26.
458 4202 517 4253 Oct.
538 4204 612 4253 1575.
696 4202 729 4254 D.
747 4204 824 4255 3448.
840 4205 871 4268 6;
890 4208 917 4256 et
935 4206 961 4256 S.
980 4206 1040 4258 (lar.
1057 4208 1119 4260 Bor.
1137 4209 1218 4258 Visit.

155 4285 185 4320 ¹⁸
195 4278 228 4329 D.
255 4277 340 4335 325ss
368 4284 397 4329 et
423 4281 448 4328 5.
474 4278 540 4329 Juu.
571 4278 646 4340 1889,
701 4283 795 4337 apost.

120 4376 146 4408 n.
183 4358 260 4410 37⁰9.
303 4357 492 4410 ‘ferromannis
526 4359 635 4406 “torna
732 4358 1167 4419 1²1).20.Jun.1899‚n.4oaa
1194 4368 1217 4410 4.

118 4433 216 4486 tilia”
243 4459 279 4469 -
307 4433 447 4495 revolvinp
477 4431 646 4483 tabernacles
734 4435 881 4486 1⁸Paunus
900 4436 987 4487 lineus
1005 4443 1114 4489 ceratus
1132 4437 1218 4486 Claria-

119 4510 448 4568 Drehtaberuolcel—ab
510 4512 645 4560 Ecclesiae
700 4513 768 4560 naula
783 4513 881 4575 «lictus,
897 4514 942 4578 qui
960 4512 987 4561 in
1003 4517 1066 4562 actu
1083 4527 1217 4567 conscera-
