2804 4890
257 700 310 756 AB
332 701 536 757 ORATIONE
560 701 762 757 DOMINIOA
784 700 838 755 AD
862 700 990 755 FINEM
1013 700 1172 755 MISSAE.
1208 689 1267 751 261
1300 671 1302 675 ⁸

220 875 248 932 3.
265 872 325 933 Per
337 875 505 936 actoridem
520 876 552 935 et
567 873 691 936 tertiora
707 871 888 936 Orationem
906 870 1055 933 ¹Sacerdos
1069 870 1189 933 actibus
1205 870 1263 933 ier-

179 967 320 1029 ventibus
343 968 427 1041 fidei,
450 969 526 1047 spei,
548 967 749 1044 turinilitatiS,
770 975 827 1031 etc.
851 968 991 1047 proxime
1014 989 1044 1029 se
1068 968 1208 1049 disponit
1229 968 1269 1030 ad

180 1058 211 1120 S.
231 1058 502 1121 Communiouem,

220 1152 339 1227 Quibus
358 1153 560 1216 Orationibus
577 1152 670 1215 (lictis
690 1153 839 1215 Sacerdos
855 1152 1067 1232 genuflectens
1086 1153 1267 1214 Sacramen-

180 1252 246 1308 tum
266 1246 385 1309 adorat.
429 1245 602 1309 “Adoratio
621 1247 672 1308 hic
692 1247 855 1326 signanter
874 1246 1097 1326 praescribitur
1117 1251 1267 1327 tauquam

177 1345 264 1402 actus
281 1341 422 1420 proxime
438 1341 606 1420 disponens
623 1340 662 1401 ad
682 1340 952 1403 Communionern.
997 1339 1119 1402 Deinde
1137 1358 1267 1420 surgens

176 1434 270 1498 dicit:
287 1435 407 1497 Peneia
425 1435 585 1496 coetestem
604 1433 766 1516 arcipiam,
783 1441 841 1497 etc.
860 1436 898 1497 ad
916 1435 1134 1516 explicandam
1152 1438 1269 1500 famem

176 1532 207 1589 et
226 1526 349 1590 terrens
368 1526 557 1588 desiderium
576 1526 673 1605 hujus
694 1526 783 1606 panis
801 1527 952 1602 eoelestis,
972 1546 1032 1607 quo
1052 1527 1184 1589 mirifice
1203 1525 1266 1588 dis·

177 1621 307 1701 ponitur
324 1621 431 1681 anima
449 1620 488 1681 ad
507 1620 740 1700 percipiendam
758 1640 794 1682 en
813 1641 848 1682 eo
866 1620 1039 1701 perfectam
1057 1621 1267 1684 nutritionem

176 1720 208 1774 et
230 1713 454 1793 pinguedinem
478 1714 608 1793 spiritus
638 1761 644 1775 .
680 1762 687 1775 .
721 1762 729 1776 .
758 1735 814 1777 nec
837 1719 1005 1793 exspectat,
1028 1720 1065 1776 ut
1087 1719 1207 1776 erectus
1230 1734 1266 1778 ea

177 1807 268 1868 rerba
288 1808 438 1886 proterat,
461 1809 512 1869 sed
536 1809 611 1868 dum
634 1809 738 1888 surgit
758 1828 794 1870 ea
815 1809 1011 1889 pronuntiat,
1032 1814 1069 1870 ut
1092 1809 1266 1871 ferventius

176 1898 366 1961 desiderium
385 1901 611 1980 erprirnatur.''
623 1904 647 1936 ¹⁴

218 2134 286 2197 154.
310 2136 402 2198 't’unc
419 2136 568 2200 Sacerdos
584 2159 607 2199 s.
623 2136 758 2200 hostiam
775 2137 809 2199 in
824 2140 939 2218 patena
953 2142 1062 2201 tenens
1078 2137 1118 2200 ad
1133 2158 1156 2201 s.
1174 2136 1265 2199 Com-

175 2231 357 2292 munionem
393 2250 425 2291 se
460 2236 549 2310 parat
585 2231 684 2291 verbis
721 2231 922 2294 t'crrtnrionis
959 2232 997 2292 ab
1034 2233 1101 2311 ipso
1140 2232 1265 2293 t'bristo

173 2323 327 2388 laudatis:
390 2323 537 2400 Doctrina,
580 2345 644 2387 ooo
685 2345 757 2387 aona
799 2322 924 2406 dignos,
965 2328 1034 2401 eta,
1075 2323 1267 2386 humilitatis

176 2418 375 2492 reverentiae,
408 2416 481 2479 fidei
516 2416 708 2496 fiduciaeque
741 2417 842 2496 plenis
877 2423 924 2478 ter
957 2416 1109 2496 repetitis,
1145 2435 1264 2477 necnon

175 2510 349 2574 actionibus
373 2510 565 2573 liurnilitatis
588 2514 620 2572 et
644 2510 894 2591 compunctionis
918 2510 1056 2590 eorporis
1081 2528 1192 2589 nempe
1217 2507 1264 2568 in-

174 2606 343 2667 clinatione
371 2611 403 2667 et
431 2607 563 2685 pectoris
592 2608 798 2686 percussione.
849 2607 961 2678 Verba,
991 2627 1086 2685 eliranni
1118 2606 1267 2668 Sacerdos

176 2716 232 2778 pro
255 2717 287 2759 se
310 2702 436 2758 tantum
460 2703 536 2769 oret,
560 2703 675 2760 secreto
699 2698 915 2777 proteruntur,
938 2697 1074 2777 exceptis
1097 2696 1265 2778 prioribus,

175 2809 252 2868 quae
270 2789 310 2852 ad
328 2790 526 2851 excitandam
545 2790 652 2870 populi
674 2791 880 2851 attentionem
902 2811 973 2851 roce
992 2789 1139 2851 mediocri
1161 2788 1263 2870 profe·

176 2889 298 2945 runtur.
348 2884 449 2957 (Ante
469 2890 499 2946 ct
520 2885 604 2944 intra
623 2882 880 2945 distributionem
900 2883 1138 2945 Crrrrnnunionis
1158 2882 1264 2945 oninia

176 2976 326 3038 dicuntur
340 2978 404 3039 alta
419 2979 515 3055 voce.)

218 3073 245 3131 2.
269 3070 391 3133 Deinde
408 3092 438 3133 se
457 3072 559 3151 ipsum
578 3073 683 3151 signat
698 3093 769 3133 euru
787 3093 810 3133 s,
827 3073 940 3146 hostia,
957 3078 993 3135 ut
1011 3074 1068 3134 hac
1085 3073 1185 3153 ipsius
1202 3071 1264 3133 Do·

176 3165 253 3226 mini
271 3164 486 3228 benedictione
502 3166 619 3243 gratias
637 3166 675 3227 ad
695 3167 865 3227 instantem
883 3166 1143 3229 Connnunionem
1160 3187 1264 3228 conse·

175 3264 298 3336 quatur,
316 3277 445 3337 precans
462 3258 691 3337 amplissimum
708 3259 805 3336 hujus
822 3259 913 3339 panus
930 3259 1070 3321 coelestis
1088 3258 1228 3321 fructum
1245 3278 1263 3320 a

176 3350 302 3414 Christo
332 3353 531 3432 promissum,
562 3354 659 3413 citone
690 3355 887 3426 oeternom,¹⁵
920 3355 953 3415 in
984 3373 1077 3433 qnam
1108 3353 1263 3417 croatodiot

174 3444 311 3508 ontimana
328 3456 438 3508 contra
451 3447 556 3507 onrrria
571 3447 710 3526 pericula
726 3447 850 3509 interna
866 3454 896 3510 et
911 3451 1048 3509 externa.

216 3542 244 3599 3.
268 3538 411 3601 “Deinde
445 3540 594 3602 Sacerdos
629 3541 889 3603 Cornrnunionenr
923 3541 1030 3613 sumit,
1063 3561 1158 3621 quam
1191 3560 1264 3603 cum

174 3652 286 3712 magno
303 3634 429 3708 aiter-tu,
446 3638 477 3695 ct
494 3635 666 3696 reverentia
683 3654 805 3696 stimma
822 3636 960 3713 accipere
977 3634 1077 3708 (tenet,
1095 3654 1157 3695 non
1175 3634 1263 3697 festi·

173 3727 277 3788 nando
298 3727 350 3789 sed
373 3727 521 3790 beneficia
543 3729 663 3791 Christi
684 3728 902 3789 ardentissime
924 3728 1096 3801 recolendo,
1118 3727 1263 3789 videlieet

173 3821 433 3889 incarnationem,
458 3822 644 3900 passionarii,
668 3821 866 3884 dilectionem
893 3823 961 3899 ejus
986 3821 1026 3883 ad
1050 3841 1116 3896 nos,
1141 3825 1261 3883 tantam

171 3914 386 3994 dignationem
405 3920 436 3977 ct
456 3916 687 3982 liberalitatem,
706 3936 767 3994 qua
785 3917 829 3976 sic
848 3916 998 3993 dignatur
1015 3936 1080 3977 esse
1099 3915 1260 3975 nobiscum

169 4012 201 4070 et
221 4009 302 4069 sumi
322 4029 340 4069 a
360 4007 480 4071 nobis.'’
494 4010 517 4042 ¹⁸
563 4007 665 4082 Quare
685 4007 936 4087 “aliquantulum
958 4007 1087 4087 quiescit
1109 4008 1143 4068 in
1162 4006 1260 4068 niedi-

171 4103 289 4163 tationc
319 4103 507 4165 sanctissimi
541 4101 804 4169 Sacramenti,''¹⁷
835 4103 866 4162 in
897 4101 1130 4163 considerandis
1161 4101 1259 4177 bonis,

172 4215 249 4274 «puae
264 4216 334 4256 curn
352 4196 563 4256 sacratissimo
580 4195 698 4255 t'lrristi
716 4197 852 4274 t'orporn
867 4195 994 4274 accepit.

207 4451 231 4483 ¹⁴
251 4445 357 4508 (girarti.
782 4453 805 4483 ¹¹¹
828 4447 903 4496 itinn.
921 4449 1013 4498 (aaran

208 4526 233 4559 ¹⁶
252 4521 296 4573 Ju.
318 4525 342 4585 ti,
362 4525 404 4574 55.
780 4524 806 4557 ¹⁷
825 4520 894 4571 Rub.
918 4519 995 4573 Minu.
