2804 4890
437 711 490 767 DE
513 712 816 770 BENEDICTIONE
840 714 1035 772 CINERUM.
1219 707 1282 770 279

233 886 262 945 4.
285 881 473 945 “Celebrans
488 882 608 946 accedit
623 884 662 945 ad
678 904 774 946 cornu
791 886 952 966 Epistulae
967 896 1052 951 etex
1066 887 1188 951 Missali
1204 889 1279 952 reci-

189 982 235 1040 tat
250 998 321 1039 cum
337 979 401 1040 suis
416 977 537 1041 clericis
553 979 628 1042 Ant.
644 979 780 1052 Exaudi,
796 982 885 1055 ete.‚''
901 983 977 1044 dum
993 984 1106 1045 chorus
1121 990 1237 1059 cantat,
1253 986 1280 1047 si

192 1069 282 1131 adsit.
317 1069 483 1149 “ltepctita
504 1070 689 1152 Antiphone
711 1071 877 1134 Celebrans
898 1071 1008 1147 dicit,''
1029 1074 1077 1136 vel
1097 1079 1205 1137 cantat
1225 1073 1280 1134 “in

191 1168 265 1226 tono
292 1161 396 1225 feriali
424 1165 568 1227 manibus
594 1166 731 1244 junctis:
759 1167 915 1232 Dominus
941 1169 1110 1241 vobiscum,
1137 1173 1169 1232 et
1196 1172 1279 1248 post·

192 1257 319 1317 modum
336 1258 502 1338 subjungit
519 1266 653 1338 quatuor
671 1259 866 1321 Orationes''

234 1355 261 1411 5.
285 1350 390 1413 “Dum
414 1351 532 1414 dicitur
555 1358 666 1433 qrmrta
694 1354 841 1432 (ultima)
871 1355 990 1430 Oratio,
1014 1355 1127 1418 tertius
1149 1355 1280 1418 clericus

191 1445 275 1507 sacta
289 1445 506 1526 genuflexione
521 1448 636 1523 Alteri,
652 1447 768 1529 accipit
783 1469 835 1511 vas
851 1469 948 1529 aquae
963 1449 1153 1524 benedictae,
1169 1453 1200 1512 et
1216 1468 1279 1511 una

189 1558 260 1599 cum
278 1540 389 1603 clerico
407 1541 611 1605 thuriferario
628 1541 748 1605 accedit
763 1542 803 1603 ad
822 1541 1069 1605 Celebrantenr.''

234 1636 261 1693 6.
285 1632 473 1695 “Celebraus
492 1634 668 1696 ministerio
688 1634 815 1696 secundi
835 1635 939 1696 clerici
961 1636 1098 1716 imponit
1117 1637 1280 1698 incensum

191 1727 224 1788 in
251 1728 413 1790 thuribulo
434 1729 497 1804 (Ab
524 1729 579 1789 illo
604 1729 806 1800 benedicaris,
832 1734 922 1808 etc),
948 1738 980 1795 et
1005 1732 1118 1795 deinde
1144 1735 1282 1813 aspergit

195 1819 366 1900 (Asperpes
384 1840 442 1893 me,
460 1825 535 1902 etc.)
557 1828 589 1885 et
606 1823 767 1885 thurificat
785 1824 913 1888 Cineres
930 1825 968 1887 ‹lc
985 1824 1101 1886 more.''

234 1914 261 1972 7.
285 1911 440 1992 “Expleta
466 1913 699 1987 Benedictionc,
724 1933 776 1974 ras
801 1933 873 1975 cum
899 1913 1065 1974 Cineribus
1090 1914 1220 1993 ponitur
1245 1915 1278 1975 in

190 2003 293 2068 medio
311 2005 461 2068 Altaris.''

127 2114 130 2118 ’
232 2097 420 2161 “Celebrans
435 2100 526 2163 habet
540 2121 711 2163 sermonem
727 2101 765 2162 od
781 2100 934 2181 populum
948 2121 1042 2180 super
1056 2101 1279 2166 Benedictione

190 2196 221 2255 et
237 2191 443 2273 impositione
460 2194 609 2255 Cinerum
627 2195 660 2255 in
676 2194 732 2255 hac
750 2193 872 2255 Feriu.''

232 2290 260 2348 8.
284 2285 330 2347 II.
353 2287 393 2349 lo
412 2288 577 2369 structione
598 2289 741 2351 Solemni
762 2287 919 2349 Diaconos
940 2294 972 2351 et
993 2289 1209 2353 Suhdiaconus
1229 2289 1278 2351 in·

191 2379 260 2442 duti
281 2386 355 2443 suut
374 2386 455 2444 etse
474 2386 588 2461 gerunt
608 2387 644 2443 ut
664 2381 698 2442 in
718 2380 933 2443 benedictione
952 2381 1164 2457 candelarum,
1184 2402 1279 2464 supra

190 2494 220 2535 n.
245 2478 311 2536 161.
356 2475 519 2538 Assistunt
541 2476 639 2555 igitur
659 2496 677 2537 a
699 2475 848 2537 lateribus
869 2474 1074 2551 Celebrantis,
1095 2476 1280 2539 ministrant

187 2569 280 2631 modo
321 2574 467 2634 consueto
509 2570 548 2632 ad
592 2571 801 2650 aspersionem
824 2576 854 2633 ct
878 2570 1131 2634 incensationem.
1198 2572 1281 2635 Item

192 2660 471 2736 Caeremoniarius,
494 2660 717 2724 thuriferarius
740 2665 772 2722 et
794 2658 929 2739 acolythi
952 2680 1007 2722 seu
1028 2659 1219 2738 ceroferarii,
1240 2663 1279 2723 ut

190 2775 221 2818 n.
242 2758 312 2832 161,
331 2758 349 2815 2
366 2773 428 2837 seq.

480 2907 511 2969 (t.
535 2907 579 2971 ne
602 2907 748 2971 cinerum
770 2907 985 2986 Impositionc.

233 3036 301 3100 lat.
324 3037 364 3098 In
382 3035 548 3098 lunatione
568 3035 705 3114 simplici
723 3036 923 3112 “t‘elebrans,
943 3037 1068 3099 absente
1088 3036 1149 3100 alio
1171 3038 1277 3102 Sacer-

190 3131 271 3204 dote,
291 3131 374 3193 facta
394 3132 566 3192 reverentia
586 3131 690 3205 Cruci,
710 3129 894 3209 genuflectit
914 3151 1007 3210 super
1026 3131 1224 3211 suppedaneo
1243 3132 1277 3192 in

191 3226 301 3287 medio.
347 3225 399 3287 Sic
415 3223 597 3304 genuflexus
613 3224 671 3286 sibi
690 3225 748 3304 ipsi
765 3224 884 3287 eineres
900 3225 932 3286 in
949 3223 1077 3286 modum
1094 3224 1204 3285 Crucis
1220 3224 1278 3284 im·

192 3320 280 3398 pouit
300 3319 332 3378 in
350 3318 462 3399 capite,
480 3318 561 3379 nihil
580 3316 717 3379 ‹licens.'’

232 3414 287 3473 “Si
307 3412 389 3473 adsit
409 3412 489 3474 alius
511 3411 669 3485 Sacerdos,
688 3410 740 3472 hic
759 3412 826 3472 sine
845 3410 925 3473 stola
943 3410 1090 3473 accedens
1110 3411 1149 3472 ml
1169 3409 1278 3472 Altare

191 3509 323 3586 imponit
336 3508 454 3568 cineres
469 3505 647 3567 Celebranti
667 3506 736 3585 (qui
752 3505 848 3567 stabit
861 3506 963 3585 capite
978 3505 1139 3575 inclinato,
1152 3510 1182 3565 ot
1199 3503 1278 3564 facie

192 3620 276 3660 versa
294 3599 331 3660 ml
351 3599 520 3680 populum)
545 3597 693 3660 dicendo:
712 3599 883 3669 Memento,
902 3599 1004 3668 leonto,
1023 3596 1095 3678 quia
1112 3597 1217 3678 pulvis
1236 3616 1277 3669 ea,

190 3699 219 3754 et
240 3694 272 3755 in
291 3695 450 3774 pulverem
469 3691 665 3756 rer-erroro?

231 3789 259 3847 2.
282 3785 480 3860 “Celebrans,
510 3785 645 3865 acceptis
673 3784 840 3859 cineribus,
870 3783 989 3846 accedit
1018 3783 1057 3845 ad
1087 3781 1214 3845 Missale
1242 3781 1277 3844 in

188 3899 285 3942 cornu
302 3878 473 3960 Epistolae,
488 3884 519 3941 et
534 3879 646 3942 recitat
660 3898 731 3941 cum
747 3877 877 3952 clericis,
892 3882 1049 3956 utsupra,
1065 3876 1140 3939 Ant.
1156 3877 1276 3939 Immu-

191 3978 301 4045 temur,
319 3975 409 4045 ete.,''
426 3973 487 4035 nisi
505 3994 523 4035 a
542 3971 730 4035 Cantoribns
749 3971 833 4033 intra
849 3970 1105 4033 distributionem
1122 3973 1276 4033 cantetur.

231 4071 259 4128 3.
283 4066 426 4131 “Deinde
442 4067 577 4148 imponit
592 4066 710 4129 cineres
723 4064 868 4127 omnibus
882 4063 921 4127 de
936 4063 1038 4140 Clem,
1052 4063 1213 4145 dispositis
1227 4083 1277 4125 su·

189 4182 244 4242 per
273 4184 360 4224 oram
389 4162 590 4243 suppedanei,
620 4168 650 4223 et
680 4159 807 4239 dignior
835 4159 895 4222 crit
924 4158 1097 4239 proximior
1126 4157 1166 4221 ad
1194 4157 1278 4222 latus

191 4255 359 4337 Epistolac,
379 4256 502 4317 dicens:
522 4256 680 4317 Memento
700 4255 802 4324 homo,
820 4252 899 4316 etc.''

230 4355 259 4411 4.
283 4350 482 4419 “Celebrans
501 4350 585 4410 facta
604 4348 776 4409 reverentia
795 4345 909 4420 Altari,
928 4346 1050 4408 medius
1068 4345 1153 4408 inter
1169 4365 1277 4407 secun·

189 4445 264 4505 ‹lum
281 4451 313 4507 et
329 4445 459 4507 tertium
475 4438 655 4511 clericum,’'
672 4440 861 4501 sustinentes
880 4438 1017 4504 fimbrias
1034 4438 1191 4519 pluvialis,
1208 4439 1276 4499 “ac-

189 4538 272 4600 eedit
290 4538 329 4600 ad
348 4536 500 4599 cancellos
518 4535 701 4615 presbyterii
720 4554 737 4593 c
758 4533 882 4611 regione
902 4531 1072 4612 Epistolac,
1091 4534 1123 4593 et
1142 4531 1277 4611 imponit
