2804 4890
212 667 334 727 mssa
356 667 539 735 PRIVATA,
563 668 617 724 SS.
643 668 911 727 SACRAMENTO
933 673 1144 736 EXPOSITO.
1189 672 1246 735 lll

580 1108 695 1181 ΛΒΤ.
720 1108 824 1182 XVI.

157 1292 209 1345 ma
229 1292 345 1346 mssa
361 1293 530 1346 PRIVATA
550 1293 677 1345 OORAM
697 1294 745 1346 SS.
765 1295 1018 1349 SAGRAMENTO
1038 1297 1247 1351 ΕΧΡΟΒΙΤΟ.ι

200 1484 250 1548 73.
273 1484 315 1549 In
342 1491 509 1567 conspeetu
540 1486 739 1549 Sanctissimi
768 1492 863 1568 eaput
890 1489 1049 1570 detegitur
1078 1510 1247 1572 parumper

156 1579 366 1656 consistendo,
383 1584 421 1655 et
445 1579 581 1643 biretum
605 1580 751 1644 ministro
774 1582 958 1662 porrigitur.
1006 1583 1045 1644 In
1069 1604 1192 1646 accessu
1216 1588 1247 1646 et

157 1672 193 1735 in
213 1693 334 1737 recessu
353 1678 485 1754 utroque
503 1694 587 1753 genu
607 1674 641 1735 in
662 1673 756 1753 plano
776 1695 847 1735 curn
870 1675 1019 1738 mediocri
1040 1679 1178 1757 corporis
1199 1678 1246 1739 in-

155 1765 327 1830 clinatione
337 1765 578 1848 genuflectitur;
593 1767 678 1829 intra
692 1767 822 1830 Missam
834 1769 927 1832 unico
939 1789 1031 1848 genu.
1045 1771 1057 1804 ²
1097 1771 1246 1850 (Transe-

156 1864 250 1925 untes
269 1880 351 1936 vero,
370 1861 423 1942 qui
443 1881 505 1922 non
526 1865 601 1922 sunt
621 1860 763 1923 Ministri
783 1861 822 1924 ad
844 1861 962 1938 Altare,
983 1883 1104 1945 semper
1123 1869 1246 1927 utrum·

156 1974 218 2035 que
233 1974 317 2035 genu
335 1954 493 2032 flectunt.)

199 2051 228 2109 2.
253 2047 402 2112 Sacerdos
421 2047 615 2128 genuflectit,
636 2048 883 2129 quandocunque
904 2049 943 2112 ad
964 2050 1104 2113 medium
1126 2050 1246 2114 Altaria

156 2141 287 2218 accedit,
304 2140 352 2205 vel
369 2141 407 2204 ab
424 2162 460 2204 eo
478 2142 604 2217 recedit,
623 2142 668 2204 vel
688 2143 802 2205 transit
820 2148 892 2204 ante
912 2143 969 2205 SS.
990 2144 1245 2220 Sacramentum

156 2235 184 2298 si
204 2237 288 2298 inter
304 2255 461 2299 accessum
480 2236 519 2297 ad
540 2235 679 2297 medium
698 2240 730 2299 et
749 2236 833 2297 inter
852 2256 1006 2298 recessum
1026 2238 1246 2318 interponatur

156 2348 255 2405 mora,
274 2329 323 2391 bis
342 2328 543 2410 genuflectit3
565 2329 591 2390 si
612 2329 731 2392 accedit
752 2329 791 2392 ad
813 2330 952 2405 medium
974 2331 1083 2392 statim
1103 2331 1245 2393 dicturus

155 2422 313 2486 Dominus
328 2421 486 2486 vobiscum
505 2423 592 2503 prius
609 2423 802 2502 genuflectit,
820 2423 933 2486 deinde
950 2423 1109 2486 osculatur
1126 2424 1245 2497 Altare,

155 2521 188 2579 et
216 2516 326 2578 statim
352 2536 384 2578 se
412 2516 545 2578 retrahit
573 2517 612 2578 ad
641 2516 723 2578 latus
752 2517 916 2597 Evangelii
944 2521 976 2580 et
1004 2521 1067 2579 stat
1095 2517 1244 2579 semicon-

156 2629 262 2672 versus
285 2609 325 2671 ad
350 2608 511 2690 populum.
559 2610 593 2671 Si
619 2610 684 2689 jam
710 2609 752 2672 sit
776 2610 811 2672 in
835 2609 948 2685 medio,
974 2611 1062 2691 prius
1087 2610 1245 2673 osculatur

156 2703 276 2779 Altam,
305 2703 418 2766 deinde
445 2702 638 2784 genuflectit.
690 2703 742 2765 Ita
770 2703 807 2766 fit
834 2703 874 2765 ad
904 2704 999 2767 Orate
1026 2706 1153 2785 tratres,
1181 2725 1245 2768 non

155 2796 346 2879 perficiendo
362 2797 525 2860 circulum.

199 2894 227 2953 3.
251 2890 388 2953 Proinde
408 2890 592 2971 genuflectit
614 2895 684 2970 post
704 2911 866 2953 ascensum
887 2891 928 2953 ad
949 2889 1057 2954 Altare
1078 2892 1112 2953 in
1133 2911 1244 2972 suppe-

155 2985 265 3061 daneo,
288 2989 455 3065 antequam
478 2985 637 3063 corporale
659 2983 804 3063 explicat,
827 2983 901 3047 dein
923 3004 959 3046 eo
981 2984 1135 3064 explicato
1158 2989 1243 3046 ante·

154 3099 249 3161 quam
278 3078 398 3142 accedit
427 3077 466 3140 ad
498 3077 641 3151 Missale3
672 3077 788 3139 iterum
816 3081 983 3157 antequam
1014 3077 1174 3140 descendit
1204 3077 1243 3140 ad

157 3174 286 3235 Missam
309 3170 517 3234 inchoandam
540 3169 723 3250 genuflectit
747 3176 778 3233 et
800 3191 831 3234 se
853 3170 1087 3252 aliquantulum
1111 3171 1245 3234 retrahit

155 3266 195 3329 ad
215 3286 312 3329 eomu
334 3264 499 3344 Evangelii
520 3270 551 3328 et
571 3269 642 3345 post
662 3264 843 3326 descensum
864 3283 965 3325 unum
985 3284 1068 3343 genu
1090 3263 1189 3327 flectit
1209 3265 1244 3326 in

156 3361 266 3422 infimo
288 3359 432 3440 gradu;⁸
455 3378 519 3420 non
543 3356 727 3438 genuflectit
751 3361 821 3437 post
845 3358 1071 3421 contessionem
1096 3358 1149 3420 sed
1174 3363 1245 3438 post

155 3473 317 3517 ascensum
331 3458 404 3516 ante
418 3456 534 3533 etpost
549 3452 683 3515 Oramus
699 3456 738 3523 te,
752 3449 897 3514 Domine.

199 3549 297 3610 Porro
316 3545 500 3628 genuflectit
520 3550 593 3608 ante
613 3549 645 3607 et
664 3548 735 3625 post
755 3545 912 3608 Dominus
932 3544 1100 3617 vobiscum,
1122 3544 1243 3608 llurrdu

156 3663 209 3705 cor
233 3663 345 3712 areum,
369 3640 464 3704 Orate
486 3641 611 3720 fratres.

197 3738 226 3796 4.
251 3734 421 3798 Oculorum
449 3731 646 3808 elevationes,
674 3731 788 3812 capitis
817 3730 1037 3793 inclinationes
1067 3730 1243 3809 profundae

190 3923 254 3973 ¹In
271 3921 363 3974 Altari
379 3920 558 3987 expositionis
573 3920 675 3971 Missae
726 3918 828 3969 aboleri
858 3917 1068 3982 nequit-Crux
1098 3919 1125 3967 in
1155 3918 1244 3969 Alturi

153 4000 279 4067 privatae
309 3998 488 4050 eelebrandae
519 4012 571 4047 non
602 4002 674 4059 sunt,
725 3995 807 4059 juxta
840 3995 1061 4046 consuetudinem
1097 3995 1146 4045 loci
1183 3997 1244 4060 pvvni

153 4077 206 4126 nisi
223 4077 280 4126 alia
295 4075 405 4126 Altaria
420 4075 518 4137 desint,
535 4075 576 4124 vel
592 4089 675 4124 causa
728 4076 775 4122 aut
793 4087 845 4120 non
862 4072 925 4136 poni
943 4077 1031 4136 polest
1041 4090 1047 4134 ;
1069 4072 1109 4122 ita
1128 4072 1245 4124 Instruc-

155 4153 329 4204 rationabilie
349 4155 456 4215 urgeat,
478 4167 500 4201 e.
523 4166 549 4213 g.
571 4166 604 4200 ue
626 4150 673 4201 SS.
728 4149 767 4198 lio
792 4149 945 4213 “linquens
969 4150 1116 4213 quemlibet
1143 4149 1169 4198 in
1196 4165 1246 4200 aira

154 4231 359 4281 Sacramentum
392 4229 450 4281 sine
483 4227 675 4279 adoratoribus
728 4225 845 4289 praxi.'’
887 4225 933 4286 (l).
953 4226 1029 4276 2365.
1050 4226 1087 4286 l.)

154 4308 332 4372 relinquatur.
347 4308 389 4357 vel
404 4307 438 4356 ob
453 4305 673 4357 consuetudinem
761 4312 772 4342 ²
793 4304 823 4354 D.
844 4306 919 4354 2682.
940 4304 987 4361 49;
1009 4304 1085 4352 3⁴26.
1106 4305 1136 4361 ὃς
1157 4309 1183 4353 et
1206 4307 1244 4354 16.

153 4385 401 4449 immemorabilem,
419 4399 489 4450 quae
505 4383 564 4435 eine
581 4381 675 4448 populi
727 4382 790 4431 llelv.
814 4380 888 4439 illitu,
910 4397 934 4432 n.
955 4381 1032 4431 4159.

152 4463 304 4514 offensione
324 4468 351 4511 ct
374 4461 488 4528 pietalis
511 4459 675 4510 detrimento
761 4457 879 4509 ³Juxm
907 4456 1069 4511 Martinucci
1099 4455 1127 4505 in
1156 4459 1244 4527 plano.
