2804 4890
421 674 475 728 DE
496 676 655 731 orriolo
678 679 984 736 THURIFERARII.
1192 674 1250 737 163

158 845 268 909 Altare
296 850 328 909 et
355 851 428 910 ante
457 848 691 926 Celebrantem;
720 853 897 914 naviculam
926 854 1176 918 Caeremoniario
1205 860 1246 931 et,

157 940 306 1018 imposito
324 946 356 1002 et
376 941 536 1003 benedicto
557 944 691 1018 incenso,
711 945 909 1006 thuribulum
928 948 1087 1008 occlusum
1108 947 1247 1012 Diacono

159 1032 302 1112 porrigit.
353 1033 478 1113 Recipit
506 1036 681 1097 riaricnlam
712 1044 742 1099 et
771 1039 940 1101 descendit.
993 1039 1106 1103 Postea
1135 1044 1199 1102 stat
1228 1060 1246 1102 a

158 1125 295 1187 sinistris
324 1126 456 1188 Diaconi
485 1128 675 1191 incessantis
705 1131 930 1206 Celebrantern,
958 1132 1123 1212 paululum
1152 1139 1246 1208 retra,

160 1218 292 1281 inclinat
306 1240 376 1280 curn
391 1241 425 1281 eo
439 1226 470 1281 et
486 1222 681 1282 thncilmlum
697 1226 801 1285 rel'crt.
836 1225 1006 1287 'l'ransiens
1020 1230 1092 1288 ante
1108 1225 1246 1288 medium

159 1311 268 1375 Altare
298 1311 481 1392 genuflectit
512 1320 544 1376 et
574 1316 707 1377 inclinat
737 1317 829 1378 choro
865 1318 963 1397 (quod
994 1339 1115 1399 semper
1144 1319 1245 1382 obser·

158 1405 327 1482 randum).
380 1406 532 1470 Ileinanet
562 1409 594 1468 in
625 1409 776 1484 sacristia,
808 1410 854 1472 vel
884 1412 989 1490 potius
1021 1410 1122 1474 locum
1152 1431 1244 1472 suurn

159 1502 244 1561 tenet
271 1499 354 1560 inter
379 1501 537 1579 acolythos
562 1501 601 1562 ad
628 1502 829 1564 credentiam.

200 1595 229 1651 4.
251 1592 304 1654 Ad
326 1593 372 1654 II.
398 1593 505 1654 Finito
530 1593 699 1673 Evangelio
724 1615 778 1674 per
803 1597 1019 1659 Celebrantem
1042 1597 1183 1659 ascendit
1206 1597 1245 1658 ad

159 1684 267 1748 Altare
283 1690 319 1746 ut
333 1690 406 1747 ante
422 1685 605 1760 latronum,
621 1687 673 1748 sed
690 1689 805 1750 retinet
819 1689 1017 1750 thuribulum
1032 1709 1103 1750 enm
1121 1691 1246 1752 incenso

158 1776 329 1841 benedicto.
375 1778 447 1841 Stat
467 1786 539 1841 ante
561 1779 670 1842 Altare
693 1781 775 1841 inter
797 1782 955 1860 acolythos
982 1783 1045 1859 (vel
1069 1802 1087 1844 a
1108 1781 1246 1843 sinistris

159 1870 287 1932 secundi
320 1871 564 1934 Caeremoniarii
595 1876 667 1934 ante
699 1873 873 1952 acolythos)
888 1894 897 1949 3
927 1894 998 1935 cum
1031 1895 1054 1936 s.
1086 1874 1244 1936 Ministris

157 1962 342 2043 genuflectit
362 1969 393 2026 et
414 1965 548 2027 inclinat
568 1967 661 2029 choro
683 1971 775 2045 atque
797 1966 916 2028 accedit
937 1968 1059 2047 primus
1081 1967 1120 2028 ad
1142 1967 1245 2030 locum

158 2057 212 2118 ubi
241 2055 448 2136 Evangelium
476 2059 596 2119 cantari
625 2059 703 2120 solet
730 2063 761 2120 et
789 2080 820 2120 se
848 2059 932 2120 sistit
960 2079 1055 2140 prope
1084 2060 1245 2122 sinistram

159 2148 301 2211 Diaconi.
353 2150 404 2211 Ad
436 2150 607 2231 Sequentia
635 2173 660 2213 s.
691 2150 730 2214 Ε.
762 2151 960 2214 thuribulum
993 2152 1245 2214 Caeremoniario

157 2243 303 2323 porrigit,
318 2247 424 2323 postca
440 2245 552 2323 recipit
568 2244 707 2323 illudque
724 2245 807 2306 inter
823 2245 941 2324 Evang.
958 2250 1039 2306 cant.
1057 2265 1120 2306 non
1135 2246 1244 2324 agitat.

200 2339 228 2397 5.
252 2335 329 2399 Post
347 2336 554 2416 Evangelium
575 2336 712 2398 Diacono
732 2337 928 2399 thnribulum
949 2338 1093 2417 porrigit,
1115 2337 1246 2399 inclinat

157 2448 230 2490 cum
255 2449 290 2490 eo
316 2428 355 2491 ad
383 2429 610 2504 Celebrantem,
637 2435 668 2491 ct
695 2436 765 2509 post
793 2430 1035 2492 incensationem
1062 2429 1246 2509 genuflectit

157 2525 189 2584 et
206 2522 288 2584 redit
305 2522 345 2584 ad
363 2521 465 2583 locum
483 2543 585 2597 suum,
604 2522 651 2585 vel
671 2524 767 2584 refert
786 2523 983 2585 thuribulum
1002 2523 1040 2584 ad
1060 2523 1244 2583 sacristiam.

159 2615 195 2676 Si
221 2635 292 2679 vero
318 2617 426 2678 statim
454 2616 553 2679 Credo
582 2616 753 2691 intonetur,
782 2637 943 2678 remanens
971 2617 1004 2676 in
1032 2616 1134 2677 medio
1161 2635 1245 2695 pres·

156 2707 276 2787 byterio
294 2708 428 2770 inclinat
445 2708 484 2769 ad
502 2710 615 2780 Dauni,
634 2708 747 2772 deinde
764 2708 948 2788 genuflectit
965 2715 996 2771 et
1014 2707 1160 2770 abscedit.

200 2805 227 2863 6.
250 2801 303 2862 Ad
324 2801 390 2864 III.
414 2801 548 2865 Cantato
573 2802 719 2880 Symbolo
744 2801 910 2863 revertitur
933 2821 1005 2863 cum
1029 2801 1190 2864 thuribulo
1213 2802 1245 2862 et

158 2899 227 2975 post
244 2894 433 2957 oblationem
451 2895 556 2956 calicis
574 2896 613 2956 ad
632 2895 740 2956 Altare
757 2895 898 2957 ascendit
916 2901 951 2955 ut
969 2900 1041 2958 ante
1061 2895 1244 2957 Introitum.

159 2989 233 3051 Post
255 2989 501 3051 incensationem
524 2987 717 3049 Celebrantis
740 2989 908 3049 comitatur
932 2988 1107 3048 Diaconum
1129 3008 1147 3050 a
1169 2987 1244 3047 sini-

157 3082 230 3142 stris
246 3082 411 3161 paululum
427 3086 509 3144 retro
527 3081 681 3142 inclinans
696 3087 726 3143 et
742 3080 953 3160 genuflectens
969 3080 1062 3141 simul
1079 3101 1150 3142 cum
1167 3081 1243 3159 ipso.

158 3175 233 3238 Post
254 3174 499 3237 incensationem
522 3174 712 3235 subdiaconi
735 3174 846 3253 recipit
868 3173 1065 3235 thuribulum
1087 3178 1119 3236 et
1140 3173 1244 3235 incen-

158 3272 207 3328 sat
237 3267 357 3329 duobus
389 3266 535 3329 ductibus
568 3266 755 3339 Diaconum,
786 3265 899 3328 deinde
931 3264 1066 3345 singulis
1096 3265 1243 3326 ductibus

157 3360 444 3423 Caeremoniarium
459 3363 491 3422 et
506 3359 672 3438 acolythos.
712 3359 833 3420 Ultimo
848 3358 886 3419 ad
903 3359 1017 3420 ostium
1035 3359 1243 3419 cancellorum

157 3454 257 3514 tribus
274 3453 431 3528 ductibus
451 3453 470 3513 i.
491 3474 516 3515 e.
536 3453 568 3513 in
589 3452 701 3525 medio,
720 3452 858 3512 sinistris
876 3455 907 3512 et
926 3451 1043 3513 dextris
1063 3451 1127 3510 suis
1147 3470 1243 3530 popu-

155 3546 222 3607 lum
243 3547 393 3621 incensat,
414 3546 570 3608 inclinans
591 3550 663 3607 ante
683 3551 715 3607 et
735 3550 805 3625 post
825 3543 1061 3605 incensationes.
1104 3543 1242 3605 Reverti-

155 3644 209 3702 tur
226 3639 266 3701 ad
286 3640 470 3703 sacristiam.

198 3736 225 3795 t.
247 3732 299 3793 Ad
316 3732 375 3795 11⁷.
393 3733 546 3811 Tempore
563 3732 721 3793 Memento
741 3729 879 3792 vivorum
899 3728 1028 3808 recipiet
1045 3727 1242 3789 thuribulum

154 3846 226 3888 cum
247 3825 402 3899 navicula,
423 3823 606 3904 genuflectit
629 3828 661 3886 et
683 3823 816 3883 inclinat
837 3823 876 3882 ad
900 3823 1029 3883 chorum
1051 3824 1082 3880 et
1104 3840 1135 3883 se
1158 3820 1242 3881 sistit

153 3919 193 3981 ad
210 3939 306 3982 cornu
323 3918 492 3998 Epistulae.
531 3917 684 3996 Imposito
701 3916 826 3977 incenso
842 3913 1025 3994 genuflectit
1042 3914 1074 3973 in
1093 3912 1186 3992 plano
1202 3912 1242 3974 ad

154 4012 296 4076 dextram
325 4011 578 4074 Caeremoniarii.
628 4009 678 4070 Ad
705 4009 907 4070 elevationem
936 4007 1054 4069 hostiae
1080 4010 1111 4067 et
1137 4005 1242 4067 calicis

154 4105 212 4169 SS.
242 4105 480 4168 Sacramentum
507 4104 608 4165 tribus
635 4102 781 4163 ductibus
809 4102 959 4174 incensat,
987 4100 1142 4160 inclinans
1169 4103 1241 4161 ante

152 4204 183 4261 et
208 4203 287 4279 post.
336 4197 457 4260 Deinde
481 4195 665 4277 genuflectit
690 4195 724 4255 in
749 4193 852 4255 medio
877 4196 918 4265 et,
943 4192 1010 4254 sine
1037 4190 1241 4252 inclinatione

153 4292 193 4355 ad
215 4293 355 4366 chorum,
376 4289 574 4352 thuribulum
597 4289 694 4349 refert
715 4288 804 4349 etad
828 4285 1018 4347 credentiam
1042 4283 1087 4344 vel
1111 4283 1240 4344 chorum

152 4386 329 4449 revertitur.
380 4383 504 4463 Accipit
530 4403 648 4464 paoem,
676 4400 769 4460 quam
797 4381 898 4460 primo
925 4377 1068 4457 acolytho
1094 4377 1240 4455 praebere

151 4484 262 4561 potest.
