2804 4890
525 1108 686 1256 §ura
711 1112 921 1234 doctis.

420 1357 494 1434 DE
524 1360 750 1435 RITUALI
779 1357 1040 1434 ROMANO.¹

631 1548 830 1559 ...—

605 1658 796 1737 CAPUT
829 1660 865 1737 Ι.

427 1812 484 1869 nn
511 1813 799 1871 sacnaunuro
825 1813 1040 1871 sarrrsur.

436 2152 803 2205 ANIMADVERSIONES
825 2153 1027 2205 PRAEVIAE.

229 2288 300 2352 271.
324 2290 476 2353 Fidelitcr
499 2290 689 2355 observanda
713 2302 797 2368 sunt,
821 2312 898 2374 quae
922 2313 940 2355 a
964 2293 1058 2356 Cone.
1084 2293 1166 2356 Balt.
1191 2292 1281 2358 Plen.

188 2383 233 2446 II.
261 2383 352 2447 Decr.
381 2387 516 2446 227-246
544 2385 583 2448 da
610 2385 773 2465 Baptismo
801 2391 996 2463 statuuntur,
1025 2387 1208 2468 praesertim
1236 2405 1281 2449 se

188 2479 332 2557 quentia:

229 2567 453 2631 Detestabilam
479 2575 646 2651 parentum
671 2569 896 2633 catholicorum
923 2570 1107 2647 socordiam,
1132 2571 1186 2652 qui
1211 2589 1282 2653 par-

189 2662 332 2724 vulorum
348 2668 482 2726 aetatem
498 2670 544 2726 tot
560 2663 681 2726 casibus
696 2664 862 2728 obnoxiam
879 2684 942 2726 non
959 2665 1067 2726 statim
1084 2665 1282 2744 baptismatis

189 2754 391 2817 Sacramento
421 2754 627 2818 muniendam
655 2760 777 2832 curant,
807 2755 950 2819 volumus
979 2763 1016 2821 ut
1046 2762 1185 2837 pastores
1215 2756 1281 2817 ani-

187 2867 311 2910 marum
331 2847 481 2911 acerrime
500 2868 537 2911 ac
557 2849 680 2930 saepius
701 2848 939 2930 reprehendant.
968 2850 1073 2930 (225.)

230 2943 258 3003 2.
282 2941 474 3004 Gravissima
494 2941 732 3020 reprehensione
752 2940 842 3022 digni
862 2947 937 3005 sunt
955 2942 1138 3018 sacerdotes,
1159 2942 1213 3023 qui
1234 2944 1281 3005 in·

187 3034 290 3096 fantes
305 3034 343 3096 ab
357 3035 471 3112 aliena,
486 3035 550 3096 sive
565 3035 707 3115 paroecia
722 3034 786 3097 sire
802 3033 944 3109 dioecesi,
959 3035 1019 3097 sibi
1033 3034 1152 3098 oblatos
1167 3042 1283 3099 temere

188 3127 359 3207 baptizant,
380 3148 453 3189 cum
475 3127 568 3192 facile
590 3148 607 3190 a
629 3129 756 3208 proprio
778 3136 900 3209 pastore
923 3129 1074 3208 baptizari
1097 3128 1281 3211 potuissent.

188 3219 331 3281 Abusum
345 3221 429 3282 hunc
445 3220 561 3281 iterum
575 3219 762 3282 damnamus
777 3242 812 3284 ac
827 3220 1036 3302 prohibemus.
1059 3224 1164 3302 (227.)

231 3316 260 3374 3.
283 3312 403 3374 Curent
424 3311 607 3388 sacerdotes,
628 3318 665 3376 ut
687 3332 794 3376 omnes
815 3312 931 3388 fideles,
953 3314 1137 3394 pracsertim
1157 3312 1282 3387 medici,

188 3406 337 3479 nutrices,
354 3410 446 3485 atque
465 3404 645 3468 obstetrices
663 3405 778 3485 privati
797 3405 996 3485 baptismatis
1015 3405 1198 3470 conferendi
1218 3426 1282 3470 mo·

189 3497 264 3558 dum
286 3498 345 3559 rite
364 3496 506 3560 calleant.
549 3496 665 3559 Sedulo
683 3498 779 3560 etiam
798 3497 953 3577 explicent
973 3499 1202 3577 gravissimam,
1222 3519 1283 3579 qua

189 3595 337 3651 tenentur
356 3610 463 3653 omnes
480 3588 604 3653 absente
622 3587 789 3664 sacerdote,
808 3589 1030 3667 obligationem
1051 3589 1130 3652 illud
1152 3590 1282 3653 infanti-

189 3682 255 3755 bus,
269 3682 316 3744 vel
330 3682 448 3744 adultis
460 3680 737 3755 consentientibus,
750 3682 803 3762 qui
818 3683 851 3742 in
865 3682 1007 3761 proximo
1020 3682 1131 3744 mortis
1144 3681 1283 3764 periculo

190 3776 272 3838 forte
290 3777 534 3850 constituantur,
554 3772 766 3856 impertiendi.
791 3776 897 3854 (228.)

226 3930 414 3981 rFunctioncs
439 3928 583 3993 liturgicus
609 3927 711 3994 praeci·
766 3925 934 3991 Compendii,
957 3941 984 3977 n.
1008 3927 1033 3990 3,
1056 3928 1081 3991 4,
1105 3928 1138 3980 dc
1162 3928 1288 3979 fontibus

190 4022 243 4073 pua
273 4021 323 4071 pro
354 4020 421 4056 cura
450 4005 602 4055 animarum
632 4002 710 4069 peril·
761 4002 906 4069 Liturgiao
941 4005 1067 4070 exposita
1102 4010 1166 4056 sunt
1173 4024 1181 4071 ;
1221 4006 1285 4058 item

189 4084 301 4135 claudas
321 4083 349 4132 in
371 4081 477 4133 Bituali
498 4081 619 4132 Romarm
641 4084 710 4130 trac·
766 4080 845 4130 Conc.
862 4079 903 4130 Pl.
920 4079 993 4131 Balt.
1012 4078 1051 4130 11.
1070 4079 1147 4131 Dccr.
1165 4082 1287 4132 205-223.

192 4166 296 4211 tantur.
348 4157 488 4224 Imprimis
519 4161 583 4207 sunt
615 4155 710 4207 Sacra·
763 4156 916 4208 Citationes
949 4157 1008 4209 sina
1042 4158 1138 4209 addito
1174 4158 1201 4208 in
1236 4159 1287 4211 baa

191 4239 283 4287 menta
304 4240 333 4287 et
355 4233 567 4285 sacramentalia
588 4232 712 4297 aliaeque
768 4232 824 4283 ΙΙΙ.
865 4232 949 4283 Parte
988 4236 1114 4298 sumptas
1154 4238 1218 4284 sunt
1256 4248 1288 4284 ex

190 4312 317 4379 publicae
336 4309 500 4361 functiones
768 4308 873 4360 Rituali
897 4309 1026 4361 Romo.

227 4386 412 4440 Conferantur
435 4400 504 4452 quae
525 4383 606 4437 initio
629 4384 713 4450 hujus

1137 4478 1191 4536 429
