2804 4890
156 697 210 753 DE
222 699 382 756 OFFICIO
394 699 700 759 ACOLYTHORUM
710 705 786 760 SEU
797 705 1167 761 GEROFERARIORUM
1188 694 1244 757 161

157 871 270 936 faciem
289 872 419 936 alterius
437 895 533 951 versa,
552 876 628 936 dum
649 877 758 938 Clerus
778 879 811 937 in
831 878 961 940 chorum
979 879 1197 958 progreditur3
1217 878 1244 940 si

158 985 228 1028 vero
248 965 334 1029 locus
354 967 397 1028 sit
416 968 589 1047 angustior,
612 978 694 1032 retro
716 974 785 1050 post
806 991 828 1031 s.
852 970 1033 1046 Ministros3
1055 972 1128 1032 dein
1149 971 1244 1032 simul

157 1078 229 1120 cum
246 1078 270 1120 s.
290 1058 448 1122 Ministris
466 1062 605 1121 conversi
623 1061 662 1123 111
680 1061 790 1126 Altare
808 1062 1024 1143 genuflectunt
1043 1068 1074 1125 11
1093 1063 1246 1127 accedunt

157 1150 197 1213 ad
222 1151 424 1229 credentiam,
450 1154 485 1215 in
511 1155 602 1233 cujus
628 1154 759 1234 angulos
786 1156 956 1218 anteriores
983 1155 1168 1218 candelabra
1193 1155 1244 1217 de-

157 1249 288 1324 ponunt.

199 1341 226 1398 3.
251 1338 474 1402 Genuflectunt
493 1343 632 1421 tempore
652 1340 857 1403 confessionis
877 1345 909 1405 et
927 1342 1125 1423 respondent.
1170 1341 1245 1404 Sur-

155 1435 236 1510 gunt
254 1451 327 1493 1111
345 1433 482 1512 reliquis.

200 1523 331 1598 Quando
351 1524 508 1588 Diaconus
527 1531 558 1588 et
580 1525 796 1588 Subdiaconus
815 1525 933 1602 sedent,
952 1529 1156 1608 posteriorem
1175 1547 1244 1608 par·

157 1620 220 1680 tem
232 1617 417 1680 dalmaticae
429 1625 460 1681 11
472 1619 639 1681 tunicellae
652 1639 745 1700 super
758 1619 915 1682 dorsualis
928 1621 1046 1682 scamni
1059 1619 1245 1695 extendunt,

157 1715 189 1771 et
208 1711 365 1773 inclinant
383 1711 507 1792 quando
528 1716 601 1774 ante
623 1711 839 1775 Celebrantem
860 1712 1057 1792 procedunt.⁴

198 1806 227 1865 4.
250 1804 403 1884 Imposito
422 1806 546 1868 incenso
564 1810 634 1885 post
653 1805 861 1885 Evangelium
879 1827 897 1868 a
916 1806 1100 1870 Celebrante
1117 1807 1244 1881 lectum,

156 1902 318 1977 sequentes
339 1897 590 1973 thuriferarium,
613 1898 764 1961 accedunt
786 1904 858 1961 ante
880 1898 989 1962 Altare
1011 1899 1155 1981 pluribus
1175 1919 1244 1980 pas-

155 1990 240 2052 sibus
254 1990 292 2053 ab
306 2011 341 2053 eo
355 1991 558 2053 subsistentes
572 1991 685 2071 absque
699 1990 925 2071 genuflexione.
964 1990 1045 2052 Dein
1061 1991 1156 2053 simul
1172 2011 1244 2053 cum

157 2082 295 2148 Diacono
322 2088 354 2145 et
383 2083 579 2145 Subdiacouo
607 2083 833 2164 genuflectunt,
862 2083 1017 2148 inclinant
1045 2083 1085 2145 ad
1114 2084 1244 2146 chorum

157 2177 264 2240 lateris
287 2176 447 2258 Epistolae
469 2183 501 2240 et
525 2178 700 2258 Evangelii,
724 2183 837 2258 petunt
860 2177 964 2239 locum
988 2178 1117 2240 solitum
1142 2177 1244 2238 Evau-

157 2270 232 2350 gelii
248 2274 281 2333 et
296 2290 329 2333 se
343 2271 462 2333 sistunt
479 2272 601 2350 primus
619 2291 636 2333 a
654 2270 783 2345 dextris,
801 2270 954 2331 secundus
973 2290 990 2332 a
1009 2270 1146 2331 sinistris
1166 2269 1244 2330 Sola

157 2364 290 2440 diaconi,
313 2368 400 2443 tergo
421 2364 460 2426 ad
482 2365 633 2444 parietem
657 2383 753 2439 verso,
775 2384 838 2426 non
861 2362 1049 2425 inclinantes
1071 2383 1126 2424 111
1147 2382 1243 2441 genu-

157 2456 315 2522 flectentes
331 2458 416 2519 intra
434 2458 649 2537 Evangelium.

199 2555 226 2613 5.
251 2552 359 2615 Finito
383 2552 554 2631 Evangelio
580 2552 710 2613 redeunt
735 2556 808 2614 ante
832 2550 972 2613 medium
998 2550 1117 2626 Altare,
1143 2550 1243 2611 tribus

156 2649 325 2724 quatuorve
351 2645 491 2725 passibus
517 2644 555 2706 ab
583 2645 691 2704 infimo
716 2644 816 2723 gradu
841 2642 1057 2723 genuflectunt
1090 2642 1168 2721 (non
1195 2641 1242 2703 in-

156 2738 309 2800 clinantes
333 2738 443 2815 choro)
473 2743 504 2801 et
529 2737 681 2799 111111111
706 2736 745 2797 ad
770 2736 972 2798 credentiam.
1021 2733 1243 2797 Genullectunt

156 2830 196 2892 ad
211 2831 255 2893 Bt
271 2831 462 2893 incarnatus.

199 2928 226 2986 6.
249 2924 299 2985 Ad
318 2924 524 2986 Offertorium
541 2923 694 2985 secundus
712 2922 873 3000 acolythus
891 2921 990 3001 plicat
1008 2921 1110 2984 velum
1127 2920 1243 2996 calicis,

157 3020 277 3099 primus
297 3017 451 3099 ampullas
472 3018 536 3077 vini
559 3022 589 3079 et
610 3037 706 3095 aquae
727 3021 796 3096 post
820 3015 1053 3076 Subdiaconum
1073 3014 1113 3076 ad
1134 3014 1243 3076 Altare

156 3112 257 3187 affert,
276 3116 383 3192 postea
403 3111 508 3174 refert.
551 3110 601 3170 Ad
621 3111 744 3171 Lavabo
766 3108 944 3170 Celebranti
964 3108 1159 3180 ministrant,
1179 3106 1243 3186 pri·

156 3225 225 3266 mus
244 3205 489 3283 manutergium,
508 3202 662 3264 secundus
681 3221 802 3280 aquam.

198 3296 398 3377 Respondent
420 3295 619 3358 inclinationi
644 3293 840 3356 thuriferarii
863 3297 936 3354 1111
958 3296 990 3354 11
1011 3296 1082 3373 post
1103 3291 1243 3354 incensa·

157 3391 283 3453 tionem.

198 3488 225 3546 1.
250 3485 326 3548 Post
343 3483 468 3548 Grotius
483 3503 612 3563 1911111
629 3485 765 3561 pergunt
781 3479 820 3542 ad
838 3479 1024 3554 sacristiam,
1040 3478 1068 3541 si
1084 3476 1243 3541 intortitia

156 3599 211 3659 pro
230 3578 412 3640 Elevatione
430 3577 503 3638 inde
519 3574 676 3636 efferenda
693 3575 740 3634 acl
759 3572 955 3635 accendenda
973 3572 1046 3633 sint.

196 3672 245 3734 Ad
270 3673 408 3735 Sanctus
432 3668 605 3751 procedunt
629 3667 805 3730 deferentes
830 3665 989 3726 intortitia
1019 3664 1094 3744 (vel,
1119 3684 1157 3727 111
1181 3664 1243 3726 fre-

155 3767 263 3847 quenti
277 3764 514 3838 consuetudine,
529 3761 747 3839 candelabra),
762 3759 978 3840 genuflectunt
993 3759 1027 3820 in
1041 3758 1144 3820 medio
1160 3778 1243 3840 pres-

156 3861 284 3940 byterio,
320 3860 461 3921 salutant
495 3857 623 3918 chorum
660 3860 691 3917 et
727 3874 758 3916 se
796 3853 938 3921 11111111,
975 3855 1007 3914 11
1042 3852 1243 3930 sejungentes

156 3953 285 4016 flectunt
299 3958 432 4032 utroque
445 3970 537 4031 genu.
580 3946 824 4026 (Campanulam
840 3945 877 4006 ad
894 3945 1074 4023 'l'risagium
1088 3948 1119 4006 et
1135 3943 1243 4006 Eleva-

156 4048 272 4110 tionem
290 4045 371 4108 alter
391 4046 529 4125 ipsorum
549 4040 663 4122 pulsat,
683 4039 743 4099 nisi
764 4037 934 4118 quisalius
955 4037 1010 4097 lroc
1031 4036 1194 4116 praestat.)

196 4144 223 4200 8.
248 4140 324 4201 Post
347 4135 563 4199 Elevationem
591 4133 653 4212 (vel
676 4128 1062 4204 communionem-vide
1084 4147 1188 4208 supra,
1210 4149 1242 4190 n.

151 4352 234 4388 acono
250 4337 359 4402 quando
374 4335 481 4386 casulas
495 4332 614 4399 plicatas
629 4330 672 4378 de·
724 4325 895 4376 subdiacono
928 4329 957 4376 et
990 4325 1111 4375 Diacono
1144 4325 1245 4376 librum

152 4419 256 4480 ponunt
275 4415 318 4464 vel
338 4415 485 4464 resumunt.
523 4407 672 4458 Deficiente
723 4404 849 4469 porrigit,
902 4401 1156 4464 Subdiaconumque
1208 4402 1245 4454 ad

151 4489 369 4547 caeremoniario
397 4489 501 4555 primus
530 4484 673 4548 acolythus
724 4481 876 4546 Epistolam
898 4479 1054 4531 comitatur.
