2804 4890
163 702 221 767 174
262 711 316 767 DE
339 710 460 766 MISSA
483 707 666 766 CANTATA
688 707 739 763 ΕΤ
760 706 893 765 CANTU
915 702 1164 764 accusantes.

558 1389 747 1466 CAPUT
776 1389 857 1468 IX.

270 1601 328 1656 DE
355 1601 480 1657 mssa
509 1602 707 1657 ΕΑΝΤΑΤΑ
735 1603 832 1658 SINE
861 1603 889 1658 S.
917 1601 1146 1668 mulsnms,

361 1686 415 1741 ET
448 1687 505 1742 DE
537 1686 680 1741 CANTU
714 1686 1055 1743 ECCLESIASTICO.

622 1885 737 1956 ART.
763 1886 792 1956 Ι.

505 2068 554 2118 DE
576 2068 691 2118 atissa
712 2069 910 2119 (ῘΑΝΊἋΤΑ.1

204 2240 255 2304 98.
276 2242 507 2325 Procporando.
554 2243 624 2319 Sex,
656 2243 702 2305 vel
734 2243 844 2306 saltem
876 2248 1010 2325 quatuor
1039 2241 1185 2305 candelae
1215 2261 1255 2306 ex

163 2357 233 2399 cera
249 2357 342 2417 super
359 2336 464 2399 Alteri
481 2337 718 2400 accenduntur.²

205 2431 276 2492 Duo
295 2431 429 2509 acolythi
450 2432 652 2493 inservientes
671 2432 894 2512 superpelliceo
913 2452 1005 2512 super
1024 2432 1118 2496 talari
1138 2431 1255 2507 induti,

163 2526 189 2586 si
212 2526 276 2588 sint
297 2526 401 2589 clerici
424 2526 573 2601 ordinati,
594 2531 725 2606 possunt
747 2526 875 2588 calicem
897 2546 968 2587 eum
991 2527 1077 2590 omni
1100 2531 1255 2606 apparatu

165 2640 348 2700 praeparare
365 2626 396 2682 et
412 2640 505 2700 super
520 2621 678 2699 corporale
696 2621 728 2681 in
746 2621 848 2683 Alteri
865 2640 990 2700 ponere,
1006 2626 1037 2683 et
1053 2620 1211 2701 pyxidem,
1228 2620 1254 2681 si

164 2734 241 2793 opus
257 2716 308 2790 sit,
323 2719 393 2794 post
407 2715 552 2789 ealiccm;
568 2716 644 2777 itcm
660 2715 786 2776 Missale
801 2719 945 2794 apertum
960 2735 1054 2795 super
1068 2714 1169 2794 legile.
1215 2713 1255 2775 In

165 2809 307 2870 sacristia
325 2815 356 2871 et
376 2809 534 2871 credentia
555 2809 590 2872 fit
611 2814 647 2873 ut
667 2809 700 2869 in
721 2808 817 2870 Missa
837 2809 968 2889 privata.

207 2906 234 2962 2.
260 2902 425 2964 Celebrans
439 2908 544 2964 cantat
561 2903 668 2965 Gloria
686 2904 836 2983 (quatuor
850 2901 1256 2982 uerba),Domiauaoob1's-

166 3019 246 3067 enoi,
267 2996 429 3071 Colleclas,
454 2997 613 3076 (Epistola
630 3018 648 3058 a
667 2998 769 3077 primo
787 2998 929 3076 acolytho
947 2998 1058 3062 clerieo
1076 2998 1250 3075 cantatur,)

167 3091 383 3169 Evangelium,
400 3092 499 3153 Credo
521 3093 671 3170 (quatuor
688 3091 810 3165 verba),
825 3092 982 3154 Dominus
997 3093 1164 3163 uobiscum,
1180 3093 1256 3155 Orc-

166 3208 245 3251 mus,
274 3186 505 3247 Praelatiuucm
533 3190 564 3247 et
591 3186 686 3246 I'olcr
714 3190 817 3246 uosloi·
849 3194 985 3265 (semper
1013 3187 1167 3263 integra),
1193 3187 1257 3249 Per

167 3280 273 3344 coartio
288 3283 419 3350 soeculo.
437 3286 494 3344 etc.
511 3301 582 3343 cum
599 3281 668 3343 Poe·
684 3279 825 3353 Domini,
840 3286 910 3358 etc,
927 3282 1085 3343 Dominus
1100 3281 1259 3345 uobiscum

168 3380 199 3435 et
219 3374 550 3446 l‘ost-couuuuuiones,
566 3371 721 3434 Ilomiuus
740 3374 893 3433 uobiscum
911 3380 940 3434 ct
957 3375 974 3434 I
979 3379 1007 3435 tc
1024 3374 1121 3434 illisae
1137 3379 1192 3439 cst.
1209 3373 1256 3434 vel

167 3468 393 3529 Beieeclicomus
408 3467 542 3529 llomiuo
557 3474 611 3527 uul
626 3466 832 3546 llequioscool
847 3468 878 3528 iu
895 3488 978 3547 poce.
1023 3467 1116 3528 “Alia
1131 3487 1208 3547 quae
1224 3467 1256 3527 in

168 3562 264 3623 Missa
285 3563 409 3641 privata
431 3561 581 3622 dicuutur
602 3561 685 3621 clara
707 3580 788 3631 voce,
811 3561 843 3621 iu
868 3561 964 3622 Missa
985 3566 1110 3623 cantatu
1132 3581 1150 3623 a
1172 3559 1256 3622 Cele-

168 3658 277 3719 braule
304 3657 455 3718 dicuutur
483 3656 636 3715 suluuissa
664 3653 765 3723 vocc,’'
794 3655 813 3715 i.
842 3678 866 3716 e.
897 3655 952 3716 tuli
980 3662 1017 3716 ut
1044 3655 1181 3716 ministri
1211 3675 1257 3716 re·

167 3753 319 3831 spondere
336 3751 466 3812 ualeant.
512 3749 693 3809 Benedictio
711 3755 814 3809 tamen
834 3750 863 3809 in
883 3750 942 3809 linc
960 3749 1073 3810 Missae
1089 3749 1258 3810 cuteclara

168 3847 235 3907 (luri
258 3847 372 3906 ‹leliel.³

208 4023 335 4073 ¹Plures
354 4022 456 4073 Missae
475 4021 569 4072 cadem
589 4019 634 4070 dic
654 4019 687 4070 dc
740 4021 822 4072 simos
857 4026 989 4074 auctores.
1035 4021 1091 4073 Soli
1127 4023 1263 4089 Episcopo

168 4102 260 4152 aedem
279 4101 373 4150 Officio
391 4101 496 4151 cantari
516 4104 636 4164 possunt.
655 4099 687 4149 D.
744 4096 908 4148 Dieeecsano
930 4096 1126 4163 pontificaliter
1146 4098 1260 4148 Missam

174 4176 214 4225 12.
228 4175 284 4225 Jul.
303 4176 376 4224 1901.
391 4190 416 4223 n.
431 4174 507 4224 4077.
525 4175 563 4224 12.
749 4174 815 4233 (non
838 4175 870 4224 dc
891 4175 1006 4239 Requie)
1031 4175 1180 4224 celebranti
1202 4189 1259 4238 sep·

208 4251 297 4301 ²Cfr.
319 4266 361 4300 uo.
383 4251 424 4312 91,
446 4252 469 4300 2.
508 4250 688 4301 sextantum
745 4254 798 4298 lem
816 4252 945 4301 candelae
963 4254 1128 4315 competunt.
1164 4250 1262 4301 Plures

173 4328 310 4389 candelae,
334 4342 382 4376 nec
406 4328 505 4391 plures,
529 4341 578 4391 pro
603 4327 689 4376 slim
744 4340 834 4376 coram
861 4328 908 4377 SS.
936 4327 1112 4378 Sacramenta
1137 4327 1261 4392 exposito

173 4409 286 4456 cantata
317 4404 504 4454 accendendas
535 4408 613 4463 sunt3
649 4403 689 4452 ita
745 4404 936 4453 accenduntur.

173 4483 257 4531 multo
274 4479 444 4546 probabilius
457 4480 540 4544 juxta
555 4479 688 4544 probatia-
781 4483 792 4514 ³
813 4479 866 4528 Bit.
884 4479 959 4531 Mica
974 4480 1042 4532 xll.
1058 4480 1082 4534 7.
