2804 4890
154 677 193 740 58
278 687 331 742 DE
354 685 592 757 QUIBUSDAM
617 684 749 742 Missrs
773 685 816 740 IN
840 683 1121 744 PARTIOULARI.

320 917 355 978 E.
378 915 423 979 ne
445 913 648 977 orationibus
670 914 705 975 in
726 913 833 976 Missis
854 913 1095 979 Defunctorurn.

194 1066 244 1130 ³4.
268 1067 315 1128 De
330 1067 533 1128 Orationibus
547 1072 578 1129 et
595 1067 763 1146 Sequentia
777 1066 918 1129 dicendis
933 1069 967 1129 in
983 1067 1089 1130 Missis
1104 1067 1243 1131 Defunc-

153 1166 257 1222 torum
278 1162 309 1222 S.
329 1161 364 1221 R.
386 1161 419 1221 O.
439 1161 624 1222 declaravit:

196 1259 222 1316 1.
246 1255 373 1316 “Unam
392 1259 517 1315 tantum
535 1274 599 1316 esse
616 1255 780 1317 dicendam
800 1255 982 1317 Orationem
1001 1257 1034 1317 in
1055 1255 1161 1317 Missis
1179 1276 1241 1319 om-

150 1349 253 1423 nibus,
265 1368 342 1428 quae
356 1347 552 1410 celebrantur
565 1349 597 1408 in
612 1349 914 1411 Commemoratione
927 1349 1070 1410 omnium
1085 1349 1243 1412 Fidelium

152 1442 394 1516 Defunctorum‚
419 1441 470 1503 die
493 1447 525 1503 et
549 1462 605 1521 pro
629 1442 679 1502 die
703 1441 807 1503 obitus
831 1462 884 1503 seu
910 1442 1125 1521 (depositionis,
1150 1449 1242 1523 atque

152 1538 247 1598 etiam
266 1537 299 1597 in
320 1536 425 1598 Missis
444 1537 588 1610 cantatis,
608 1536 654 1596 rel
674 1535 761 1596 lectis
787 1583 793 1596 .
824 1584 831 1595 .
863 1584 869 1596 .
895 1535 1003 1597 diebus
1023 1540 1062 1610 3.,
1084 1540 1122 1610 t,
1142 1540 1191 1597 30.
1212 1543 1241 1599 et

151 1631 202 1691 die
223 1630 446 1704 anniversaria,
467 1649 587 1691 necnon
609 1629 865 1709 quandocumque
887 1649 943 1708 pro
964 1630 1123 1692 defunctis
1147 1631 1242 1692 Missa

151 1724 335 1798 celebratur,
349 1724 405 1785 sub
421 1724 485 1785 ritu
501 1724 553 1803 qui
570 1721 689 1802 duplici
705 1722 908 1802 respondeat;
924 1724 971 1785 uti
988 1725 1020 1784 in
1037 1723 1145 1787 Officio
1161 1723 1240 1803 quod

152 1819 304 1880 recitatur
320 1822 390 1897 post
407 1821 570 1897 acceptum
587 1817 736 1877 nuntium
754 1817 792 1878 de
809 1817 943 1878 alieuius
960 1818 1058 1892 obitu,
1075 1822 1107 1880 et
1125 1818 1159 1878 in
1178 1817 1241 1878 An-

152 1912 332 1974 niversariis
354 1910 416 1973 late
435 1911 607 1990 sumptis²⁸

194 2009 222 2068 2.
247 2006 286 2066 In
303 2006 409 2065 Missis
425 2004 617 2084 quotidianis
634 2004 890 2084 quibuscumque,
907 2005 970 2067 sive
987 2004 1075 2066 lectis
1091 2005 1155 2066 sive
1171 2025 1241 2066 eum

151 2102 285 2174 ιἰιιιιιι,29
302 2099 406 2179 plures
422 2119 486 2161 esse
503 2098 649 2159 dicendas
668 2098 843 2171 Orationes,
860 2118 992 2177 quarum
1008 2099 1112 2178 prima
1128 2099 1170 2159 sit
1186 2117 1242 2178 pro

152 2193 301 2255 defuncto
317 2192 362 2253 vel
377 2192 536 2254 defunctis
551 2197 634 2253 certo
648 2191 830 2269 designatis,
846 2212 902 2271 pro
916 2192 1028 2271 quibus
1045 2191 1241 2252 Sacrificium

152 2287 293 2358 offertur,
312 2307 349 2348 ex
368 2287 406 2346 iis
424 2305 501 2366 quae
521 2285 737 2346 inscribuntur
757 2287 788 2346 iu
810 2285 941 2358 Missali,
960 2285 1095 2346 secunda
1113 2284 1153 2346 ad
1173 2284 1241 2345 libi·

152 2386 231 2454 tum,
251 2380 365 2442 ultima
386 2399 441 2458 pro
463 2380 606 2440 omnibus
628 2379 825 2440 defunctis.³⁰

195 2479 222 2534 3.
248 2475 282 2536 Si
304 2494 375 2536 vero
396 2493 452 2552 pro
474 2473 632 2535 defunctis
655 2473 687 2532 in
709 2492 821 2550 genere
843 2472 940 2532 Missa
962 2472 1143 2546 celebretur,
1166 2472 1242 2533 Ora·

152 2571 252 2632 tiones
274 2589 337 2631 esse
360 2567 517 2641 dicendas,
540 2586 617 2645 quae
640 2586 696 2645 pro
719 2566 825 2626 Missis
847 2565 1039 2645 quotidianis
1063 2566 1096 2626 in
1121 2565 1242 2627 Missali

152 2667 313 2742 prostant3
327 2661 494 2740 eodemque
507 2660 616 2722 ordine
630 2680 690 2739 quo
704 2660 746 2720 ibi
761 2665 835 2721 sunt
850 2659 1026 2737 inscriptae.

194 2761 222 2816 4.
247 2755 335 2829 Quod
355 2756 380 2814 si
401 2756 433 2815 in
452 2753 563 2815 iisdem
582 2753 775 2832 quotidianis
795 2753 901 2813 Missis
920 2753 1025 2832 plures
1043 2752 1157 2815 addere
1176 2772 1241 2815 ora-

152 2851 252 2910 tiones
277 2849 455 2911 Celebrauti
480 2848 643 2927 placuerit,
673 2895 679 2908 .
716 2895 722 2907 .
759 2895 765 2907 .
795 2848 827 2908 id
853 2847 918 2908 lieri
945 2866 1032 2926 posse
1056 2851 1183 2908 tantum
1210 2848 1242 2908 in

153 2943 257 3004 Missis
275 2943 374 3016 lectiS,
393 2943 505 3022 impari
525 2961 596 3002 enni
615 2941 686 3002 aliis
704 2941 905 3020 praescriptis
923 2946 1043 3002 serrato
1062 2961 1194 3003 numero
1212 2949 1242 3002 et

151 3037 285 3098 orationi
304 3056 360 3115 pro
377 3037 521 3096 omuibus
538 3035 697 3096 defunctis
715 3040 870 3113 postremo
888 3035 954 3094 loro
972 3033 1162 3112 assignato.''
1175 3037 1198 3068 ³¹

192 3136 219 3193 5.
244 3131 283 3190 In
302 3131 408 3191 Missis
425 3130 463 3192 de
480 3130 560 3190 feria
579 3132 625 3192 rel
643 3129 751 3209 vigilia
775 3130 822 3208 (ιι.
841 3132 890 3190 33.
914 3129 963 3207 (a)
992 3129 1039 3210 (f)
1069 3127 1122 3209 (q)
1152 3127 1240 3210 (lai)

151 3225 324 3285 orationem
345 3222 458 3284 addere
478 3221 550 3283 licet
571 3242 626 3302 pro
648 3221 815 3282 llel‘uuctis
835 3241 891 3301 pro
910 3223 1023 3300 ‹pubus
1044 3221 1241 3281 Sacrificium

151 3317 338 3397 applicatur,
361 3317 484 3377 etiamsi
509 3317 761 3378 commemoratio
786 3316 841 3376 liat
863 3314 900 3377 de
924 3315 1004 3375 festo
1027 3314 1157 3394 duplici.

195 3412 228 3472 si
245 3412 318 3471 llaec
334 3410 433 3471 oratio
449 3410 594 3480 addatur,
611 3429 672 3471 uon
690 3409 901 3470 excluduntur
918 3408 1093 3479 Orationes,
1110 3408 1148 3469 de
1164 3415 1240 3470 tenr-

152 3525 234 3583 pore‚
257 3505 317 3564 nisi
341 3508 484 3565 occurrat
506 3504 759 3564 commemoratio
783 3501 928 3581 duplicis,
952 3522 1007 3562 nee
1031 3501 1241 3563 attendendus

150 3604 197 3661 est
222 3618 370 3658 numerus
397 3598 595 3668 Orationum,
621 3603 726 3657 utrum
754 3597 796 3656 sit.
820 3596 927 3674 dispar
952 3615 1065 3657 aunon.

194 3692 279 3754 Haec
305 3693 405 3754 oratio
430 3712 551 3772 senrper
578 3690 702 3752 recitari
728 3688 819 3752 debet
844 3687 1038 3768 paenultimo
1065 3688 1131 3751 loco
1157 3689 1241 3751 inter

184 3883 209 3916 ²⁸
228 3877 258 3928 Si
274 3878 355 3929 unica
369 3878 477 3928 dicatur
492 3876 589 3938 oratio,
604 3877 670 3927 baec
757 3879 783 3912 ⁸⁰
803 3872 832 3922 Si
853 3873 940 3924 Missa
960 3873 993 3924 do
1012 3873 1115 3938 Requie
1134 3875 1243 3939 legatur

148 3955 309 4005 conveniens
339 3969 396 4005 esse
428 3954 508 4004 debet
539 3952 669 4017 personis,
721 3965 770 4014 pro
789 3966 841 4001 uno
858 3955 886 4001 et
904 3965 959 4000 una
977 3950 1117 4001 defunctis
1135 3952 1243 4003 dicatur

149 4046 197 4095 pro
222 4031 321 4095 quibus
345 4031 506 4081 celebratur.
552 4029 670 4079 Proinde
724 4027 853 4088 “samuli
898 4031 925 4076 et
970 4028 1093 4088 samalus
1140 4029 1242 4090 tuae,”

149 4109 206 4158 loco
234 4107 375 4167 orationis,
405 4121 473 4170 quae
501 4106 612 4170 ponitur
642 4105 669 4153 in
720 4105 828 4167 quando
865 4120 917 4155 non
955 4105 1161 4170 experimontnr
1198 4122 1241 4158 no·

150 4186 235 4235 Missa
257 4199 307 4249 pro
332 4185 375 4233 die
399 4182 585 4233 anniversario
609 4186 669 4243 etc,
722 4182 810 4239 mina;
829 4196 905 4231 secus
922 4181 1029 4232 dicatur
1046 4183 1242 4244 ιὟαιιιιιὶονιιιιι

148 4262 204 4311 alia
223 4261 383 4311 conveniens
401 4259 469 4307 sumi
490 4262 580 4323 potest
599 4273 622 4307 v.
643 4273 668 4319 g.
723 4259 869 4307 tuorum.”
902 4259 934 4309 D.
961 4261 1000 4310 14.
1024 4260 1089 4311 Jun.
1115 4262 1191 4325 1901,
1215 4277 1241 4312 ιι.

149 4339 169 4387 si
188 4338 313 4387 sacerdos
329 4336 446 4387 celebret
464 4349 513 4399 pro
530 4334 669 4384 defrmetis
721 4336 797 4386 4074.
819 4337 842 4386 7.

149 4413 315 4479 parentibus.
757 4420 779 4452 ³¹
801 4412 833 4462 D.
851 4412 892 4462 30.
909 4412 974 4463 Jun.
993 4413 1068 4478 1896,
1085 4429 1111 4464 n.
1129 4414 1206 4468 3920.

184 4496 210 4528 ²⁹
232 4491 321 4540 litiani
341 4504 399 4537 cum
419 4487 504 4536 sacris
526 4486 668 4536 Ministris.
