2804 4890
368 678 455 736 APP.
479 681 522 736 11.
562 681 617 736 DE
639 680 928 740 cfflno'rffloole.
1132 669 1196 736 577

544 937 659 1009 ART.
684 935 751 1010 IV.

481 1120 531 1171 DE
554 1120 815 1174 GHIBO'I'HEOIS.

143 1291 214 1356 362.
237 1293 451 1369 chirothecae,
464 1291 729 1373 quemadmodum
740 1313 853 1359 nomen
866 1293 996 1372 indicat,
1006 1295 1196 1358 adhibentur

103 1387 141 1448 ad
174 1386 382 1467 contegendos
404 1389 534 1448 manus.
589 1386 763 1466 Episcopus
792 1387 837 1449 eis
868 1389 971 1449 utitur
1001 1386 1196 1450 solummodo

104 1481 137 1541 in
161 1479 258 1541 Missa
282 1477 461 1542 Pontifioali
485 1482 516 1541 et
538 1477 693 1554 sollemni,
717 1483 748 1542 et
770 1479 898 1560 insuper
921 1481 954 1542 in
978 1481 1082 1562 prima
1105 1480 1195 1541 dum·

104 1575 191 1636 taxat
217 1574 315 1652 parte,
342 1571 380 1633 ab
407 1571 501 1632 initio
528 1590 625 1650 usque
650 1572 689 1633 ad
719 1572 933 1635 Offertorium.
979 1573 1063 1636 Usus
1090 1578 1193 1635 autem

104 1665 177 1741 fert,
203 1669 240 1727 ut
267 1664 476 1726 adhibeantur
502 1663 597 1726 etiam
626 1664 658 1725 in
685 1664 782 1727 Missa
809 1664 1028 1742 ordinationis,
1055 1666 1197 1746 quamvis
1271 1732 1274 1738 ,

103 1758 171 1821 sine
196 1763 303 1832 cantu,
329 1757 376 1820 vel
403 1755 513 1819 saltem
541 1756 608 1819 sine
635 1754 845 1821 sollemnitate
873 1757 937 1821 fiat.
985 1758 1102 1821 Locum
1132 1779 1195 1821 non

103 1850 270 1912 habentia
290 1849 387 1911 Missa
406 1849 637 1912 defunctorum.
678 1850 891 1930 Imponuntur
911 1852 1066 1932 Episcopo
1089 1853 1196 1931 (juxta

105 1942 260 2022 Caerem.)
290 1962 346 2023 per
370 1941 535 2003 diaconum
564 1943 596 2003 in
623 1943 749 2005 dextera
775 1949 806 2006 et
831 1964 886 2023 per
912 1943 1137 2006 subdiaconum
1162 1944 1196 2005 in

104 2037 242 2112 sinistra,
261 2037 350 2117 prius
370 2036 410 2097 iis
429 2055 484 2116 per
505 2035 694 2098 alterutrum
715 2035 870 2100 osculatis.

147 2134 174 2192 2.
197 2129 267 2191 Mos
296 2128 448 2190 induendi
477 2129 669 2191 chirothecas
697 2129 821 2190 videtur
849 2128 938 2209 prius
966 2129 1133 2192 invaluisse
1163 2130 1194 2190 in

105 2222 207 2285 Gallia
226 2223 308 2284 circa
327 2221 484 2284 saeculum
506 2222 572 2283 fere
593 2221 645 2295 X.,
665 2221 749 2282 unde
770 2225 875 2300 postea
897 2221 936 2282 ad
957 2221 1035 2283 alias
1056 2223 1197 2301 regiones

104 2315 240 2378 transiit.
293 2314 399 2376 Etiam
432 2314 464 2375 in
496 2311 682 2376 chirothecis
714 2313 885 2392 requiritur
914 2313 998 2375 color
1029 2314 1195 2393 liturgicus

103 2407 175 2470 aliis
195 2408 387 2490 paramentis
408 2425 573 2486 congruus.

146 2504 174 2564 3.
197 2500 343 2576 Materia,
371 2521 387 2562 e
413 2520 474 2580 qua
503 2497 715 2562 coniiciuntur
739 2498 944 2574 chirothecae,
971 2503 1018 2562 est
1044 2500 1196 2575 sericum3

105 2596 191 2657 velut
208 2598 337 2658 omatus
358 2594 390 2654 in
410 2592 501 2654 dorso
521 2613 633 2653 manus
653 2593 766 2671 apponi
790 2590 867 2653 solet
887 2611 982 2671 parva
1003 2612 1080 2654 crux
1100 2592 1195 2654 serica

105 2687 151 2750 vel
171 2686 324 2752 etiamen
344 2706 420 2750 auro
439 2684 485 2748 vel
507 2688 636 2766 argento
654 2682 806 2747 coniecta.
