<?xml version="1.0" encoding="UTF-8"?>
<!DOCTYPE html PUBLIC "-//W3C//DTD XHTML 1.0 Transitional//EN"
    "http://www.w3.org/TR/xhtml1/DTD/xhtml1-transitional.dtd">
<html xmlns="http://www.w3.org/1999/xhtml" xml:lang="en" lang="en">
 <head>
  <title>
</title>
<meta http-equiv="Content-Type" content="text/html;charset=utf-8" />
  <meta name='ocr-system' content='tesseract 3.04.00' />
  <meta name='ocr-capabilities' content='ocr_page ocr_carea ocr_par ocr_line ocrx_word'/>
</head>
<body>
  <div class='ocr_page' id='page_1' title='image "./compendiumsacra00wapegoog_0074.png"; bbox 0 0 2804 4890; ppageno 0'>
   <div class='ocr_carea' id='block_1_1' title="bbox 429 708 1241 780">
    <p class='ocr_par' dir='ltr' id='par_1_1' title="bbox 429 708 1241 780">
     <span class='ocr_line' id='line_1_1' title="bbox 429 708 1241 780; baseline -0.01 -1"><span class='ocrx_word' id='word_1_1' title='bbox 429 723 483 780; x_wconf 82' lang='lat' dir='ltr'><strong>DE</strong></span> <span class='ocrx_word' id='word_1_2' title='bbox 505 723 638 780; x_wconf 88' lang='lat' dir='ltr'><strong>MISSIS</strong></span> <span class='ocrx_word' id='word_1_3' title='bbox 661 723 964 779; x_wconf 83' lang='lat' dir='ltr'><strong>DEFUNCTORUM</strong></span> <span class='ocrx_word' id='word_1_4' title='bbox 1201 708 1241 773; x_wconf 88' lang='grc'><strong>57</strong></span> 
     </span>
    </p>
   </div>
   <div class='ocr_carea' id='block_1_2' title="bbox 149 888 1244 4564">
    <p class='ocr_par' dir='ltr' id='par_1_2' title="bbox 151 888 1241 1721">
     <span class='ocr_line' id='line_1_2' title="bbox 151 888 1240 963; baseline -0.007 -12"><span class='ocrx_word' id='word_1_5' title='bbox 151 892 313 951; x_wconf 81' lang='lat' dir='ltr'><strong>immediate</strong></span> <span class='ocrx_word' id='word_1_6' title='bbox 331 891 473 963; x_wconf 80' lang='lat' dir='ltr'>sequenti,</span> <span class='ocrx_word' id='word_1_7' title='bbox 492 890 656 948; x_wconf 87' lang='lat' dir='ltr'><strong>celebrandi</strong></span> <span class='ocrx_word' id='word_1_8' title='bbox 676 889 797 946; x_wconf 85' lang='lat' dir='ltr'>Missam</span> <span class='ocrx_word' id='word_1_9' title='bbox 817 890 991 960; x_wconf 71' lang='lat' dir='ltr'><strong>deiloquis,</strong></span> <span class='ocrx_word' id='word_1_10' title='bbox 1011 888 1041 945; x_wconf 92' lang='lat' dir='ltr'><strong>iu</strong></span> <span class='ocrx_word' id='word_1_11' title='bbox 1061 905 1240 959; x_wconf 90' lang='lat' dir='ltr'><strong>quocumque</strong></span> 
     </span>
     <span class='ocr_line' id='line_1_3' title="bbox 151 972 1240 1049; baseline -0.007 -13"><span class='ocrx_word' id='word_1_12' title='bbox 151 979 254 1048; x_wconf 81' lang='lat' dir='ltr'><strong>Alteri,</strong></span> <span class='ocrx_word' id='word_1_13' title='bbox 275 978 363 1035; x_wconf 90' lang='lat' dir='ltr'><strong>etiam</strong></span> <span class='ocrx_word' id='word_1_14' title='bbox 385 976 528 1049; x_wconf 89' lang='lat' dir='ltr'><strong>portatili,</strong></span> <span class='ocrx_word' id='word_1_15' title='bbox 549 982 578 1033; x_wconf 92' lang='lat' dir='ltr'><strong>et</strong></span> <span class='ocrx_word' id='word_1_16' title='bbox 599 976 743 1033; x_wconf 90' lang='lat' dir='ltr'><strong>liberandi</strong></span> <span class='ocrx_word' id='word_1_17' title='bbox 763 976 876 1032; x_wconf 88' lang='lat' dir='ltr'><strong>animas</strong></span> <span class='ocrx_word' id='word_1_18' title='bbox 896 974 1053 1030; x_wconf 89' lang='lat' dir='ltr'><strong>secundum</strong></span> <span class='ocrx_word' id='word_1_19' title='bbox 1076 992 1175 1030; x_wconf 89' lang='lat' dir='ltr'><strong>eorum</strong></span> <span class='ocrx_word' id='word_1_20' title='bbox 1196 972 1240 1029; x_wconf 91' lang='lat' dir='ltr'><strong>in-</strong></span> 
     </span>
     <span class='ocr_line' id='line_1_4' title="bbox 151 1059 1240 1135; baseline -0.006 -14"><span class='ocrx_word' id='word_1_21' title='bbox 151 1065 305 1122; x_wconf 89' lang='lat' dir='ltr'><strong>tentionem</strong></span> <span class='ocrx_word' id='word_1_22' title='bbox 330 1082 348 1120; x_wconf 91' lang='lat' dir='ltr'><strong>a</strong></span> <span class='ocrx_word' id='word_1_23' title='bbox 373 1063 540 1134; x_wconf 86' lang='lat' dir='ltr'><strong>purgatorii</strong></span> <span class='ocrx_word' id='word_1_24' title='bbox 564 1062 667 1135; x_wconf 88' lang='lat' dir='ltr'><strong>poenis</strong></span> <span class='ocrx_word' id='word_1_25' title='bbox 693 1080 746 1133; x_wconf 90' lang='lat' dir='ltr'><strong>per</strong></span> <span class='ocrx_word' id='word_1_26' title='bbox 769 1061 886 1119; x_wconf 92' lang='lat' dir='ltr'><strong>modum</strong></span> <span class='ocrx_word' id='word_1_27' title='bbox 911 1059 1074 1129; x_wconf 82' lang='lat' dir='ltr'><strong>suffragii.’&#39;</strong></span> <span class='ocrx_word' id='word_1_28' title='bbox 1114 1060 1157 1115; x_wconf 90' lang='lat' dir='ltr'><strong>De</strong></span> <span class='ocrx_word' id='word_1_29' title='bbox 1182 1078 1240 1129; x_wconf 91' lang='lat' dir='ltr'><strong>qua</strong></span> 
     </span>
     <span class='ocr_line' id='line_1_5' title="bbox 151 1145 1239 1219; baseline -0.005 -13"><span class='ocrx_word' id='word_1_30' title='bbox 151 1149 291 1207; x_wconf 76' lang='lat' dir='ltr'><strong>facultate</strong></span> <span class='ocrx_word' id='word_1_31' title='bbox 313 1151 344 1207; x_wconf 91' lang='lat' dir='ltr'><strong>S.</strong></span> <span class='ocrx_word' id='word_1_32' title='bbox 365 1150 401 1206; x_wconf 87' lang='lat' dir='ltr'><strong>R.</strong></span> <span class='ocrx_word' id='word_1_33' title='bbox 424 1149 620 1219; x_wconf 84' lang='lat' dir='ltr'><strong>Congregatio</strong></span> <span class='ocrx_word' id='word_1_34' title='bbox 647 1149 698 1218; x_wconf 86' lang='lat' dir='ltr'><strong>(ad</strong></span> <span class='ocrx_word' id='word_1_35' title='bbox 719 1166 817 1219; x_wconf 85' lang='lat' dir='ltr'><strong>quaes.</strong></span> <span class='ocrx_word' id='word_1_36' title='bbox 840 1146 952 1203; x_wconf 88' lang='lat' dir='ltr'><strong>Vioarii</strong></span> <span class='ocrx_word' id='word_1_37' title='bbox 974 1147 1080 1216; x_wconf 90' lang='lat' dir='ltr'><strong>Apost.</strong></span> <span class='ocrx_word' id='word_1_38' title='bbox 1103 1145 1239 1202; x_wconf 88' lang='lat' dir='ltr'><strong>Holstein</strong></span> 
     </span>
     <span class='ocr_line' id='line_1_6' title="bbox 152 1232 1240 1307; baseline -0.003 -15"><span class='ocrx_word' id='word_1_39' title='bbox 152 1235 340 1306; x_wconf 80' lang='lat' dir='ltr'><strong>Schleswig4</strong></span> <span class='ocrx_word' id='word_1_40' title='bbox 356 1236 439 1307; x_wconf 86' lang='lat' dir='ltr'><strong>Sept.</strong></span> <span class='ocrx_word' id='word_1_41' title='bbox 455 1236 537 1304; x_wconf 84' lang='lat'>1875,</span> <span class='ocrx_word' id='word_1_42' title='bbox 553 1253 580 1291; x_wconf 91' lang='lat' dir='ltr'><strong>n.</strong></span> <span class='ocrx_word' id='word_1_43' title='bbox 597 1236 678 1290; x_wconf 79' lang='lat'><strong>3370.</strong></span> <span class='ocrx_word' id='word_1_44' title='bbox 695 1235 726 1303; x_wconf 93' lang='grc'><strong>1)</strong></span> <span class='ocrx_word' id='word_1_45' title='bbox 748 1235 817 1290; x_wconf 90' lang='lat' dir='ltr'><strong>haec</strong></span> <span class='ocrx_word' id='word_1_46' title='bbox 831 1232 951 1290; x_wconf 85' lang='lat' dir='ltr'><strong>statuit:</strong></span> <span class='ocrx_word' id='word_1_47' title='bbox 969 1232 1023 1287; x_wconf 85' lang='lat' dir='ltr'><strong>“ln</strong></span> <span class='ocrx_word' id='word_1_48' title='bbox 1039 1250 1117 1301; x_wconf 88' lang='lat' dir='ltr'><strong>casu,</strong></span> <span class='ocrx_word' id='word_1_49' title='bbox 1133 1232 1168 1287; x_wconf 96' lang='lat' dir='ltr'><strong>de</strong></span> <span class='ocrx_word' id='word_1_50' title='bbox 1182 1249 1240 1301; x_wconf 88' lang='lat' dir='ltr'><strong>quo</strong></span> 
     </span>
     <span class='ocr_line' id='line_1_7' title="bbox 151 1319 1241 1392; baseline -0.006 -14"><span class='ocrx_word' id='word_1_51' title='bbox 151 1321 254 1392; x_wconf 84' lang='lat' dir='ltr'><strong>agitur,</strong></span> <span class='ocrx_word' id='word_1_52' title='bbox 287 1320 510 1378; x_wconf 78' lang='lat' dir='ltr'><strong>celebrationem</strong></span> <span class='ocrx_word' id='word_1_53' title='bbox 542 1319 699 1376; x_wconf 90' lang='lat' dir='ltr'><strong>Missarum</strong></span> <span class='ocrx_word' id='word_1_54' title='bbox 732 1319 872 1376; x_wconf 88' lang='lat' dir='ltr'><strong>lectarum</strong></span> <span class='ocrx_word' id='word_1_55' title='bbox 904 1319 939 1375; x_wconf 89' lang='lat' dir='ltr'><strong>de</strong></span> <span class='ocrx_word' id='word_1_56' title='bbox 970 1321 1090 1390; x_wconf 66' lang='lat' dir='ltr'><strong>Reque-ie,</strong></span> <span class='ocrx_word' id='word_1_57' title='bbox 1123 1323 1241 1389; x_wconf 89' lang='lat' dir='ltr'><strong>praeter</strong></span> 
     </span>
     <span class='ocr_line' id='line_1_8' title="bbox 152 1404 1240 1478; baseline -0.004 -16"><span class='ocrx_word' id='word_1_58' title='bbox 152 1407 273 1478; x_wconf 80' lang='lat' dir='ltr'><strong>vigilias,</strong></span> <span class='ocrx_word' id='word_1_59' title='bbox 291 1406 429 1463; x_wconf 81' lang='lat' dir='ltr'><strong>ferisset</strong></span> <span class='ocrx_word' id='word_1_60' title='bbox 447 1413 565 1464; x_wconf 79' lang='lat' dir='ltr'><strong>octavas</strong></span> <span class='ocrx_word' id='word_1_61' title='bbox 583 1405 785 1477; x_wconf 85' lang='lat' dir='ltr'><strong>privilegiatas</strong></span> <span class='ocrx_word' id='word_1_62' title='bbox 803 1423 835 1462; x_wconf 90' lang='lat' dir='ltr'><strong>ac</strong></span> <span class='ocrx_word' id='word_1_63' title='bbox 855 1404 933 1461; x_wconf 83' lang='lat' dir='ltr'><strong>festa</strong></span> <span class='ocrx_word' id='word_1_64' title='bbox 951 1405 987 1460; x_wconf 91' lang='lat' dir='ltr'><strong>de</strong></span> <span class='ocrx_word' id='word_1_65' title='bbox 1005 1410 1164 1474; x_wconf 90' lang='lat' dir='ltr'><strong>praecepto</strong></span> <span class='ocrx_word' id='word_1_66' title='bbox 1182 1422 1240 1459; x_wconf 91' lang='lat' dir='ltr'><strong>ser-</strong></span> 
     </span>
     <span class='ocr_line' id='line_1_9' title="bbox 152 1489 1239 1564; baseline -0.002 -17"><span class='ocrx_word' id='word_1_67' title='bbox 152 1493 253 1562; x_wconf 79' lang='lat' dir='ltr'><strong>vanda,</strong></span> <span class='ocrx_word' id='word_1_68' title='bbox 282 1492 420 1564; x_wconf 90' lang='lat' dir='ltr'><strong>impediri</strong></span> <span class='ocrx_word' id='word_1_69' title='bbox 449 1492 650 1549; x_wconf 91' lang='lat' dir='ltr'><strong>tantummodo</strong></span> <span class='ocrx_word' id='word_1_70' title='bbox 679 1492 716 1548; x_wconf 95' lang='lat' dir='ltr'><strong>ob</strong></span> <span class='ocrx_word' id='word_1_71' title='bbox 746 1491 957 1548; x_wconf 79' lang='lat' dir='ltr'><strong>occurrentium</strong></span> <span class='ocrx_word' id='word_1_72' title='bbox 988 1489 1155 1547; x_wconf 87' lang='lat' dir='ltr'><strong>Officiorum</strong></span> <span class='ocrx_word' id='word_1_73' title='bbox 1184 1489 1239 1545; x_wconf 83' lang='lat' dir='ltr'><strong>IX.</strong></span> 
     </span>
     <span class='ocr_line' id='line_1_10' title="bbox 152 1576 1240 1650; baseline -0.003 -16"><span class='ocrx_word' id='word_1_74' title='bbox 152 1578 304 1636; x_wconf 90' lang='lat' dir='ltr'><strong>lectionum</strong></span> <span class='ocrx_word' id='word_1_75' title='bbox 317 1596 391 1650; x_wconf 89' lang='lat' dir='ltr'><strong>quae</strong></span> <span class='ocrx_word' id='word_1_76' title='bbox 405 1578 551 1647; x_wconf 87' lang='lat' dir='ltr'><strong>gaudeant</strong></span> <span class='ocrx_word' id='word_1_77' title='bbox 566 1577 624 1633; x_wconf 91' lang='lat' dir='ltr'><strong>ritu</strong></span> <span class='ocrx_word' id='word_1_78' title='bbox 639 1577 765 1648; x_wconf 85' lang='lat' dir='ltr'><strong>duplicis</strong></span> <span class='ocrx_word' id='word_1_79' title='bbox 777 1577 909 1648; x_wconf 80' lang='lat' dir='ltr'><strong>majoris,</strong></span> <span class='ocrx_word' id='word_1_80' title='bbox 923 1582 973 1633; x_wconf 92' lang='lat' dir='ltr'><strong>aut</strong></span> <span class='ocrx_word' id='word_1_81' title='bbox 988 1576 1114 1648; x_wconf 90' lang='lat' dir='ltr'><strong>duplicis</strong></span> <span class='ocrx_word' id='word_1_82' title='bbox 1128 1576 1240 1647; x_wconf 85' lang='lat' dir='ltr'><strong>primae</strong></span> 
     </span>
     <span class='ocr_line' id='line_1_11' title="bbox 151 1663 498 1721; baseline 0 -3"><span class='ocrx_word' id='word_1_83' title='bbox 151 1665 193 1721; x_wconf 78' lang='lat' dir='ltr'><strong>vel</strong></span> <span class='ocrx_word' id='word_1_84' title='bbox 208 1664 353 1720; x_wconf 89' lang='lat' dir='ltr'><strong>secundae</strong></span> <span class='ocrx_word' id='word_1_85' title='bbox 371 1663 498 1720; x_wconf 79' lang='lat' dir='ltr'><strong>classis”</strong></span> 
     </span>
    </p>

    <p class='ocr_par' dir='ltr' id='par_1_3' title="bbox 151 1747 1241 2248">
     <span class='ocr_line' id='line_1_12' title="bbox 185 1747 1240 1818; baseline 0.002 -18"><span class='ocrx_word' id='word_1_86' title='bbox 185 1751 210 1806; x_wconf 85' lang='grc'><strong>2.</strong></span> <span class='ocrx_word' id='word_1_87' title='bbox 232 1750 292 1807; x_wconf 86' lang='lat' dir='ltr'><strong>Pro</strong></span> <span class='ocrx_word' id='word_1_88' title='bbox 309 1749 509 1801; x_wconf 80' lang='lat' dir='ltr'><strong>Archidioecesi</strong></span> <span class='ocrx_word' id='word_1_89' title='bbox 526 1749 746 1801; x_wconf 79' lang='lat' dir='ltr'><strong>cincinnatensi:</strong></span> <span class='ocrx_word' id='word_1_90' title='bbox 770 1748 943 1805; x_wconf 89' lang='lat' dir='ltr'><strong>Celebrandi</strong></span> <span class='ocrx_word' id='word_1_91' title='bbox 961 1749 991 1804; x_wconf 94' lang='lat' dir='ltr'><strong>in</strong></span> <span class='ocrx_word' id='word_1_92' title='bbox 1010 1747 1133 1817; x_wconf 81' lang='lat' dir='ltr'><strong>singulis</strong></span> <span class='ocrx_word' id='word_1_93' title='bbox 1151 1747 1240 1818; x_wconf 81' lang='lat' dir='ltr'><strong>hujus</strong></span> 
     </span>
     <span class='ocr_line' id='line_1_13' title="bbox 151 1832 1240 1906; baseline -0.002 -15"><span class='ocrx_word' id='word_1_94' title='bbox 151 1835 402 1892; x_wconf 77' lang='lat' dir='ltr'><strong>Archidioeceseos</strong></span> <span class='ocrx_word' id='word_1_95' title='bbox 421 1834 556 1891; x_wconf 81' lang='lat' dir='ltr'><strong>Ecclesiis</strong></span> <span class='ocrx_word' id='word_1_96' title='bbox 572 1835 692 1891; x_wconf 88' lang='lat' dir='ltr'><strong>Missam</strong></span> <span class='ocrx_word' id='word_1_97' title='bbox 710 1834 857 1906; x_wconf 84' lang='lat' dir='ltr'><strong>privatam</strong></span> <span class='ocrx_word' id='word_1_98' title='bbox 874 1835 909 1890; x_wconf 91' lang='lat' dir='ltr'><strong>de</strong></span> <span class='ocrx_word' id='word_1_99' title='bbox 925 1836 1035 1905; x_wconf 77' lang='lat' dir='ltr'><strong>Requie</strong></span> <span class='ocrx_word' id='word_1_100' title='bbox 1052 1834 1165 1889; x_wconf 90' lang='lat' dir='ltr'><strong>duabus</strong></span> <span class='ocrx_word' id='word_1_101' title='bbox 1181 1832 1240 1889; x_wconf 89' lang='lat' dir='ltr'><strong>die·</strong></span> 
     </span>
     <span class='ocr_line' id='line_1_14' title="bbox 154 1918 1241 1992; baseline -0.004 -14"><span class='ocrx_word' id='word_1_102' title='bbox 154 1921 205 1978; x_wconf 91' lang='lat' dir='ltr'><strong>bus</strong></span> <span class='ocrx_word' id='word_1_103' title='bbox 222 1922 252 1978; x_wconf 92' lang='lat' dir='ltr'><strong>in</strong></span> <span class='ocrx_word' id='word_1_104' title='bbox 271 1939 451 1992; x_wconf 88' lang='lat' dir='ltr'><strong>quacumque</strong></span> <span class='ocrx_word' id='word_1_105' title='bbox 469 1921 663 1989; x_wconf 86' lang='lat' dir='ltr'><strong>hebdomada;</strong></span> <span class='ocrx_word' id='word_1_106' title='bbox 683 1939 832 1991; x_wconf 88' lang='lat' dir='ltr'><strong>nunquam</strong></span> <span class='ocrx_word' id='word_1_107' title='bbox 850 1927 945 1977; x_wconf 89' lang='lat' dir='ltr'><strong>tamen</strong></span> <span class='ocrx_word' id='word_1_108' title='bbox 965 1921 995 1976; x_wconf 91' lang='lat' dir='ltr'><strong>in</strong></span> <span class='ocrx_word' id='word_1_109' title='bbox 1014 1920 1099 1976; x_wconf 83' lang='lat' dir='ltr'><strong>festis</strong></span> <span class='ocrx_word' id='word_1_110' title='bbox 1118 1918 1241 1990; x_wconf 92' lang='lat' dir='ltr'><strong>duplici-</strong></span> 
     </span>
     <span class='ocr_line' id='line_1_15' title="bbox 152 2004 1240 2077; baseline -0.004 -13"><span class='ocrx_word' id='word_1_111' title='bbox 152 2007 202 2064; x_wconf 86' lang='lat' dir='ltr'><strong>bus</strong></span> <span class='ocrx_word' id='word_1_112' title='bbox 220 2009 237 2062; x_wconf 90' lang='lat'>1</span> <span class='ocrx_word' id='word_1_113' title='bbox 255 2013 284 2063; x_wconf 90' lang='lat' dir='ltr'><strong>et</strong></span> <span class='ocrx_word' id='word_1_114' title='bbox 302 2009 320 2064; x_wconf 88' lang='lat'><strong>2</strong></span> <span class='ocrx_word' id='word_1_115' title='bbox 337 2006 446 2076; x_wconf 84' lang='lat' dir='ltr'><strong>classis,</strong></span> <span class='ocrx_word' id='word_1_116' title='bbox 464 2024 556 2077; x_wconf 87' lang='lat' dir='ltr'><strong>neque</strong></span> <span class='ocrx_word' id='word_1_117' title='bbox 574 2007 604 2063; x_wconf 92' lang='lat' dir='ltr'><strong>in</strong></span> <span class='ocrx_word' id='word_1_118' title='bbox 623 2006 716 2075; x_wconf 78' lang='lat' dir='ltr'><strong>feriiS,</strong></span> <span class='ocrx_word' id='word_1_119' title='bbox 736 2006 846 2064; x_wconf 67' lang='lat' dir='ltr'><strong>octaris</strong></span> <span class='ocrx_word' id='word_1_120' title='bbox 864 2012 891 2062; x_wconf 90' lang='lat' dir='ltr'><strong>et</strong></span> <span class='ocrx_word' id='word_1_121' title='bbox 909 2006 1018 2075; x_wconf 77' lang='lat' dir='ltr'><strong>vigiliis</strong></span> <span class='ocrx_word' id='word_1_122' title='bbox 1036 2004 1240 2076; x_wconf 83' lang='lat' dir='ltr'><strong>privilegiatis,</strong></span> 
     </span>
     <span class='ocr_line' id='line_1_16' title="bbox 151 2091 1240 2164; baseline -0.002 -16"><span class='ocrx_word' id='word_1_123' title='bbox 151 2111 201 2148; x_wconf 89' lang='lat' dir='ltr'><strong>nec</strong></span> <span class='ocrx_word' id='word_1_124' title='bbox 219 2092 305 2149; x_wconf 82' lang='lat' dir='ltr'><strong>festis</strong></span> <span class='ocrx_word' id='word_1_125' title='bbox 322 2092 404 2164; x_wconf 90' lang='lat' dir='ltr'><strong>dupl.</strong></span> <span class='ocrx_word' id='word_1_126' title='bbox 421 2092 492 2163; x_wconf 85' lang='lat' dir='ltr'><strong>maj.</strong></span> <span class='ocrx_word' id='word_1_127' title='bbox 532 2092 576 2148; x_wconf 89' lang='lat'><strong>18.</strong></span> <span class='ocrx_word' id='word_1_128' title='bbox 595 2092 656 2148; x_wconf 89' lang='lat' dir='ltr'><strong>Jul.</strong></span> <span class='ocrx_word' id='word_1_129' title='bbox 674 2093 756 2148; x_wconf 90' lang='lat'>1880.</span> <span class='ocrx_word' id='word_1_130' title='bbox 801 2091 954 2163; x_wconf 72' lang='lat' dir='ltr'><strong>(Conditio</strong></span> <span class='ocrx_word' id='word_1_131' title='bbox 972 2092 1089 2163; x_wconf 82' lang='lat' dir='ltr'><strong>adjecta</strong></span> <span class='ocrx_word' id='word_1_132' title='bbox 1107 2093 1152 2148; x_wconf 91' lang='lat'><strong>10.</strong></span> <span class='ocrx_word' id='word_1_133' title='bbox 1171 2092 1240 2147; x_wconf 85' lang='lat' dir='ltr'><strong>Jan.</strong></span> 
     </span>
     <span class='ocr_line' id='line_1_17' title="bbox 152 2176 434 2248; baseline 0.004 -15"><span class='ocrx_word' id='word_1_134' title='bbox 152 2176 223 2234; x_wconf 87' lang='lat'>1886</span> <span class='ocrx_word' id='word_1_135' title='bbox 237 2178 353 2234; x_wconf 86' lang='lat' dir='ltr'><strong>sublata</strong></span> <span class='ocrx_word' id='word_1_136' title='bbox 367 2179 434 2248; x_wconf 85' lang='lat' dir='ltr'><strong>est.)</strong></span> 
     </span>
    </p>

    <p class='ocr_par' dir='ltr' id='par_1_4' title="bbox 149 2262 1243 2850">
     <span class='ocr_line' id='line_1_18' title="bbox 187 2262 1241 2320; baseline -0.001 -1"><span class='ocrx_word' id='word_1_137' title='bbox 187 2266 213 2319; x_wconf 90' lang='grc'><strong>3.</strong></span> <span class='ocrx_word' id='word_1_138' title='bbox 235 2264 293 2320; x_wconf 90' lang='lat' dir='ltr'><strong>Pro</strong></span> <span class='ocrx_word' id='word_1_139' title='bbox 318 2264 469 2316; x_wconf 81' lang='lat' dir='ltr'><strong>Provinciis</strong></span> <span class='ocrx_word' id='word_1_140' title='bbox 492 2263 707 2315; x_wconf 77' lang='lat' dir='ltr'><strong>Neo-Aurelian.</strong></span> <span class='ocrx_word' id='word_1_141' title='bbox 731 2267 759 2315; x_wconf 93' lang='lat' dir='ltr'><strong>et</strong></span> <span class='ocrx_word' id='word_1_142' title='bbox 783 2264 813 2316; x_wconf 85' lang='lat' dir='ltr'><strong>S.</strong></span> <span class='ocrx_word' id='word_1_143' title='bbox 838 2264 974 2316; x_wconf 74' lang='lat' dir='ltr'><strong>ludovici.</strong></span> <span class='ocrx_word' id='word_1_144' title='bbox 1014 2264 1072 2319; x_wconf 89' lang='lat' dir='ltr'><strong>“Ut</strong></span> <span class='ocrx_word' id='word_1_145' title='bbox 1096 2262 1189 2320; x_wconf 88' lang='lat' dir='ltr'><strong>officia</strong></span> <span class='ocrx_word' id='word_1_146' title='bbox 1213 2267 1241 2319; x_wconf 90' lang='lat' dir='ltr'><strong>et</strong></span> 
     </span>
     <span class='ocr_line' id='line_1_19' title="bbox 155 2348 1242 2420; baseline -0.001 -15"><span class='ocrx_word' id='word_1_147' title='bbox 155 2348 262 2405; x_wconf 83' lang='lat' dir='ltr'><strong>Missae</strong></span> <span class='ocrx_word' id='word_1_148' title='bbox 287 2349 428 2406; x_wconf 88' lang='lat' dir='ltr'><strong>solemnes</strong></span> <span class='ocrx_word' id='word_1_149' title='bbox 455 2348 661 2407; x_wconf 83' lang='lat' dir='ltr'><strong>defunctorum</strong></span> <span class='ocrx_word' id='word_1_150' title='bbox 692 2349 793 2420; x_wconf 88' lang='lat' dir='ltr'><strong>[etiam</strong></span> <span class='ocrx_word' id='word_1_151' title='bbox 821 2356 955 2406; x_wconf 88' lang='lat' dir='ltr'><strong>cantatae</strong></span> <span class='ocrx_word' id='word_1_152' title='bbox 982 2349 1044 2405; x_wconf 88' lang='lat' dir='ltr'><strong>sine</strong></span> <span class='ocrx_word' id='word_1_153' title='bbox 1070 2349 1160 2405; x_wconf 88' lang='lat' dir='ltr'><strong>sacris</strong></span> <span class='ocrx_word' id='word_1_154' title='bbox 1187 2349 1242 2404; x_wconf 92' lang='lat' dir='ltr'><strong>Mi-</strong></span> 
     </span>
     <span class='ocr_line' id='line_1_20' title="bbox 154 2434 1237 2507; baseline -0.001 -16"><span class='ocrx_word' id='word_1_155' title='bbox 154 2434 267 2507; x_wconf 89' lang='lat' dir='ltr'><strong>nistris]</strong></span> <span class='ocrx_word' id='word_1_156' title='bbox 298 2434 399 2492; x_wconf 90' lang='lat' dir='ltr'><strong>diebus</strong></span> <span class='ocrx_word' id='word_1_157' title='bbox 423 2436 590 2506; x_wconf 83' lang='lat' dir='ltr'><strong>duplicibus</strong></span> <span class='ocrx_word' id='word_1_158' title='bbox 615 2436 731 2493; x_wconf 88' lang='lat' dir='ltr'><strong>valeant</strong></span> <span class='ocrx_word' id='word_1_159' title='bbox 757 2435 924 2492; x_wconf 87' lang='lat' dir='ltr'><strong>celebrari.&#39;’</strong></span> <span class='ocrx_word' id='word_1_160' title='bbox 955 2434 1005 2506; x_wconf 86' lang='lat'><strong>[13</strong></span> <span class='ocrx_word' id='word_1_161' title='bbox 1032 2436 1114 2506; x_wconf 90' lang='lat' dir='ltr'><strong>Sept.</strong></span> <span class='ocrx_word' id='word_1_162' title='bbox 1140 2434 1237 2506; x_wconf 87' lang='lat'><strong>1829.]</strong></span> 
     </span>
     <span class='ocr_line' id='line_1_21' title="bbox 156 2519 1242 2593; baseline -0.001 -16"><span class='ocrx_word' id='word_1_163' title='bbox 156 2519 239 2591; x_wconf 81' lang='lat' dir='ltr'><strong>Quod</strong></span> <span class='ocrx_word' id='word_1_164' title='bbox 274 2521 462 2592; x_wconf 84' lang='lat' dir='ltr'><strong>privilegium</strong></span> <span class='ocrx_word' id='word_1_165' title='bbox 497 2522 574 2578; x_wconf 83' lang='lat' dir='ltr'><strong>valet</strong></span> <span class='ocrx_word' id='word_1_166' title='bbox 609 2521 639 2578; x_wconf 93' lang='lat' dir='ltr'><strong>in</strong></span> <span class='ocrx_word' id='word_1_167' title='bbox 676 2521 833 2592; x_wconf 89' lang='lat' dir='ltr'><strong>territorio,</strong></span> <span class='ocrx_word' id='word_1_168' title='bbox 869 2520 947 2593; x_wconf 92' lang='lat' dir='ltr'><strong>quod</strong></span> <span class='ocrx_word' id='word_1_169' title='bbox 982 2539 1060 2577; x_wconf 88' lang='lat' dir='ltr'><strong>anno</strong></span> <span class='ocrx_word' id='word_1_170' title='bbox 1096 2521 1169 2576; x_wconf 84' lang='lat'>1829</span> <span class='ocrx_word' id='word_1_171' title='bbox 1205 2521 1242 2577; x_wconf 89' lang='lat' dir='ltr'><strong>ad</strong></span> 
     </span>
     <span class='ocr_line' id='line_1_22' title="bbox 156 2606 1243 2679; baseline 0 -16"><span class='ocrx_word' id='word_1_172' title='bbox 156 2606 306 2664; x_wconf 77' lang='lat' dir='ltr'><strong>Dioecesas</strong></span> <span class='ocrx_word' id='word_1_173' title='bbox 324 2607 499 2665; x_wconf 81' lang='lat' dir='ltr'><strong>Neo-Aurei.</strong></span> <span class='ocrx_word' id='word_1_174' title='bbox 518 2614 545 2664; x_wconf 89' lang='lat' dir='ltr'><strong>et</strong></span> <span class='ocrx_word' id='word_1_175' title='bbox 564 2608 593 2665; x_wconf 91' lang='lat' dir='ltr'><strong>S.</strong></span> <span class='ocrx_word' id='word_1_176' title='bbox 612 2607 751 2664; x_wconf 83' lang='lat' dir='ltr'><strong>Ludovici</strong></span> <span class='ocrx_word' id='word_1_177' title='bbox 769 2607 944 2679; x_wconf 87' lang='lat' dir='ltr'><strong>pertinebat,</strong></span> <span class='ocrx_word' id='word_1_178' title='bbox 963 2607 1023 2663; x_wconf 89' lang='lat' dir='ltr'><strong>scil.</strong></span> <span class='ocrx_word' id='word_1_179' title='bbox 1042 2607 1072 2662; x_wconf 92' lang='lat' dir='ltr'><strong>in</strong></span> <span class='ocrx_word' id='word_1_180' title='bbox 1090 2606 1208 2677; x_wconf 83' lang='lat' dir='ltr'><strong>regione</strong></span> <span class='ocrx_word' id='word_1_181' title='bbox 1225 2625 1243 2664; x_wconf 90' lang='lat' dir='ltr'><strong>a</strong></span> 
     </span>
     <span class='ocr_line' id='line_1_23' title="bbox 154 2693 1243 2765; baseline -0.001 -17"><span class='ocrx_word' id='word_1_182' title='bbox 154 2693 335 2764; x_wconf 77' lang='lat' dir='ltr'><strong>Miseissippi</strong></span> <span class='ocrx_word' id='word_1_183' title='bbox 362 2695 482 2764; x_wconf 72' lang='lat' dir='ltr'><strong>flumine</strong></span> <span class='ocrx_word' id='word_1_184' title='bbox 511 2696 549 2749; x_wconf 85' lang='lat' dir='ltr'><strong>nd</strong></span> <span class='ocrx_word' id='word_1_185' title='bbox 578 2696 754 2751; x_wconf 83' lang='lat' dir='ltr'><strong>occidentem</strong></span> <span class='ocrx_word' id='word_1_186' title='bbox 783 2712 882 2750; x_wconf 81' lang='lat' dir='ltr'><strong>versus</strong></span> <span class='ocrx_word' id='word_1_187' title='bbox 912 2712 971 2750; x_wconf 86' lang='lat' dir='ltr'><strong>exc.</strong></span> <span class='ocrx_word' id='word_1_188' title='bbox 1002 2693 1135 2750; x_wconf 90' lang='lat' dir='ltr'><strong>Statibus</strong></span> <span class='ocrx_word' id='word_1_189' title='bbox 1167 2694 1243 2765; x_wconf 73' lang='lat' dir='ltr'><strong>Ten,</strong></span> 
     </span>
     <span class='ocr_line' id='line_1_24' title="bbox 149 2779 1091 2850; baseline 0 -15"><span class='ocrx_word' id='word_1_190' title='bbox 149 2781 240 2848; x_wconf 69' lang='lat' dir='ltr'><strong>Aria,</strong></span> <span class='ocrx_word' id='word_1_191' title='bbox 260 2782 332 2848; x_wconf 76' lang='lat' dir='ltr'><strong>Cat,</strong></span> <span class='ocrx_word' id='word_1_192' title='bbox 349 2782 430 2850; x_wconf 77' lang='lat' dir='ltr'><strong>Neo,</strong></span> <span class='ocrx_word' id='word_1_193' title='bbox 450 2781 535 2836; x_wconf 77' lang='lat' dir='ltr'><strong>urai.</strong></span> <span class='ocrx_word' id='word_1_194' title='bbox 575 2780 660 2835; x_wconf 87' lang='lat' dir='ltr'><strong>Valet</strong></span> <span class='ocrx_word' id='word_1_195' title='bbox 680 2798 793 2850; x_wconf 87' lang='lat' dir='ltr'><strong>quoque</strong></span> <span class='ocrx_word' id='word_1_196' title='bbox 812 2779 841 2834; x_wconf 92' lang='lat' dir='ltr'><strong>in</strong></span> <span class='ocrx_word' id='word_1_197' title='bbox 863 2780 949 2836; x_wconf 88' lang='lat' dir='ltr'><strong>Statu</strong></span> <span class='ocrx_word' id='word_1_198' title='bbox 969 2781 1091 2836; x_wconf 82' lang='lat' dir='ltr'><strong>Illinois.</strong></span> 
     </span>
    </p>

    <p class='ocr_par' dir='ltr' id='par_1_5' title="bbox 151 2865 1242 3279">
     <span class='ocr_line' id='line_1_25' title="bbox 187 2865 1242 2933; baseline 0 -13"><span class='ocrx_word' id='word_1_199' title='bbox 187 2866 215 2921; x_wconf 84' lang='lat'><strong>4.</strong></span> <span class='ocrx_word' id='word_1_200' title='bbox 235 2865 435 2917; x_wconf 79' lang='lat' dir='ltr'><strong>Archidioecesi</strong></span> <span class='ocrx_word' id='word_1_201' title='bbox 457 2865 623 2930; x_wconf 83' lang='lat' dir='ltr'><strong>Quebecensi</strong></span> <span class='ocrx_word' id='word_1_202' title='bbox 647 2865 722 2921; x_wconf 91' lang='lat' dir='ltr'><strong>idem</strong></span> <span class='ocrx_word' id='word_1_203' title='bbox 746 2865 809 2922; x_wconf 83' lang='lat' dir='ltr'><strong>fere</strong></span> <span class='ocrx_word' id='word_1_204' title='bbox 832 2865 976 2921; x_wconf 90' lang='lat' dir='ltr'><strong>indultum</strong></span> <span class='ocrx_word' id='word_1_205' title='bbox 1000 2883 1166 2922; x_wconf 79' lang='lat' dir='ltr'><strong>concessum</strong></span> <span class='ocrx_word' id='word_1_206' title='bbox 1190 2869 1242 2933; x_wconf 87' lang='lat' dir='ltr'><strong>cst,</strong></span> 
     </span>
     <span class='ocr_line' id='line_1_26' title="bbox 151 2950 1237 3022; baseline -0.001 -16"><span class='ocrx_word' id='word_1_207' title='bbox 151 2967 255 3022; x_wconf 88' lang='lat' dir='ltr'><strong>nempe</strong></span> <span class='ocrx_word' id='word_1_208' title='bbox 275 2950 399 3007; x_wconf 81' lang='lat' dir='ltr'><strong>arbitrio</strong></span> <span class='ocrx_word' id='word_1_209' title='bbox 419 2951 643 3022; x_wconf 88' lang='lat' dir='ltr'><strong>Archiepiscopi</strong></span> <span class='ocrx_word' id='word_1_210' title='bbox 664 2951 802 3007; x_wconf 88' lang='lat' dir='ltr'><strong>cantandi</strong></span> <span class='ocrx_word' id='word_1_211' title='bbox 829 2950 929 3020; x_wconf 84' lang='lat' dir='ltr'><strong>(etiam</strong></span> <span class='ocrx_word' id='word_1_212' title='bbox 951 2950 1013 3007; x_wconf 90' lang='lat' dir='ltr'><strong>siue</strong></span> <span class='ocrx_word' id='word_1_213' title='bbox 1033 2969 1056 3007; x_wconf 83' lang='lat' dir='ltr'><strong>s,</strong></span> <span class='ocrx_word' id='word_1_214' title='bbox 1077 2950 1237 3020; x_wconf 87' lang='lat' dir='ltr'><strong>Ministris)</strong></span> 
     </span>
     <span class='ocr_line' id='line_1_27' title="bbox 151 3033 1242 3107; baseline 0.002 -17"><span class='ocrx_word' id='word_1_215' title='bbox 151 3033 271 3092; x_wconf 82' lang='lat' dir='ltr'><strong>Missam</strong></span> <span class='ocrx_word' id='word_1_216' title='bbox 287 3035 323 3092; x_wconf 90' lang='lat' dir='ltr'><strong>de</strong></span> <span class='ocrx_word' id='word_1_217' title='bbox 338 3039 448 3106; x_wconf 80' lang='lat' dir='ltr'><strong>Reqaic</strong></span> <span class='ocrx_word' id='word_1_218' title='bbox 465 3036 566 3092; x_wconf 90' lang='lat' dir='ltr'><strong>diebus</strong></span> <span class='ocrx_word' id='word_1_219' title='bbox 582 3037 609 3092; x_wconf 91' lang='lat' dir='ltr'><strong>in</strong></span> <span class='ocrx_word' id='word_1_220' title='bbox 628 3037 733 3106; x_wconf 87' lang='lat' dir='ltr'><strong>quibus</strong></span> <span class='ocrx_word' id='word_1_221' title='bbox 749 3036 873 3093; x_wconf 85' lang='lat' dir='ltr'><strong>occurrit</strong></span> <span class='ocrx_word' id='word_1_222' title='bbox 892 3037 1010 3093; x_wconf 87' lang='lat' dir='ltr'><strong>Festum</strong></span> <span class='ocrx_word' id='word_1_223' title='bbox 1027 3036 1101 3093; x_wconf 89' lang='lat' dir='ltr'><strong>ritus</strong></span> <span class='ocrx_word' id='word_1_224' title='bbox 1116 3036 1242 3107; x_wconf 89' lang='lat' dir='ltr'><strong>duplicis</strong></span> 
     </span>
     <span class='ocr_line' id='line_1_28' title="bbox 151 3121 1242 3194; baseline 0.001 -18"><span class='ocrx_word' id='word_1_225' title='bbox 151 3121 272 3178; x_wconf 90' lang='lat' dir='ltr'><strong>minoris</strong></span> <span class='ocrx_word' id='word_1_226' title='bbox 298 3128 421 3188; x_wconf 85' lang='lat' dir='ltr'><strong>tantum,</strong></span> <span class='ocrx_word' id='word_1_227' title='bbox 447 3121 577 3192; x_wconf 86' lang='lat' dir='ltr'><strong>exceptis</strong></span> <span class='ocrx_word' id='word_1_228' title='bbox 603 3128 698 3178; x_wconf 90' lang='lat' dir='ltr'><strong>tamen</strong></span> <span class='ocrx_word' id='word_1_229' title='bbox 727 3122 811 3178; x_wconf 85' lang='lat' dir='ltr'><strong>festis</strong></span> <span class='ocrx_word' id='word_1_230' title='bbox 837 3122 872 3177; x_wconf 89' lang='lat' dir='ltr'><strong>de</strong></span> <span class='ocrx_word' id='word_1_231' title='bbox 899 3127 1057 3194; x_wconf 89' lang='lat' dir='ltr'><strong>praecepto</strong></span> <span class='ocrx_word' id='word_1_232' title='bbox 1082 3121 1242 3192; x_wconf 66' lang='lat' dir='ltr'><strong>servandis</strong></span> 
     </span>
     <span class='ocr_line' id='line_1_29' title="bbox 154 3207 632 3279; baseline 0.004 -17"><span class='ocrx_word' id='word_1_233' title='bbox 154 3207 261 3263; x_wconf 81' lang='lat' dir='ltr'><strong>octavis</strong></span> <span class='ocrx_word' id='word_1_234' title='bbox 277 3225 310 3263; x_wconf 90' lang='lat' dir='ltr'><strong>ac</strong></span> <span class='ocrx_word' id='word_1_235' title='bbox 327 3207 412 3263; x_wconf 84' lang='lat' dir='ltr'><strong>feriis</strong></span> <span class='ocrx_word' id='word_1_236' title='bbox 429 3207 632 3279; x_wconf 78' lang='lat' dir='ltr'><strong>privilegiatis</strong></span> 
     </span>
    </p>

    <p class='ocr_par' dir='ltr' id='par_1_6' title="bbox 189 3292 589 3347">
     <span class='ocr_line' id='line_1_30' title="bbox 189 3292 589 3347; baseline -0.01 0"><span class='ocrx_word' id='word_1_237' title='bbox 189 3293 214 3347; x_wconf 90' lang='lat'><strong>5.</strong></span> <span class='ocrx_word' id='word_1_238' title='bbox 235 3293 379 3345; x_wconf 81' lang='lat' dir='ltr'><strong>Provincia</strong></span> <span class='ocrx_word' id='word_1_239' title='bbox 398 3292 428 3344; x_wconf 86' lang='lat' dir='ltr'><strong>S.</strong></span> <span class='ocrx_word' id='word_1_240' title='bbox 448 3293 589 3345; x_wconf 84' lang='lat' dir='ltr'><strong>Ludovici:</strong></span> 
     </span>
    </p>

    <p class='ocr_par' dir='ltr' id='par_1_7' title="bbox 157 3377 1242 3619">
     <span class='ocr_line' id='line_1_31' title="bbox 194 3377 1242 3450; baseline 0.002 -17"><span class='ocrx_word' id='word_1_241' title='bbox 194 3378 240 3446; x_wconf 81' lang='lat' dir='ltr'><strong>(a)</strong></span> <span class='ocrx_word' id='word_1_242' title='bbox 265 3377 405 3434; x_wconf 83' lang='lat' dir='ltr'><strong>“Missam</strong></span> <span class='ocrx_word' id='word_1_243' title='bbox 424 3377 570 3449; x_wconf 81' lang='lat' dir='ltr'><strong>privatam</strong></span> <span class='ocrx_word' id='word_1_244' title='bbox 588 3378 622 3434; x_wconf 93' lang='lat' dir='ltr'><strong>de</strong></span> <span class='ocrx_word' id='word_1_245' title='bbox 639 3381 750 3450; x_wconf 82' lang='lat' dir='ltr'><strong>Requie</strong></span> <span class='ocrx_word' id='word_1_246' title='bbox 766 3379 931 3436; x_wconf 90' lang='lat' dir='ltr'><strong>celebrandi</strong></span> <span class='ocrx_word' id='word_1_247' title='bbox 949 3379 996 3435; x_wconf 91' lang='lat' dir='ltr'><strong>die</strong></span> <span class='ocrx_word' id='word_1_248' title='bbox 1013 3378 1109 3435; x_wconf 91' lang='lat' dir='ltr'><strong>obitus</strong></span> <span class='ocrx_word' id='word_1_249' title='bbox 1126 3397 1177 3435; x_wconf 92' lang='lat' dir='ltr'><strong>seu</strong></span> <span class='ocrx_word' id='word_1_250' title='bbox 1195 3380 1242 3435; x_wconf 95' lang='lat' dir='ltr'><strong>de·</strong></span> 
     </span>
     <span class='ocr_line' id='line_1_32' title="bbox 157 3463 1242 3535; baseline 0.001 -16"><span class='ocrx_word' id='word_1_251' title='bbox 157 3464 316 3531; x_wconf 84' lang='lat' dir='ltr'><strong>positionis,</strong></span> <span class='ocrx_word' id='word_1_252' title='bbox 334 3471 486 3534; x_wconf 88' lang='lat' dir='ltr'><strong>praesente</strong></span> <span class='ocrx_word' id='word_1_253' title='bbox 503 3463 548 3519; x_wconf 84' lang='lat' dir='ltr'><strong>vel</strong></span> <span class='ocrx_word' id='word_1_254' title='bbox 565 3482 622 3520; x_wconf 90' lang='lat' dir='ltr'><strong>non</strong></span> <span class='ocrx_word' id='word_1_255' title='bbox 640 3471 794 3534; x_wconf 90' lang='lat' dir='ltr'><strong>praesente</strong></span> <span class='ocrx_word' id='word_1_256' title='bbox 810 3482 932 3535; x_wconf 90' lang='lat' dir='ltr'><strong>corpore</strong></span> <span class='ocrx_word' id='word_1_257' title='bbox 949 3463 1091 3533; x_wconf 75' lang='lat' dir='ltr'><strong>defuncti,</strong></span> <span class='ocrx_word' id='word_1_258' title='bbox 1109 3464 1139 3520; x_wconf 91' lang='lat' dir='ltr'><strong>in</strong></span> <span class='ocrx_word' id='word_1_259' title='bbox 1157 3464 1242 3520; x_wconf 83' lang='lat' dir='ltr'><strong>festis</strong></span> 
     </span>
     <span class='ocr_line' id='line_1_33' title="bbox 157 3546 346 3619; baseline 0.021 -18"><span class='ocrx_word' id='word_1_260' title='bbox 157 3546 346 3619; x_wconf 85' lang='lat' dir='ltr'><strong>duplicibus.’&#39;</strong></span> 
     </span>
    </p>

    <p class='ocr_par' dir='ltr' id='par_1_8' title="bbox 156 3634 1243 3960">
     <span class='ocr_line' id='line_1_34' title="bbox 194 3634 1242 3708; baseline 0.002 -18"><span class='ocrx_word' id='word_1_261' title='bbox 194 3635 241 3703; x_wconf 84' lang='lat' dir='ltr'><strong>(b)</strong></span> <span class='ocrx_word' id='word_1_262' title='bbox 266 3634 406 3690; x_wconf 87' lang='lat' dir='ltr'><strong>“Missam</strong></span> <span class='ocrx_word' id='word_1_263' title='bbox 424 3635 460 3690; x_wconf 93' lang='lat' dir='ltr'><strong>de</strong></span> <span class='ocrx_word' id='word_1_264' title='bbox 479 3635 588 3705; x_wconf 86' lang='lat' dir='ltr'><strong>Requie</strong></span> <span class='ocrx_word' id='word_1_265' title='bbox 606 3635 651 3691; x_wconf 92' lang='lat' dir='ltr'><strong>bis</strong></span> <span class='ocrx_word' id='word_1_266' title='bbox 669 3635 699 3691; x_wconf 91' lang='lat' dir='ltr'><strong>in</strong></span> <span class='ocrx_word' id='word_1_267' title='bbox 718 3654 815 3692; x_wconf 90' lang='lat' dir='ltr'><strong>mense</strong></span> <span class='ocrx_word' id='word_1_268' title='bbox 833 3636 862 3692; x_wconf 90' lang='lat' dir='ltr'><strong>iu</strong></span> <span class='ocrx_word' id='word_1_269' title='bbox 883 3635 968 3692; x_wconf 83' lang='lat' dir='ltr'><strong>festis</strong></span> <span class='ocrx_word' id='word_1_270' title='bbox 986 3636 1153 3708; x_wconf 89' lang='lat' dir='ltr'><strong>duplicibus</strong></span> <span class='ocrx_word' id='word_1_271' title='bbox 1172 3636 1242 3692; x_wconf 92' lang='lat' dir='ltr'><strong>cele-</strong></span> 
     </span>
     <span class='ocr_line' id='line_1_35' title="bbox 160 3718 1243 3792; baseline 0.005 -17"><span class='ocrx_word' id='word_1_272' title='bbox 160 3718 259 3776; x_wconf 87' lang='lat' dir='ltr'><strong>brandi</strong></span> <span class='ocrx_word' id='word_1_273' title='bbox 273 3725 357 3777; x_wconf 84' lang='lat' dir='ltr'><strong>extra</strong></span> <span class='ocrx_word' id='word_1_274' title='bbox 372 3720 447 3777; x_wconf 90' lang='lat' dir='ltr'><strong>diem</strong></span> <span class='ocrx_word' id='word_1_275' title='bbox 461 3721 558 3777; x_wconf 91' lang='lat' dir='ltr'><strong>obitus</strong></span> <span class='ocrx_word' id='word_1_276' title='bbox 572 3739 622 3777; x_wconf 91' lang='lat' dir='ltr'><strong>seu</strong></span> <span class='ocrx_word' id='word_1_277' title='bbox 637 3721 857 3792; x_wconf 88' lang='lat' dir='ltr'><strong>depositionis.&#39;’</strong></span> <span class='ocrx_word' id='word_1_278' title='bbox 896 3723 955 3792; x_wconf 88' lang='lat'>(19.</span> <span class='ocrx_word' id='word_1_279' title='bbox 972 3724 1040 3780; x_wconf 87' lang='lat' dir='ltr'><strong>Jan.</strong></span> <span class='ocrx_word' id='word_1_280' title='bbox 1056 3723 1138 3779; x_wconf 87' lang='lat'>1859.</span> <span class='ocrx_word' id='word_1_281' title='bbox 1169 3722 1243 3780; x_wconf 92' lang='lat' dir='ltr'><strong>Sub-</strong></span> 
     </span>
     <span class='ocr_line' id='line_1_36' title="bbox 156 3802 1242 3880; baseline 0.005 -22"><span class='ocrx_word' id='word_1_282' title='bbox 156 3802 281 3877; x_wconf 83' lang='lat' dir='ltr'><strong>intellige</strong></span> <span class='ocrx_word' id='word_1_283' title='bbox 296 3806 481 3877; x_wconf 81' lang='lat' dir='ltr'><strong>exceptiones</strong></span> <span class='ocrx_word' id='word_1_284' title='bbox 497 3807 526 3862; x_wconf 90' lang='lat' dir='ltr'><strong>in</strong></span> <span class='ocrx_word' id='word_1_285' title='bbox 543 3813 665 3878; x_wconf 89' lang='lat' dir='ltr'><strong>utroque</strong></span> <span class='ocrx_word' id='word_1_286' title='bbox 680 3825 749 3864; x_wconf 90' lang='lat' dir='ltr'><strong>casu</strong></span> <span class='ocrx_word' id='word_1_287' title='bbox 765 3808 868 3864; x_wconf 88' lang='lat' dir='ltr'><strong>saltem</strong></span> <span class='ocrx_word' id='word_1_288' title='bbox 883 3813 915 3864; x_wconf 90' lang='lat' dir='ltr'><strong>ut</strong></span> <span class='ocrx_word' id='word_1_289' title='bbox 930 3826 1022 3880; x_wconf 89' lang='lat' dir='ltr'><strong>snpra</strong></span> <span class='ocrx_word' id='word_1_290' title='bbox 1037 3827 1093 3880; x_wconf 88' lang='lat' dir='ltr'><strong>pro</strong></span> <span class='ocrx_word' id='word_1_291' title='bbox 1108 3808 1242 3865; x_wconf 83' lang='lat' dir='ltr'><strong>anniver-</strong></span> 
     </span>
     <span class='ocr_line' id='line_1_37' title="bbox 156 3892 379 3960; baseline 0.004 -13"><span class='ocrx_word' id='word_1_292' title='bbox 156 3892 236 3948; x_wconf 82' lang='lat' dir='ltr'><strong>sariis</strong></span> <span class='ocrx_word' id='word_1_293' title='bbox 252 3910 300 3949; x_wconf 94' lang='lat' dir='ltr'><strong>no.</strong></span> <span class='ocrx_word' id='word_1_294' title='bbox 319 3893 379 3960; x_wconf 88' lang='grc'><strong>32.)</strong></span> 
     </span>
    </p>

    <p class='ocr_par' dir='ltr' id='par_1_9' title="bbox 154 3977 1242 4304">
     <span class='ocr_line' id='line_1_38' title="bbox 190 3977 1242 4052; baseline 0.004 -18"><span class='ocrx_word' id='word_1_295' title='bbox 190 3977 254 4036; x_wconf 88' lang='lat' dir='ltr'><strong>Hoc</strong></span> <span class='ocrx_word' id='word_1_296' title='bbox 272 3978 424 4034; x_wconf 91' lang='lat' dir='ltr'><strong>Indultum</strong></span> <span class='ocrx_word' id='word_1_297' title='bbox 443 3978 520 4035; x_wconf 81' lang='lat' dir='ltr'><strong>valet</strong></span> <span class='ocrx_word' id='word_1_298' title='bbox 539 3979 569 4034; x_wconf 91' lang='lat' dir='ltr'><strong>in</strong></span> <span class='ocrx_word' id='word_1_299' title='bbox 591 3979 724 4036; x_wconf 89' lang='lat' dir='ltr'><strong>Statibus</strong></span> <span class='ocrx_word' id='word_1_300' title='bbox 743 3985 771 4036; x_wconf 89' lang='lat' dir='ltr'><strong>et</strong></span> <span class='ocrx_word' id='word_1_301' title='bbox 791 3980 959 4037; x_wconf 85' lang='lat' dir='ltr'><strong>Territoriis</strong></span> <span class='ocrx_word' id='word_1_302' title='bbox 978 4000 1052 4052; x_wconf 88' lang='lat' dir='ltr'><strong>quae</strong></span> <span class='ocrx_word' id='word_1_303' title='bbox 1072 4000 1149 4039; x_wconf 91' lang='lat' dir='ltr'><strong>anno</strong></span> <span class='ocrx_word' id='word_1_304' title='bbox 1169 3982 1242 4038; x_wconf 85' lang='lat'>1859</span> 
     </span>
     <span class='ocr_line' id='line_1_39' title="bbox 155 4062 1242 4137; baseline 0.006 -19"><span class='ocrx_word' id='word_1_305' title='bbox 155 4062 188 4118; x_wconf 80' lang='lat' dir='ltr'><strong>ad</strong></span> <span class='ocrx_word' id='word_1_306' title='bbox 204 4063 389 4120; x_wconf 71' lang='lat' dir='ltr'><strong>Protinciam</strong></span> <span class='ocrx_word' id='word_1_307' title='bbox 406 4063 435 4120; x_wconf 91' lang='lat' dir='ltr'><strong>S.</strong></span> <span class='ocrx_word' id='word_1_308' title='bbox 452 4063 590 4120; x_wconf 82' lang='lat' dir='ltr'><strong>Ludovici</strong></span> <span class='ocrx_word' id='word_1_309' title='bbox 606 4065 802 4135; x_wconf 90' lang='lat' dir='ltr'><strong>pertinebant,</strong></span> <span class='ocrx_word' id='word_1_310' title='bbox 817 4085 936 4137; x_wconf 89' lang='lat' dir='ltr'><strong>nempe:</strong></span> <span class='ocrx_word' id='word_1_311' title='bbox 954 4069 1102 4136; x_wconf 81' lang='lat' dir='ltr'><strong>Missouri,</strong></span> <span class='ocrx_word' id='word_1_312' title='bbox 1119 4068 1242 4137; x_wconf 78' lang='lat' dir='ltr'><strong>lilinois,</strong></span> 
     </span>
     <span class='ocr_line' id='line_1_40' title="bbox 154 4149 1242 4225; baseline 0.006 -23"><span class='ocrx_word' id='word_1_313' title='bbox 154 4149 240 4219; x_wconf 80' lang='lat' dir='ltr'><strong>loica,</strong></span> <span class='ocrx_word' id='word_1_314' title='bbox 272 4149 401 4218; x_wconf 72' lang='lat' dir='ltr'><strong>Knosos,</strong></span> <span class='ocrx_word' id='word_1_315' title='bbox 432 4151 608 4221; x_wconf 80' lang='lat' dir='ltr'><strong>Minnesoto,</strong></span> <span class='ocrx_word' id='word_1_316' title='bbox 638 4153 845 4220; x_wconf 74' lang='lat' dir='ltr'><strong>Nero-Merico,</strong></span> <span class='ocrx_word' id='word_1_317' title='bbox 877 4155 1038 4224; x_wconf 83' lang='lat' dir='ltr'><strong>Nebraslcn,</strong></span> <span class='ocrx_word' id='word_1_318' title='bbox 1072 4155 1242 4225; x_wconf 74' lang='lat' dir='ltr'><strong>Oblalroma,</strong></span> 
     </span>
     <span class='ocr_line' id='line_1_41' title="bbox 157 4236 513 4304; baseline 0.003 -15"><span class='ocrx_word' id='word_1_319' title='bbox 157 4236 321 4304; x_wconf 78' lang='lat' dir='ltr'><strong>Tennessce,</strong></span> <span class='ocrx_word' id='word_1_320' title='bbox 340 4237 513 4292; x_wconf 77' lang='lat' dir='ltr'><strong>Wisconsin.</strong></span> 
     </span>
    </p>

    <p class='ocr_par' dir='ltr' id='par_1_10' title="bbox 152 4321 1244 4564">
     <span class='ocr_line' id='line_1_42' title="bbox 188 4321 1243 4390; baseline 0.005 -13"><span class='ocrx_word' id='word_1_321' title='bbox 188 4323 214 4377; x_wconf 86' lang='grc'><strong>6.</strong></span> <span class='ocrx_word' id='word_1_322' title='bbox 236 4322 295 4378; x_wconf 90' lang='lat' dir='ltr'><strong>Pro</strong></span> <span class='ocrx_word' id='word_1_323' title='bbox 320 4321 442 4373; x_wconf 86' lang='lat' dir='ltr'><strong>Dioecesi</strong></span> <span class='ocrx_word' id='word_1_324' title='bbox 467 4322 633 4373; x_wconf 77' lang='lat' dir='ltr'><strong>Novarcensi</strong></span> <span class='ocrx_word' id='word_1_325' title='bbox 660 4322 819 4388; x_wconf 77' lang='lat' dir='ltr'><strong>(Newark),</strong></span> <span class='ocrx_word' id='word_1_326' title='bbox 845 4325 895 4381; x_wconf 86' lang='lat' dir='ltr'><strong>“ut</strong></span> <span class='ocrx_word' id='word_1_327' title='bbox 920 4326 1006 4382; x_wconf 90' lang='lat' dir='ltr'><strong>semel</strong></span> <span class='ocrx_word' id='word_1_328' title='bbox 1031 4325 1060 4382; x_wconf 91' lang='lat' dir='ltr'><strong>in</strong></span> <span class='ocrx_word' id='word_1_329' title='bbox 1086 4342 1172 4390; x_wconf 89' lang='lat' dir='ltr'><strong>anno,</strong></span> <span class='ocrx_word' id='word_1_330' title='bbox 1198 4346 1243 4382; x_wconf 87' lang='lat' dir='ltr'><strong>oc-</strong></span> 
     </span>
     <span class='ocr_line' id='line_1_43' title="bbox 152 4406 1243 4479; baseline 0.003 -15"><span class='ocrx_word' id='word_1_331' title='bbox 152 4409 266 4465; x_wconf 84' lang='lat' dir='ltr'><strong>casione</strong></span> <span class='ocrx_word' id='word_1_332' title='bbox 281 4406 484 4463; x_wconf 86' lang='lat' dir='ltr'><strong>exercitiorum</strong></span> <span class='ocrx_word' id='word_1_333' title='bbox 499 4407 699 4478; x_wconf 89' lang='lat' dir='ltr'><strong>spiritualium</strong></span> <span class='ocrx_word' id='word_1_334' title='bbox 715 4409 792 4466; x_wconf 69' lang='lat' dir='ltr'><strong>Cleri</strong></span> <span class='ocrx_word' id='word_1_335' title='bbox 808 4410 979 4467; x_wconf 88' lang='lat' dir='ltr'><strong>Dioecesani</strong></span> <span class='ocrx_word' id='word_1_336' title='bbox 994 4408 1134 4467; x_wconf 92' lang='lat' dir='ltr'><strong>celebrari</strong></span> <span class='ocrx_word' id='word_1_337' title='bbox 1150 4412 1243 4479; x_wconf 81' lang='lat' dir='ltr'><strong>possit</strong></span> 
     </span>
     <span class='ocr_line' id='line_1_44' title="bbox 153 4492 1244 4564; baseline 0.003 -15"><span class='ocrx_word' id='word_1_338' title='bbox 153 4492 242 4550; x_wconf 83' lang='lat' dir='ltr'><strong>Missa</strong></span> <span class='ocrx_word' id='word_1_339' title='bbox 257 4493 293 4548; x_wconf 88' lang='lat' dir='ltr'><strong>de</strong></span> <span class='ocrx_word' id='word_1_340' title='bbox 309 4495 418 4564; x_wconf 78' lang='lat' dir='ltr'><strong>chaie</strong></span> <span class='ocrx_word' id='word_1_341' title='bbox 435 4512 489 4562; x_wconf 88' lang='lat' dir='ltr'><strong>pro</strong></span> <span class='ocrx_word' id='word_1_342' title='bbox 506 4494 712 4550; x_wconf 87' lang='lat' dir='ltr'><strong>Sacerdotibus</strong></span> <span class='ocrx_word' id='word_1_343' title='bbox 727 4494 884 4562; x_wconf 81' lang='lat' dir='ltr'><strong>defunctis,</strong></span> <span class='ocrx_word' id='word_1_344' title='bbox 899 4496 987 4553; x_wconf 91' lang='lat' dir='ltr'><strong>etiam</strong></span> <span class='ocrx_word' id='word_1_345' title='bbox 1002 4514 1060 4553; x_wconf 89' lang='lat' dir='ltr'><strong>oce.</strong></span> <span class='ocrx_word' id='word_1_346' title='bbox 1077 4494 1154 4550; x_wconf 82' lang='lat' dir='ltr'><strong>festo</strong></span> <span class='ocrx_word' id='word_1_347' title='bbox 1170 4496 1244 4552; x_wconf 85' lang='lat' dir='ltr'><strong>ritus</strong></span> 
     </span>
    </p>
   </div>
   <div class='ocr_carea' id='block_1_3' title="bbox 151 4578 621 4652">
    <p class='ocr_par' dir='ltr' id='par_1_11' title="bbox 151 4578 621 4652">
     <span class='ocr_line' id='line_1_45' title="bbox 151 4578 621 4652; baseline 0 -16"><span class='ocrx_word' id='word_1_348' title='bbox 151 4578 307 4652; x_wconf 57' lang='lat' dir='ltr'><strong>duplicis!</strong></span> <span class='ocrx_word' id='word_1_349' title='bbox 350 4580 400 4648; x_wconf 87' lang='grc'><strong>(11</strong></span> <span class='ocrx_word' id='word_1_350' title='bbox 420 4578 505 4635; x_wconf 86' lang='lat' dir='ltr'><strong>Febr.</strong></span> <span class='ocrx_word' id='word_1_351' title='bbox 524 4580 621 4648; x_wconf 81' lang='grc'>1877.)</span> 
     </span>
    </p>
   </div>
   <div class='ocr_carea' id='block_1_4' title="bbox 0 0 1409 4890">
    <p class='ocr_par' dir='ltr' id='par_1_12' title="bbox 0 0 1409 4890">
     <span class='ocr_line' id='line_1_46' title="bbox 0 0 1409 4890; baseline 0 0"><span class='ocrx_word' id='word_1_352' title='bbox 0 0 1409 4890; x_wconf 95' lang='lat' dir='ltr'><strong> </strong></span> 
     </span>
    </p>
   </div>
  </div>
 </body>
</html>
