2804 4890
200 671 264 737 440
365 682 420 741 nn
443 681 709 743 enesaunuro
734 681 1089 745 cousruumdlonls.

245 852 281 915 Si
298 852 340 916 sit
357 853 555 930 Ordinarius,
573 856 605 916 in
623 855 735 918 throno
753 857 799 917 rel
816 856 886 918 sede
903 856 1021 919 elevata
1038 856 1176 919 adlatus
1193 855 1295 918 Even-

201 946 278 1026 gelii
297 951 491 1026 praeparata,
514 946 561 1009 vel
584 948 617 1009 iu
640 946 818 1009 faldistorio
839 949 940 1028 posito
962 949 1001 1010 ad
1025 950 1106 1012 latus
1129 948 1295 1029 Evangelii

202 1039 236 1099 in
263 1037 461 1119 suppedaneo
489 1040 577 1102 exuit
606 1046 782 1115 mozettam,
811 1040 917 1102 induit
944 1041 1129 1103 vestimenta
1158 1046 1190 1104 et
1219 1046 1295 1103 tunc

201 1130 285 1193 lavat
302 1150 424 1194 manus.

244 1231 272 1292 2.
296 1230 385 1292 Tune
411 1229 583 1311 Episcopus
608 1230 655 1293 vel
679 1228 829 1295 Sacerdos
853 1230 982 1312 quidam
1006 1251 1179 1295 sermonem
1202 1231 1294 1293 habet

201 1321 241 1384 ed
260 1322 513 1385 confirmandos.²

244 1414 377 1478 Posthac
394 1415 601 1477 confirmandi
618 1434 725 1480 omnes
742 1437 814 1479 curn
831 1417 1042 1498 compatribus
1059 1419 1124 1480 suis
1139 1416 1293 1498 genuflee-

201 1512 284 1571 tunt.
323 1508 477 1588 Episcopo
495 1508 629 1572 ederunt
649 1510 789 1570 ministri
808 1509 846 1574 de
865 1510 945 1574 libro
964 1517 995 1573 et
1014 1510 1152 1573 candela.

243 1609 272 1668 3.
296 1605 469 1687 Episcopus
500 1608 641 1688 deposita
670 1609 767 1671 mitra
798 1609 884 1670 stans
915 1610 948 1669 in
979 1609 1177 1689 suppedaneo
1208 1628 1294 1671 versa

201 1698 281 1763 faeie
298 1700 338 1762 ad
358 1699 588 1762 confirmandos
607 1699 689 1763 elata
708 1722 779 1764 voce
798 1701 894 1763 dicit:
914 1700 1055 1783 Spiritus
1074 1705 1201 1764 sauctus
1221 1702 1293 1763 etc.³

243 1790 365 1854 Deinde
382 1791 511 1872 signans
526 1813 558 1856 se
576 1792 670 1855 dicit:
689 1793 897 1874 Adjutorium
915 1798 1056 1857 nostrum
1076 1798 1133 1856 etc.
1152 1800 1183 1858 et
1200 1794 1293 1856 versi-

201 1884 286 1948 culos
306 1884 441 1965 reliquos
461 1886 582 1961 recitat,
600 1885 646 1948 vel
666 1890 772 1949 cantat
792 1893 865 1949 tono
886 1886 989 1947 feriali
1010 1888 1103 1948 siruul
1125 1907 1197 1949 eum
1217 1887 1292 1948 Ora-

202 1976 310 2040 tione.⁴
351 1976 470 2040 Eodem
489 1977 581 2038 modo
601 1976 779 2039 assistentes
797 1978 835 2039 ad
856 1978 1023 2042 versiculos
1043 1980 1133 2042 etad
1153 1977 1294 2058 singulas

202 2071 422 2144 invocationes,
442 2092 467 2132 e.
488 2089 517 2149 g.
539 2068 696 2151 Spiritum
716 2070 888 2152 sapientiae
909 2075 939 2132 et
959 2071 1147 2144 intellectus,
1169 2092 1293 2151 respon-

201 2162 287 2238 dent,
300 2163 413 2225 Amen.

241 2266 271 2325 4.
295 2262 466 2325 “Pontifex
481 2261 590 2324 sedens
605 2280 698 2341 super
714 2261 927 2324 faldistorium
943 2260 1161 2345 praedictum''
1178 2263 1293 2342 accipit

201 2355 328 2418 mitram
344 2360 376 2418 et
392 2355 537 2417 baculum
555 2355 741 2435 pastoralem
753 2357 774 2429 3⁶
791 2355 858 2416 “vel
877 2357 1013 2418 etiamsi
1031 2356 1204 2417 multitudo
1222 2375 1292 2416 eon·

202 2448 427 2512 firmandorum
442 2449 473 2509 id
487 2447 630 2528 exigerit,
643 2447 804 2527 dispositis
818 2446 881 2509 illis
894 2468 948 2528 per
961 2448 1103 2511 ordinem
1117 2468 1210 2527 super
1223 2467 1291 2527 gra-

200 2542 259 2602 dus
280 2539 485 2621 preshyterii”
506 2541 545 2602 ad
566 2539 727 2616 cancellos,
748 2540 816 2602 “vel
837 2540 923 2615 alibi,
946 2541 1095 2604 Pontifex
1116 2547 1202 2602 stans
1221 2561 1291 2602 euru

201 2637 296 2697 mitra
320 2633 388 2697 illos
410 2632 620 2696 confirnrat.''⁸
664 2633 712 2694 Ah
735 2633 835 2713 ipsius
856 2633 974 2695 dextris
996 2635 1140 2696 consistit
1162 2632 1292 2696 clericus

200 2749 271 2790 eum
295 2727 482 2800 Chrismate
503 2733 534 2789 et
556 2725 635 2789 alter
659 2732 840 2805 recepturus
862 2749 879 2789 a
902 2726 1126 2788 confirmandis
1148 2727 1292 2790 schedam

201 2841 272 2882 eum
296 2822 434 2899 ipsorum
459 2820 594 2890 nomine,
618 2820 698 2899 quod
723 2820 863 2898 suggerit
888 2821 1059 2899 llpiscop03
1082 2820 1120 2883 ah
1145 2820 1292 2900 Episcopi

200 2913 347 2988 sinistris,
371 2912 445 2989 (vel,
463 2914 488 2974 si
507 2913 545 2974 ad
565 2912 778 2974 faldistorium
797 2911 969 2985 confirmet,
988 2914 1054 2976 loco
1072 2912 1286 2984 convenienti)

200 3011 263 3068 stat
288 3004 418 3068 clericus
445 3004 623 3084 abstergens
651 3006 787 3067 frontem
816 3004 1002 3067 confirmati.
1052 3007 1080 3066 A
1107 3012 1193 3086 tergo
1221 3026 1291 3067 eon-

200 3099 347 3161 firmandi
369 3103 431 3161 stat
452 3098 521 3176 ejus
542 3098 686 3178 patrinus
709 3099 872 3176 imponens
893 3098 926 3158 in
947 3102 1019 3160 actu
1039 3099 1198 3160 unctionis
1219 3097 1291 3158 des-

200 3197 280 3254 tram
304 3193 433 3254 humero
456 3192 564 3252 dextro
587 3188 818 3251 eorrfirmeudi!

241 3291 434 3371 “Episcopus
455 3290 486 3351 S.
506 3289 782 3351 confirmationem
802 3288 974 3362 conferens,
993 3291 1129 3369 intinget
1146 3289 1289 3371 pollicem

200 3387 233 3446 in
260 3384 290 3445 S.
318 3382 462 3444 Chrisrun
487 3390 517 3445 et
542 3403 637 3443 mauu
663 3386 788 3444 extensa
814 3381 960 3459 imposita
987 3402 1079 3462 super
1103 3389 1195 3463 caput
1220 3405 1291 3444 con·

233 3533 262 3572 2‘
270 3531 430 3583 ‘Nonnullis
454 3531 480 3579 in
504 3530 569 3579 loeis
592 3543 649 3577 mos
670 3530 718 3578 est,
771 3528 820 3575 ilus
843 3528 954 3591 quisque
978 3543 1132 3593 sponsorem
1156 3530 1208 3579 sihi
1232 3545 1291 3594 pro-

199 3614 230 3660 ut
254 3608 363 3673 quidam
387 3606 586 3658 eeclesiastieus
608 3604 718 3654 edoceat
767 3604 872 3668 sidem
911 3611 942 3655 ut
978 3608 1057 3656 binos
1091 3608 1291 3658 confirmandos

199 3692 280 3750 atque
304 3688 428 3735 exerceat
453 3680 649 3732 confirmandos
673 3693 717 3728 an·
768 3680 926 3731 accedentes
961 3682 996 3732 ad
1032 3682 1196 3747 Episcopum
1232 3682 1291 3731 bini

200 3766 310 3826 tequam
340 3760 376 3810 ad
408 3758 556 3808 Ecclesiam
589 3755 717 3805 adveniat
770 3770 911 3819 sponsores
927 3759 1022 3807 statim
1039 3759 1246 3822 subsequantur,
1264 3766 1291 3808 ct

199 3835 389 3903 Episcopus.'’
424 3832 597 3894 Martinucci,
614 3832 630 3881 l.
647 3846 668 3881 c.
769 3837 843 3882 stent
862 3837 893 3882 ut
912 3848 1003 3898 supra.
1024 3833 1153 3884 “Nullus
1172 3835 1217 3898 qui
1238 3850 1290 3883 uon

235 3913 327 3964 ³Vide
356 3909 481 3961 Pontiflc.
510 3908 585 3958 Rom,
612 3911 640 3959 et
668 3906 718 3955 Ex·
770 3907 808 3956 sit
838 3908 1021 3973 confirmatus,
1054 3916 1144 3975 potest
1172 3926 1231 3960 esse
1265 3912 1291 3959 in

198 3994 282 4055 eerpt.
301 3989 356 4039 Rit.
376 3988 451 4037 Rom.
769 3983 973 4037 confirmatione
991 3986 1126 4050 patrinus,
1145 4002 1193 4037 nec
1212 3992 1293 4051 pater

234 4063 429 4127 ⁴Martinucci,
444 4063 461 4112 l.
477 4075 499 4112 c.
770 4064 819 4110 eut
853 4064 948 4124 mater,
984 4063 1099 4112 maritus
1133 4068 1182 4113 aut
1216 4078 1291 4114 uxor.

234 4140 328 4192 elbid,
772 4135 865 4200 Neque
893 4138 1006 4188 masculi
1037 4139 1149 4190 feminis
1178 4141 1282 4204 patrini

234 4215 382 4267 ePontiflc.
770 4227 855 4276 neque
874 4213 993 4266 feminee
1012 4216 1139 4266 nrasculis
1156 4216 1292 4268 niatrinne

234 4293 349 4344 eraclio
368 4292 456 4355 quoad
474 4305 617 4356 sponsores
635 4288 718 4339 menti
769 4303 826 4339 esse
852 4289 1010 4341 deberent''
1040 4291 1177 4353 (Pontis.)
1207 4308 1292 4357 neque

199 4370 336 4420 Ecclesiae
361 4368 519 4430 obsequitur
549 4365 600 4427 (ef.
625 4364 653 4415 C.
677 4363 717 4414 Pl.
770 4365 845 4416 “ille
869 4366 938 4416 idem
962 4366 1008 4431 qui
1032 4367 1167 4418 infantem
1192 4370 1290 4418 levavit

198 4444 456 4503 Balt.11.n.25.s)
477 4441 719 4504 Perochus,rno·lo
769 4457 784 4489 c
813 4457 889 4491 sacro
919 4442 1034 4492 fonto.''
1070 4443 1110 4505 (S.
1140 4443 1169 4494 (l.
1199 4445 1226 4495 U.
1260 4448 1292 4496 lo

195 4521 288 4572 fideles
300 4521 377 4586 prius
387 4524 504 4583 moueat,
519 4522 548 4567 ut
561 4517 717 4567 confirmari·
771 4517 848 4567 Echr.
870 4519 960 4579 1884.)
