2804 4890
176 686 235 753 110
462 697 580 756 smus
603 698 751 756 Missis
773 699 983 758 salvaris.

178 865 333 929 ueteribus
360 866 540 947 permisceri
568 867 691 942 debent,
720 866 772 930 scd
800 867 835 929 in
863 868 925 930 alia
953 867 1066 948 pyxide
1095 866 1143 931 vel
1170 865 1266 929 calice

176 959 413 1035 conservandae,
442 959 489 1022 vel
518 961 621 1040 primo
649 960 884 1024 distribuendae
912 961 960 1023 vel
987 980 1006 1023 a
1035 960 1202 1024 Sacerdote
1231 960 1265 1021 in

179 1051 277 1115 Missa
295 1053 464 1116 sumendae
482 1055 581 1116 sunt.⁴

219 1146 419 1212 “Particulae
441 1148 666 1213 consecrandae
688 1149 753 1212 sint
776 1147 958 1212 recentes'’⁸
981 1149 1093 1224 idest,
1115 1149 1208 1228 juxta
1232 1146 1265 1212 S.

178 1240 327 1304 Carolum
343 1240 415 1305 Bor.
432 1261 450 1304 a
467 1241 581 1322 viginti
598 1242 707 1304 diebus
724 1242 763 1304 ad
779 1263 938 1304 summum
955 1242 1124 1306 confectas.

219 1336 248 1396 3.
272 1333 379 1397 Toties
393 1335 483 1416 pyxis
498 1355 552 1397 seu
568 1335 721 1398 ciborium
736 1340 784 1398 est
798 1335 1042 1416 purificandum,
1058 1335 1180 1416 quoties
1196 1334 1266 1398 fieri

176 1427 268 1492 debet
291 1429 465 1509 specierum
491 1429 658 1493 renovatio.

218 1523 249 1584 4.
269 1521 508 1601 Purifioationis
528 1522 649 1595 modus,
671 1524 794 1605 quando
814 1545 878 1587 uno
900 1526 1024 1586 tontum
1043 1521 1135 1606 pysis
1154 1523 1265 1587 habea·

177 1618 246 1678 tur:
267 1616 439 1696 Postquam
461 1615 627 1678 Celebrans
649 1616 767 1679 hostias
788 1622 905 1680 veteres
926 1617 1091 1680 distribuit
1111 1618 1159 1679 sel
1181 1636 1265 1679 sum·

175 1709 228 1786 sit,
256 1709 360 1773 indies
388 1709 497 1773 dextro
527 1709 705 1790 fragmenta
733 1709 858 1772 residua
886 1730 902 1773 e
931 1710 1044 1791 pyxide
1073 1711 1107 1771 in
1136 1709 1263 1773 calicem

176 1803 342 1879 immittit3
369 1803 443 1866 dein
471 1802 649 1884 purificatio
677 1803 711 1864 in
738 1804 819 1866 hanc
846 1804 994 1884 pyxidem
1023 1803 1207 1865 infunditur
1233 1806 1265 1866 et

175 1892 263 1960 intus
290 1897 526 1978 circumagitur,
553 1902 585 1961 et
612 1896 715 1959 indice
743 1903 884 1977 tergente
913 1896 1062 1959 Sacerdos
1089 1900 1189 1960 totam
1217 1897 1264 1957 in-

176 1991 323 2056 teriorem
341 1995 463 2071 partem
482 1989 583 2053 abluit
600 1994 631 2054 et
650 1991 684 2054 in
702 1989 831 2052 calicem
849 1989 1065 2066 transfundit;
1090 1989 1154 2069 (vel
1172 1991 1265 2071 juxta

176 2083 301 2160 Merati,
327 2087 384 2146 eto.
411 2085 478 2146 sine
505 2084 640 2147 tersione
666 2083 760 2164 digiti
788 2082 860 2145 talis
888 2083 1006 2146 infusio
1033 2089 1064 2147 et
1091 2082 1265 2146 transfusio

176 2179 330 2259 repetitur
363 2179 606 2259 quotiescunque
640 2196 718 2257 opus
752 2177 848 2256 erit3)
888 2176 1015 2240 tandem
1049 2175 1264 2257 purificatorio

175 2271 323 2353 pyxidem
351 2271 495 2350 extergit,
524 2275 565 2345 et,
592 2269 810 2350 genuflexione
838 2271 933 2345 facta,
960 2268 1132 2350 particulas
1159 2289 1264 2332 conse
1311 2320 1312 2324 ,

175 2371 277 2428 cratas
294 2367 327 2426 in
344 2385 413 2428 eam
431 2364 587 2426 immittit.

218 2462 246 2521 5.
268 2458 505 2537 Purifiootio'nis
530 2457 650 2530 modus,
675 2458 797 2540 quando
823 2459 902 2523 duae
926 2458 1055 2540 pyxides
1079 2458 1263 2532 habeantur,

176 2554 221 2616 ita
237 2557 274 2616 ut
288 2551 394 2615 nullae
410 2550 582 2632 particulae
600 2551 634 2612 in
649 2550 796 2631 pyxidem
814 2551 1011 2631 purificatam
1030 2551 1262 2613 immittantur:

176 2645 343 2709 Celebrans
362 2645 540 2724 fragmenta
557 2644 683 2706 residua
700 2644 734 2705 in
752 2644 880 2706 calicem
900 2645 1064 2720 immittit;
1082 2649 1159 2707 tunc
1178 2645 1263 2725 puri-

176 2739 280 2803 ficatio
308 2740 397 2820 prius
427 2739 460 2799 in
490 2737 638 2818 pyxidem
665 2741 696 2799 et
724 2737 965 2816 circumagendo
995 2737 1029 2799 in
1057 2737 1185 2801 calicem
1215 2738 1263 2798 in-

174 2832 324 2895 funditur
348 2837 380 2895 et
405 2832 542 2894 sumitur
550 2852 560 2907 ;
585 2830 693 2893 eodem
719 2829 811 2894 modo
837 2830 874 2893 fit
899 2830 938 2892 ad
964 2829 1157 2894 ablutionem
1182 2831 1262 2911 digi-

173 2929 289 2990 torum.
333 2926 424 2987 Tunc
449 2925 537 3005 prius
562 2923 643 2986 calix
669 2923 782 2988 deinde
808 2924 898 3003 pyxis
923 2923 1138 3003 purificatorio
1163 2928 1262 2986 exter·

175 3020 264 3100 gitur
283 3023 315 3082 et
334 3022 424 3081 extra
444 3018 602 3098 corporale
623 3016 918 3096 ponitur-Plures
940 3021 1076 3092 censent,
1098 3017 1204 3080 decere
1226 3022 1262 3078 ut

175 3112 427 3194 purificatorium
449 3116 526 3172 tunc
549 3109 640 3172 niodo
663 3111 785 3171 inverso
808 3109 942 3189 plicetur
964 3130 1020 3172 nec
1042 3110 1178 3191 amplius
1200 3130 1262 3174 ser·

176 3208 241 3268 viat
259 3205 356 3268 donec
376 3204 475 3269 lotum
494 3204 602 3266 fuerit.

217 3297 389 3361 Nonnullis
416 3296 528 3379 placet,
556 3295 703 3376 pyxidem
730 3296 844 3376 absque
873 3297 938 3358 vini
967 3296 1126 3360 infusione
1153 3298 1262 3377 purifi·

173 3414 252 3457 care.
264 3393 277 3427 c

207 3578 283 3630 ⁴Cf.
306 3579 361 3630 Bit.
384 3578 460 3628 Rom.
482 3578 516 3628 ds
536 3575 585 3626 SS.
608 3575 692 3625 Euch.
780 3575 985 3638 ‘Martinucci
1008 3574 1030 3626 1.
1052 3591 1079 3641 p.
1100 3576 1160 3639 346,
1182 3581 1263 3643 nota;

171 3671 189 3706 n
218 3656 233 3706 7
744 3650 782 3702 cf.
800 3651 868 3717 Eph.
885 3651 939 3702 Lit.
957 3651 991 3702 X.
1008 3667 1034 3717 p.
1051 3652 1094 3704 ³3.

191 3694 220 3772 ὀ
235 3695 312 3783 'rora
