2804 4890
255 683 308 737 DE
331 681 604 736 PROCESSIONE
627 681 667 733 IN
694 681 816 734 FESTO
830 682 861 734 S.
885 680 1022 746 blanel,
1049 680 1133 734 ETC.
1179 668 1239 731 529

193 845 350 908 Processio
367 846 521 926 dirigetur
537 848 628 928 juata
645 846 902 910 consuetudinem
921 847 1085 908 Ecclesiae.
1115 847 1239 909 Proces-

151 937 246 998 sionis
262 943 399 1017 tempore
413 939 568 1002 sonabunt
585 937 740 1002 Ecclesiae
755 958 933 1019 campanae,
951 959 1071 1001 necnon
1087 956 1240 1017 organum

151 1029 291 1110 quamvis
307 1030 341 1092 in
359 1030 456 1093 Missa
473 1050 536 1093 non
552 1031 690 1094 licuisset
707 1051 763 1114 pro
781 1032 862 1094 ritus
879 1030 1039 1112 qualitate

591 1261 706 1334 Alta.
731 1262 796 1334 VI.

152 1427 198 1476 DE
218 1424 474 1478 PROGESSIONE
494 1425 537 1477 IN
556 1427 868 1556 FizEgngTSbgdffiCI,
888 1429 936 1479 ET
956 1428 1092 1480 TRIBUS
1113 1427 1240 1479 FERIIS

191 1627 260 1691 328.
286 1631 347 1694 Pro
373 1631 478 1694 Alteri
504 1636 535 1695 et
559 1632 751 1713 paramentis
777 1633 861 1697 color
887 1632 1040 1697 violaceus
1065 1632 1240 1696 adhibetur.

151 1721 305 1786 Candelae
326 1726 360 1785 in
380 1724 484 1787 Altari
506 1725 728 1788 accenduntur.
774 1726 922 1788 Sacerdos
945 1725 1091 1790 induitur
1112 1726 1241 1800 amictu,

150 1813 228 1891 alba,
256 1816 392 1895 cingulo,
419 1816 498 1880 stola
524 1822 555 1880 ct
583 1818 724 1904 pluviali,
752 1820 798 1880 vel
825 1818 935 1881 saltem
961 1818 1184 1900 superpelliceo
1209 1821 1241 1880 et

151 1907 247 1983 stola;
270 1907 427 1970 Diaconus
447 1913 478 1973 et
501 1909 727 1986 Subdiaconus,
748 1912 775 1973 si
797 1912 954 1986 assistant,
978 1911 1155 1973 induuntur
1177 1906 1242 1970 dal-

151 2001 265 2061 matica
282 2006 313 2062 et
328 2000 487 2077 tunicella,
505 2001 596 2063 modo
615 2002 764 2065 Sacerdos
780 2004 910 2084 pluviali
928 2005 969 2067 sit
988 2003 1142 2065 indutus.¹

193 2095 221 2154 2.
246 2091 395 2155 Sacerdos
412 2114 483 2155 curn
502 2093 659 2156 Ministris
676 2101 708 2157 et
725 2095 830 2158 clerici
849 2096 926 2170 bini,
944 2095 1146 2177 praecedente
1165 2094 1243 2156 Cru-

152 2185 259 2259 cilero,
301 2183 403 2246 medio
444 2187 527 2248 intcr
568 2185 779 2262 ceroferarios,
818 2186 970 2249 accedunt
1011 2195 1083 2251 ante
1124 2188 1243 2249 Altare.

153 2278 290 2339 “Omnes
315 2277 446 2356 genibus
473 2277 560 2338 flexis
584 2278 744 2358 paulisper
769 2279 965 2359 precentur.'’
1012 2281 1085 2342 Mox
1110 2281 1246 2361 surgunt

153 2375 183 2431 ct
200 2374 346 2432 cantatur
364 2369 438 2431 Aut.
455 2369 581 2449 Exurge
599 2369 733 2433 Domine
751 2374 820 2446 etc,
841 2371 894 2449 (ut
912 2372 945 2433 iu
964 2372 1084 2434 Rituali
1104 2374 1150 2435 vel
1170 2373 1243 2433 Pro·

153 2461 315 2523 cessionali
336 2463 440 2538 Itoni.)
463 2483 535 2524 cum
554 2482 642 2523 uersu
660 2462 773 2542 psalmi
791 2466 860 2524 43.:
878 2463 964 2526 Deus
983 2463 1112 2527 auribus
1130 2463 1246 2528 nostro

153 2560 209 2616 cic.
253 2555 397 2635 Repetita
415 2555 588 2634 antiphona
608 2553 840 2634 “genuflectant
861 2575 985 2632 omnes;
1007 2560 1038 2621 et
1058 2555 1120 2619 duo
1140 2556 1245 2620 clerici

154 2647 310 2726 genuflexi
336 2647 477 2708 titanios
501 2654 626 2710 cantare
651 2647 816 2733 incipiant,
840 2647 950 2710 ceteris
974 2649 1080 2710 eadem
1105 2671 1177 2713 voce
1200 2669 1246 2712 re·

154 2740 386 2819 spondentibus.
427 2739 507 2802 Cum
526 2745 632 2802 autem
649 2744 812 2803 cantatum
829 2741 907 2805 erit:
927 2742 1044 2804 Sancto
1059 2741 1172 2816 Morio,
1192 2763 1248 2806 oro

155 2854 210 2913 pro
227 2833 346 2905 nobis,''
362 2838 394 2896 et
408 2834 518 2894 (llerus
535 2833 730 2913 responderit
745 2834 841 2896 etiam
858 2834 976 2895 Sancto
991 2832 1103 2903 Morio.
1121 2856 1176 2898 oro
1191 2856 1247 2917 pro

155 2926 267 2997 nobis,²
283 2927 439 3006 “surgunt
454 2946 561 2988 omnes
576 2932 607 2988 et
623 2924 795 2988 ordinatim
811 2924 1014 3006 procedunt.''
1053 2927 1101 2988 Ex
1117 2927 1248 2990 Decreto

158 3019 188 3078 S.
205 3019 240 3079 R.
256 3019 385 3098 Congr.⁸
400 3018 539 3098 “singuli
555 3018 754 3079 litaniarum
770 3037 875 3080 versus
890 3019 1011 3099 integre
1025 3041 1043 3082 a
1059 3018 1248 3082 Cantoribus

156 3110 218 3170 dici
234 3116 265 3172 et
282 3132 299 3172 a
317 3111 408 3173 Clero
424 3111 522 3191 repeti
540 3109 683 3172 debent.'’

199 3206 226 3263 3,
250 3202 321 3263 “Αιι
341 3204 493 3281 processio
511 3203 549 3264 de
567 3208 730 3282 praecepto
748 3203 816 3266 fieri
835 3204 945 3268 debeat
964 3205 1048 3267 intra
1066 3204 1248 3280 Ecclesiam,

158 3299 230 3373 quot
236 3295 278 3355 ies
291 3294 440 3373 temporis
454 3294 654 3358 inclementia
667 3295 704 3356 ab
720 3293 857 3358 Ecclesia
870 3295 976 3374 egredi
989 3317 1052 3359 non
1066 3295 1249 3378 patiatur?’'

160 3387 190 3447 S.
211 3387 324 3466 Congr.
345 3387 382 3448 R.
402 3385 580 3466 respondit:
598 3385 655 3447 “Si
676 3385 813 3449 Ecclesia
834 3407 930 3467 capax
950 3392 1007 3463 est,
1026 3390 1250 3469 congruentius

158 3500 222 3542 csse
242 3477 396 3553 Rubricis,
416 3477 442 3540 si
463 3478 547 3539 iutra
567 3477 636 3556 ejus
655 3476 809 3539 ambitum
830 3479 983 3557 processio
1004 3481 1036 3541 in
1057 3501 1130 3542 casu
1150 3481 1250 3543 fiat.''⁴

158 3573 215 3634 “Si
232 3572 386 3654 processio
403 3570 445 3634 sit
462 3568 595 3649 longior,
614 3567 661 3630 vel
679 3571 860 3648 repetantur
875 3569 1030 3648 Litaniae,
1049 3572 1096 3634 rel
1114 3573 1252 3635 Litaniis

159 3665 310 3726 absolutis
327 3684 423 3744 usque
442 3661 481 3725 ad
500 3681 606 3743 preoes
625 3660 778 3724 exclusive
798 3658 945 3724 dicantur
963 3661 1061 3743 aliqui
1081 3663 1194 3745 psalmi
1214 3686 1252 3728 ex

160 3756 436 3834 poenitentialibus
458 3775 511 3816 seu
533 3750 780 3835 gradualibus.''⁵

193 3877 270 3928 ¹Rit.
287 3874 372 3937 Rom,
389 3875 490 3927 Merati
506 3879 558 3927 etc.
729 3873 788 3924 fieri
809 3889 862 3925 ιιοιι
885 3875 974 3938 debet,
996 3891 1029 3927 ex
1051 3892 1141 3930 errore
1163 3879 1250 3945 pulse-

193 3952 388 4016 ²blartinucci,
409 3951 449 4001 II.
470 3951 512 4011 29,
533 3951 575 4002 32.
728 3952 783 4012 tur,
811 3964 903 4001 ornnes
930 3954 995 4002 ante
1022 3951 1119 4006 Altare
1147 3958 1250 4007 transe-

194 4029 251 4078 31).
270 4029 352 4087 3]35;
374 4032 401 4078 et
421 4029 454 4077 ‘28
472 4027 539 4078 Mai.
560 4027 635 4089 1898,
653 4041 679 4076 ιι.
730 4031 816 4088 untes,
837 4025 884 4077 ubi
903 4024 935 4077 at
955 4027 1072 4079 elevatio
1093 4028 1134 4081 Sa.
1155 4030 1250 4083 Sacra·

159 4106 235 4155 3993.
258 4107 282 4156 4.
729 4102 822 4164 menti,
842 4101 901 4153 bini
922 4107 951 4154 at
971 4103 1031 4153 bini
1052 4104 1158 4155 unicum
1179 4122 1250 4170 genu

194 4181 250 4232 ⁴D.
279 4181 355 4230 3069.
386 4183 409 4230 1.
456 4179 606 4230 Notamen:
646 4176 679 4227 Ῐιι
730 4178 856 4235 flectant3
880 4183 907 4229 et
928 4178 1002 4244 piam
1024 4180 1249 4246 supplicationem

159 4259 283 4307 omnibus
320 4257 414 4306 Missis
449 4255 574 4321 privatis,
613 4269 681 4319 qrraa
729 4258 936 4319 prosequantur.
975 4254 1022 4317 (D.
1039 4256 1072 4306 21
1088 4256 1156 4308 Nou.
1175 4257 1250 4321 189³,

160 4343 280 4400 tempore
302 4334 364 4398 piae
386 4331 595 4397 supplicationis
615 4332 680 4380 cele·
731 4347 756 4381 u.
779 4331 854 4379 3814.
877 4329 917 4391 2.)

160 4413 283 4469 brantnr,
323 4425 387 4458 usim
425 4407 602 4471 campanulae
639 4412 681 4459 est
763 4404 840 4455 enit.
858 4405 934 4458 Rom.

160 4489 268 4538 omnino
284 4485 446 4554 prohibitus.
479 4483 509 4531 Si
525 4497 596 4540 vero,
611 4485 681 4546 quod
