2804 4890
513 715 567 777 bu
590 718 869 778 REVERENTIIS.
1200 710 1238 776 71

151 896 305 977 surgendo
328 895 396 959 sine
419 913 525 970 mora;
548 913 670 975 semper
693 894 731 956 fit
754 893 867 974 absque
891 893 1004 975 capitis
1028 895 1077 958 rel
1100 896 1238 976 corporis

150 989 370 1052 inclinatione:

189 1086 216 1144 2.
240 1082 381 1145 Unicum
397 1102 480 1164 genu
497 1080 613 1144 flectit:

194 1177 247 1255 (a)
275 1175 337 1250 Qui
350 1176 499 1256 praeterit
512 1174 631 1251 Altare,
645 1175 679 1238 in
692 1195 753 1257 quo
767 1176 823 1239 SS.
840 1177 1078 1240 Sacramentum
1091 1178 1125 1239 in
1139 1176 1239 1240 taber-

151 1270 259 1332 naculo
273 1275 321 1332 est
335 1269 542 1344 reconditum,
558 1268 603 1330 vel
619 1269 794 1333 celebratur
809 1270 906 1331 Missa
920 1278 950 1331 et
964 1275 1012 1333 est
1026 1272 1110 1332 inter
1125 1269 1237 1332 Conse·

152 1364 319 1426 orationem
335 1368 366 1426 et
381 1362 643 1426 Communionem
664 1362 753 1443 (quia
770 1363 1008 1425 Sacramentum
1024 1363 1239 1426 consideratur

154 1456 348 1522 reconditum
369 1476 462 1536 super
483 1455 621 1535 Altari),
644 1456 691 1517 vel
714 1455 857 1535 Reliquis
881 1456 912 1517 S.
937 1456 1047 1519 Crucis
1069 1455 1238 1537 principali

154 1550 215 1614 loco
231 1557 279 1614 est
294 1550 480 1630 exposita3¹⁰

196 1645 248 1723 (b)
277 1643 318 1706 In
334 1663 455 1707 accessu
473 1643 512 1705 ad
530 1643 649 1719 Altam,
666 1645 778 1725 inquo
796 1644 853 1706 SS.
874 1644 1112 1706 Sacramentum
1128 1648 1176 1707 est
1193 1664 1238 1707 re·

154 1737 312 1800 eonditum
326 1741 357 1799 et
372 1737 406 1799 in
420 1757 539 1799 recessu
555 1737 593 1799 ab
608 1736 716 1799 eodem
730 1737 953 1816 genuflectitur
969 1738 1001 1798 in
1018 1738 1129 1818 plano;
1144 1757 1238 1817 super

155 1833 288 1910 primum
311 1829 455 1909 gmdum,
479 1834 644 1910 postquam
669 1829 835 1892 Celebrans
859 1829 1019 1893 descendit
1043 1830 1083 1891 ad
1108 1829 1238 1891 Missam

155 1923 372 2004 incipiendam,
386 1928 418 1984 et
433 1923 553 2003 quoties
567 1923 653 1985 intra
668 1922 798 1985 Missam
812 1927 884 1985 ante
898 1923 1014 2002 gradus
1028 1922 1238 2003 genufleeten-

156 2016 224 2078 dum
243 2023 308 2093 est;

196 2114 245 2189 (c)
275 2111 365 2172 Intra
379 2111 519 2185 Missam,
532 2110 779 2190 quandocunque
792 2114 920 2172 notatur
933 2111 966 2171 in
981 2110 1112 2173 Missali.

192 2207 220 2267 3.
243 2203 376 2278 Quando
408 2204 557 2266 Sacerdos
587 2204 626 2264 ad
657 2203 766 2264 Altare
795 2203 989 2282 genuflectit,
1021 2223 1143 2279 manus,
1174 2223 1238 2266 non

157 2299 250 2359 solum
265 2298 393 2378 digitos,
408 2317 501 2377 super
514 2297 623 2358 Altare
638 2297 728 2378 ponit
737 2316 746 2371 ;
763 2295 903 2357 Ministri
919 2315 991 2359 vero
1006 2296 1150 2358 manibus
1165 2300 1239 2358 ante

158 2397 257 2469 pectus
275 2392 394 2469 junctis
411 2390 637 2471 genuflectunt.

193 2490 220 2546 4.
247 2485 385 2565 Utroque
407 2505 490 2565 penu
513 2483 629 2563 flectit:

199 2581 248 2657 (a)
277 2578 338 2653 Qui
356 2578 506 2659 praeterit
523 2577 641 2653 Altare,
659 2577 694 2639 in
710 2597 771 2658 quo
790 2577 847 2640 SS.
868 2577 1106 2641 Sacramentum
1125 2580 1172 2639 est
1188 2596 1239 2639 ex-

159 2674 306 2750 positum3
323 2671 370 2735 vel

198 2767 249 2845 (b)
278 2765 340 2827 Ubi
357 2766 392 2828 tit
406 2765 596 2829 consecratio
610 2770 640 2827 et
656 2764 785 2827 elevatio
800 2766 846 2829 rel
861 2765 956 2826 datur
969 2765 1144 2827 benedictio
1161 2765 1239 2827 San·

159 2860 280 2922 ctissimi
292 2879 301 2934 ;
321 2879 378 2921 nec
398 2859 510 2939 surgit,
531 2863 698 2938 antequam
721 2857 886 2919 Celebrans
908 2857 1037 2920 calicem
1058 2858 1102 2920 vel
1128 2858 1238 2920 Osten-

160 2955 266 3015 sorium
284 2972 378 3033 super
393 2952 545 3032 corporali
564 2951 760 3032 deposuerit;

198 3049 246 3128 (c)
274 3046 336 3121 Qui
358 3046 509 3127 praeterit
532 3044 740 3119 Sacerdotem,
762 3045 814 3124 qui
839 3045 870 3107 S.
894 3044 1156 3108 Communionem
1177 3045 1238 3105 dis·

160 3141 274 3215 tribuit,
291 3160 352 3221 quo
367 3160 439 3202 casu
456 3159 519 3202 non
535 3146 675 3202 remanet
691 3137 910 3217 genuflexus,¹¹
928 3138 990 3198 nisi
1007 3137 1088 3199 forte
1105 3137 1167 3197 duo
1184 3142 1239 3198 aut

160 3237 213 3296 tres
230 3240 357 3297 tantum
373 3234 437 3295 sint
455 3231 725 3307 communicandi;

199 3328 251 3407 (d)
280 3328 341 3402 Qui
358 3327 480 3388 obviam
500 3326 585 3387 uenit
605 3324 765 3387 Sacerdoti
784 3325 838 3405 qui
857 3323 959 3385 defert
979 3323 1035 3386 SS.
1058 3323 1239 3385 Sacramen-

160 3423 229 3498 tum,
247 3442 303 3485 nec
322 3423 434 3500 surgit,
453 3420 550 3484 donec
570 3421 627 3480 iste
645 3439 661 3480 e
678 3423 845 3497 conspeetu
865 3417 993 3479 venerit.

195 3521 220 3576 5.
244 3515 376 3590 Quando
401 3513 549 3576 Sacerdos
572 3511 700 3573 calicem
722 3517 851 3591 portans
872 3511 1023 3590 praeterit
1048 3511 1104 3572 SS.
1130 3511 1238 3571 Sacra-

159 3618 292 3673 mentum
312 3609 499 3689 expositum,
520 3607 608 3687 prius
627 3611 796 3683 utrumque
816 3623 898 3683 genu
921 3602 1029 3676 flectit,
1050 3603 1123 3665 dein
1144 3607 1238 3682 caput

159 3701 279 3783 ‹lelegit
304 3710 335 3766 et
363 3703 446 3763 facta
472 3700 676 3762 inclinatione
701 3702 794 3777 caput
822 3697 900 3775 tegit
926 3701 1092 3775 antequam
1120 3700 1237 3773 surgat.

163 3795 428 3875 (Quandocunque
442 3795 571 3855 unicum
585 3812 668 3872 genu
685 3790 872 3853 flectendum
887 3795 943 3863 cst,
969 3793 1063 3869 caput
1078 3809 1141 3849 non
1156 3789 1239 3850 dete-

157 3891 223 3969 git.)
273 3890 335 3964 Qui
354 3909 426 3952 uero
444 3887 571 3950 calicem
590 3906 652 3948 non
672 3890 786 3966 portat,
806 3904 912 3945 omues
931 3882 1119 3945 reverentias
1138 3882 1239 3960 capite

157 3983 270 4048 detecto
298 3983 431 4064 perficit,
457 4001 514 4043 nec
540 3985 610 4059 post
637 3978 801 4040 flexionem
829 3977 992 4055 utriusque
1018 3995 1116 4055 genus
1144 3979 1239 4055 caput

158 4081 239 4158 tegit,
254 4078 353 4140 donec
368 4095 385 4139 e
399 4075 566 4155 conspectu
581 4071 771 4135 sanctissimi
788 4069 916 4132 venerit,

189 4269 213 4304 1⁰
231 4263 264 4315 D.
280 4261 358 4315 2390.
372 4259 398 4315 l.
758 4261 784 4296 ¹1
802 4253 836 4305 D.
852 4255 928 4305 2002.
945 4254 986 4306 14.
