2804 4890
204 700 257 756 DE
283 699 541 757 VlSITATIONE
563 702 613 754 ET
635 700 741 756 CURA
764 699 1039 770 INFIRMORUM,
1064 702 1148 758 ETC.
1177 692 1238 754 493

148 882 201 925 seu
229 861 405 943 catalogum
431 861 553 939 habere,
582 868 617 937 ut
644 865 796 944 cujusque
823 869 942 927 statum
969 871 1001 927 ct
1027 862 1239 925 conditionem

147 959 321 1035 cognoscat,
344 974 511 1035 eorumque
532 957 715 1018 memoriam
736 957 863 1019 rannus
883 958 1028 1033 retinere,
1049 960 1081 1019 et
1103 954 1166 1016 illis
1187 974 1239 1034 op-

147 1053 281 1127 portune
295 1046 458 1111 subvenire
472 1049 601 1129 possit.''
634 1050 677 1112 Et
692 1050 824 1111 iterum:
839 1050 1030 1112 “Infirmum
1042 1046 1241 1131 frequentius

149 1137 319 1200 visitabit.''
367 1139 538 1221 Praecipue
565 1161 739 1222 pauperum
766 1163 873 1204 euram
899 1163 1006 1224 gerere
1032 1142 1137 1222 cisque
1163 1140 1239 1202 elee-

145 1234 283 1311 mosynis
300 1252 404 1314 perse
422 1233 469 1295 vel
487 1253 542 1314 per
559 1234 636 1296 aiios
652 1253 831 1297 succurrere
848 1235 962 1298 debet⁵

189 1329 217 1386 5.
240 1325 362 1407 Regula
400 1325 608 1388 determinata
649 1329 747 1389 statui
787 1329 906 1408 nequit,
944 1328 1065 1408 quotics
1103 1327 1239 1409 praecise

147 1421 266 1498 aegroti
290 1418 440 1482 visitandi
464 1420 529 1481 sint
537 1439 547 1495 ;
571 1420 651 1482 ratio
675 1421 817 1482 habenda
840 1426 886 1483 est
909 1419 1099 1484 conditionis
1121 1438 1239 1493 eorum,

147 1510 316 1574 distantiae
346 1512 485 1574 locorum
513 1516 570 1574 etc.
621 1512 742 1574 Auctor
772 1513 904 1594 peritusu
936 1512 991 1574 bas
1020 1514 1086 1577 fere
1117 1511 1240 1591 regulas

147 1605 294 1685 proponit
319 1624 376 1684 pro
404 1605 488 1679 locis,
516 1605 570 1666 ubi
598 1626 655 1667 nec
681 1606 719 1668 ob
746 1606 879 1666 nimiam
904 1606 1091 1667 distantiam
1117 1626 1173 1669 nec
1200 1605 1239 1666 eb

148 1697 350 1759 Sacerdotum
373 1698 537 1777 penuriam
560 1697 707 1777 speciales
729 1698 928 1760 difficultates
948 1705 1134 1761 occurrunt:

193 1792 243 1868 (o)
272 1790 413 1870 Aegroti,
450 1791 503 1869 qui
542 1789 694 1851 diuturno
730 1790 837 1852 morbo
875 1791 1049 1871 periculoso
1086 1791 1239 1863 laborant,

146 1883 238 1944 semel
264 1902 319 1962 per
342 1882 567 1945 hebdomadam
591 1884 769 1959 visitentur,
792 1884 854 1945 nisi
878 1886 960 1945 forte
984 1884 1021 1944 ob
1045 1883 1166 1947 dolores
1188 1902 1238 1944 ex·

146 1974 372 2037 traordinarios
393 1980 425 2036 et
447 1994 555 2054 graves
581 1975 769 2037 tornationes
792 1977 943 2038 tristitiae
966 1981 998 2039 et
1023 1975 1239 2055 impatientiae

147 2067 193 2127 bis
216 2087 271 2146 per
295 2066 521 2129 hebdomadam
545 2068 609 2129 sint
634 2066 794 2129 visitandi.

193 2161 244 2236 (b)
276 2159 397 2220 Pluries
415 2179 469 2238 per
485 2159 707 2221 hebdomadam
727 2161 904 2235 visitentur,
919 2161 972 2240 qui
989 2161 1027 2221 ob
1044 2162 1238 2223 vehementes

145 2255 177 2313 et
195 2251 390 2328 contagiosus
408 2250 531 2313 morbos
549 2272 566 2312 a
586 2250 726 2330 cognatis
745 2255 776 2313 et
793 2250 903 2312 amicis
921 2251 1099 2328 evitantur3
1118 2252 1165 2315 vel
1184 2253 1238 2333 qui

146 2343 279 2404 durante
303 2343 358 2404 hoc
382 2343 449 2422 ipso
472 2342 578 2405 morbo
600 2364 618 2404 a
641 2343 705 2404 vita
729 2344 840 2404 vitiosa
860 2349 891 2406 et
913 2345 1017 2423 pravis
1039 2345 1237 2408 consuetudi-

145 2436 237 2496 nibus
265 2434 391 2496 tandem
418 2435 456 2496 ad
484 2434 585 2497 Deum
612 2436 752 2497 conversi
777 2443 869 2510 sunt;
896 2436 942 2499 rel
970 2438 1023 2516 qui
1050 2442 1238 2517 premuntur

145 2527 373 2590 tentationibus
400 2525 543 2608 pessimis
571 2532 601 2589 et
629 2527 921 2603 vehementioribus,
949 2549 975 2591 e.
1001 2549 1031 2608 g.
1060 2547 1236 2591 murmura·

144 2621 241 2684 tionis
263 2625 372 2682 contra
394 2619 506 2694 Deum,
528 2618 764 2699 desperationis
787 2619 923 2683 suicidii.

192 2713 241 2792 (ο)
270 2711 417 2787 Quotidie
433 2712 601 2774 visitentur
618 2712 671 2793 qui
688 2714 782 2774 morti
800 2713 936 2793 proximi
953 2718 1039 2789 sunt,
1054 2715 1238 2794 praesertim

143 2806 170 2868 si
190 2805 348 2868 Parochus
366 2805 458 2867 facile
473 2804 512 2866 ad
531 2805 613 2883 ipsos
628 2803 772 2866 accedere
788 2805 896 2885 possit.

191 2898 245 2978 (d)
274 2896 431 2972 Quotidie,
454 2897 550 2958 immo
571 2897 693 2977 saepius
715 2917 770 2977 per
791 2898 875 2959 diem
896 2896 1074 2973 visitentur,
1095 2899 1149 2979 qui
1170 2899 1235 2978 jam

144 2992 261 3070 inipso
280 2991 392 3067 agonia
412 2989 576 3052 constituti
596 2993 679 3052 sunt.
720 2988 931 3052 “Morientem
950 2990 1089 3069 adjuvet.
1107 2991 1237 3072 ejusque

142 3084 279 3144 animam
304 3083 368 3145 Deo
390 3080 603 3144 commendet:
626 3081 679 3144 sed
701 3082 728 3143 si
749 3102 832 3145 mors
856 3083 1029 3153 immineat,
1052 3085 1233 3165 priusquam

144 3174 292 3247 discedat,
318 3174 466 3238 Sacerdos
490 3173 630 3237 animam
654 3173 720 3237 Deo
743 3175 804 3236 rite
827 3174 1089 3237 commendabit.'’

187 3265 248 3327 Pro
283 3266 339 3328 tali
374 3265 554 3330 visitatione
588 3264 771 3346 plerumque
805 3269 892 3328 sexte
924 3266 971 3330 vel
1004 3267 1044 3330 ad
1077 3288 1234 3330 summum

143 3357 277 3419 dimidia
302 3359 395 3420 borae
419 3378 491 3438 pars
513 3357 650 3419 suffieit!

185 3543 255 3607 303.
280 3542 393 3605 Modus
418 3543 568 3606 visitandi
596 3542 746 3615 infirmos,
773 3564 888 3626 preces,
914 3543 1038 3627 psalmi,
1065 3545 1234 3627 Evangelia

144 3658 214 3698 eum
232 3636 500 3698 benedictionibus
518 3637 552 3698 in
571 3637 689 3698 Ritnali
708 3637 797 3700 Rom.
813 3641 1043 3718 proponuntur,
1062 3660 1140 3720 quae
1158 3641 1236 3720 “pro

143 3729 274 3792 arbitrio
306 3726 502 3791 Sacerdotis”
533 3728 673 3790 adbiberi
705 3732 844 3809 possunt.
898 3729 1069 3809 Aptissime
1100 3732 1235 3812 singulis

144 3821 263 3884 vicibus
287 3821 391 3883 breves
414 3840 519 3902 preces
543 3820 653 3897 lingua
675 3821 841 3884 vernacula
866 3823 1049 3900 recitantur,
1071 3844 1098 3887 e.
1123 3845 1153 3906 g.
1179 3845 1236 3907 pro

144 3915 297 3994 patientie
322 3911 483 3983 servanda,
506 3933 562 3993 pro
586 3914 721 3976 sanitate
746 3915 979 3994 recuperanda¹

186 4010 214 4071 2.
240 4006 388 4070 Sacerdos
407 4006 545 4068 multum
565 4004 705 4086 proderit
726 4005 870 4073 infirmis.
890 4007 914 4068 si
934 4006 1060 4070 “elicito
1081 4009 1118 4072 nb
1140 4011 1188 4079 iis.
1209 4008 1234 4071 si

143 4102 275 4181 possint.
291 4121 370 4164 novo
386 4097 590 4162 confessionis
605 4101 637 4162 et
652 4096 851 4161 contritionis
867 4103 950 4172 actu,
966 4121 1046 4164 nova
1064 4100 1234 4166 identidem

145 4194 238 4257 donet
263 4189 501 4256 absolutione.''²
545 4190 654 4254 Monet
679 4190 710 4252 S.
737 4189 934 4271 Alpbonsus:
959 4191 1066 4255 “Dum
1091 4195 1235 4259 infirmus

177 4377 254 4428 ⁶Rit.
273 4378 348 4428 Rom.
749 4375 843 4427 ⁷Ibid.

141 4454 318 4580 17rutnanst.
341 4451 478 4505 Pastoral.
501 4451 554 4504 vol.
577 4451 613 4505 iv.
635 4467 663 4520 p.
749 4452 940 4581 ἒὲ.1ἲ)ῖιαάἕπ
1044 4457 1074 4488 ·⁴
1096 4457 1146 4510 snt.
