2804 4890
200 696 262 758 470
331 707 384 762 DE
406 705 672 762 SAORAMENTO
695 706 917 760 EXTItEMAE
939 706 1166 764 UNCTIONIS.

640 887 755 959 ΛΒΤ.
778 888 851 960 ΙΙΙ.

267 1070 319 1122 ΒΕ
342 1070 611 1123 MINIS'PRANDA
634 1072 819 1124 EXTREMA
841 1072 1036 1125 UNOTIONu
1059 1071 1104 1125 IN
1126 1072 1222 1126 OASU

559 1147 765 1200 INSTANTIS
785 1148 934 1199 MORTIS.

241 1319 311 1383 291.
336 1320 371 1384 Si
391 1322 538 1385 infirmus
557 1319 700 1384 videatur
720 1323 754 1383 in
774 1322 922 1384 extremis
941 1328 972 1384 et
992 1322 1167 1402 periculum
1189 1323 1294 1382 immi-

199 1435 282 1490 nere,
301 1414 495 1477 omittuntur
515 1434 620 1495 preces
641 1414 868 1495 praecedentes.
914 1415 1063 1477 Sacerdos
1086 1416 1142 1478 tali
1166 1414 1294 1476 intirrno

198 1507 340 1588 suggerit
353 1513 441 1569 actus
453 1507 653 1569 contritionis
668 1508 775 1587 paucis
790 1507 899 1584 verbis,
920 1510 962 1585 (e.
975 1528 1005 1587 g.
1021 1507 1137 1569 “Dicas
1151 1507 1185 1567 iu
1200 1506 1294 1569 corde

200 1604 270 1662 tuo:
290 1600 315 1661 O
332 1599 355 1661 J
356 1619 420 1676 esu,
437 1599 522 1660 Deus
538 1604 569 1661 et
587 1600 729 1662 Salvator
743 1600 799 1675 mi,
815 1600 904 1662 doleo
920 1601 957 1662 de
973 1601 1108 1681 peccatis
1124 1600 1201 1661 ineis
1218 1598 1293 1680 quia

198 1712 268 1754 amo
293 1696 342 1767 te3
366 1712 475 1753 accuso
499 1711 548 1754 me
574 1692 611 1753 de
635 1693 769 1772 peccatis
793 1691 1079 1772 meis;-visuc?'')
1131 1692 1173 1755 Et
1199 1692 1294 1753 detur

198 1783 432 1846 sacramentalis
465 1783 627 1846 absolutio.
682 1785 717 1846 Si
749 1805 819 1846 vero
851 1790 974 1865 ternpus
1006 1787 1162 1864 suppetat,
1193 1784 1292 1845 etiarn

198 1876 351 1939 consessio
364 1876 465 1937 brevis
481 1876 705 1957 praemittitur.
745 1878 861 1939 Statim
877 1883 1040 1956 aegrotum
1055 1878 1093 1939 de
1108 1875 1293 1938 ministran-

198 1969 238 2031 da
259 1968 408 2032 Extrema
429 1969 585 2030 Unctione
606 1975 722 2045 monet,
743 1990 781 2030 ne
801 1970 936 2032 intentio
957 1970 989 2029 in
1013 1970 1079 2048 ipso
1101 1969 1191 2042 desit,
1212 1968 1293 2029 dicit

199 2061 367 2138 Confiteor,
383 2062 418 2122 Μ
422 2061 581 2133 iacrcatur,
599 2067 656 2123 etc.
674 2063 721 2123 uti
740 2062 773 2122 in
792 2062 920 2123 Rituali.

233 2156 262 2215 2.
287 2153 321 2215 Si
337 2173 408 2216 vero
421 2153 460 2215 ad
476 2155 533 2216 hoc
547 2174 610 2216 non
625 2155 769 2214 videatur
784 2164 907 2233 tempus
919 2154 1067 2230 sufficere,
1082 2155 1201 2228 statim,
1216 2153 1294 2215 data

197 2247 401 2322 absolutione,
426 2247 540 2325 incipit
564 2246 742 2306 unctiones:

239 2341 302 2400 Per
316 2338 409 2400 istaut
424 2343 565 2399 sanctam
583 2338 763 2400 auctionem
780 2344 837 2401 etc.

240 2436 267 2494 3.
293 2432 327 2492 Si
345 2437 448 2492 auteur
468 2431 612 2491 infirmus
629 2430 772 2491 videatur
790 2432 823 2491 in
841 2432 954 2493 ultima
970 2432 1080 2510 agonia
1099 2432 1294 2493 constitutus

195 2530 226 2585 et
243 2523 415 2604 perieulum
436 2522 609 2597 innniueat,
628 2543 666 2584 ne
684 2524 838 2583 moriatur
856 2524 1038 2602 priusquam
1055 2522 1196 2602 singulae
1215 2544 1293 2586 unc-

197 2619 297 2678 tiones
317 2617 403 2690 fiant,
426 2614 574 2677 Sacerdos
596 2614 782 2694 praemittit,
803 2622 835 2675 ut
860 2635 963 2693 supra,
985 2617 1162 2676 brevissime
1183 2621 1292 2676 actutu

197 2709 406 2783 contritionis
432 2706 572 2781 absolvit,
595 2712 627 2770 et
651 2707 717 2767 sine
743 2728 829 2767 ruora
857 2709 981 2784 inungit
1006 2709 1062 2767 snb
1088 2709 1144 2769 lvac
1169 2708 1293 2769 fornia:

196 2802 259 2863 Per
278 2801 371 2863 istoru¹
391 2804 531 2862 aurrctcut
554 2799 732 2861 iunctioueur
757 2800 918 2879 iurlnlpcut
943 2800 1001 2860 tibi
1022 2800 1178 2863 Dominus
1200 2803 1292 2881 quict-

196 2893 272 2974 quid
297 2891 465 2974 deliquisti.
512 2891 853 2970 ⁴duneval-inungendo
878 2893 909 2952 in
935 2893 1039 2954 fronte
1064 2892 1111 2956 vel
1137 2894 1170 2954 in
1196 2896 1294 2956 unico

196 3005 287 3047 sensu
306 2985 406 3063 magis
424 2984 464 3045 ael
484 2983 663 3045 unctionem
684 2985 831 3062 exposito.
873 2983 975 3045 Unica
992 2987 1075 3045 eninr
1097 2986 1204 3047 unctio
1224 2987 1293 3045 suf·

198 3078 263 3140 ficit
286 3077 324 3140 ad
349 3075 544 3138 validitatem
570 3076 763 3137 Sacrarnenli
791 3076 955 3137 listreruae
979 3077 1165 3151 linctionis3
1189 3098 1294 3158 neque

197 3171 378 3250 requiritur,
397 3173 430 3230 ut
450 3169 501 3230 fiat
520 3169 675 3247 expressio
693 3186 838 3229 sensuum
859 3168 921 3229 sive
939 3169 1092 3244 generalis
1110 3169 1173 3230 sive
1191 3171 1293 3250 parti-

196 3264 321 3337 cularis,
337 3266 372 3322 ut
387 3261 461 3322 olim
480 3260 628 3336 Tlieologi
648 3263 810 3340 putarunt.
850 3260 877 3320 N
881 3281 913 3320 ee
930 3266 1062 3340 oportet,
1080 3267 1114 3323 nt
1131 3266 1238 3341 postea
1258 3264 1292 3325 in

196 3354 328 3434 singulis
347 3353 487 3415 sensibus
505 3358 668 3413 consuetae
688 3350 849 3412 unitiones
868 3353 924 3412 sub
942 3352 1121 3414 conditione
1139 3373 1294 3432 peragan-

196 3455 249 3511 tur
269 3448 324 3509 sub
345 3445 530 3526 specialibus
551 3444 671 3516 tonnis,
692 3445 764 3523 quia
784 3444 923 3523 praelata
947 3444 1047 3506 fornia
1068 3445 1223 3524 gerrerulis
1243 3454 1291 3509 est

196 3541 374 3603 virtualiter
396 3538 570 3617 multiplex.
615 3537 642 3596 Α
664 3536 750 3613 gravi
775 3543 878 3597 tanuen
902 3538 992 3615 culpa
1011 3538 1153 3598 excusari
1176 3559 1292 3619 neque-

195 3640 264 3707 unt,
282 3635 334 3713 qui
354 3636 442 3693 extra
460 3650 564 3692 casum
585 3649 671 3690 verae
690 3629 893 3702 necessitatis,
913 3629 958 3690 vel
980 3650 1074 3691 unani
1095 3651 1130 3692 ex
1151 3629 1294 3711 quinque

195 3747 341 3788 sensnum
358 3722 560 3784 unctionibus
579 3722 844 3801 praetermittunt.
891 3720 958 3795 (Cf.
979 3722 1108 3801 llplrern.
1128 3720 1191 3783 Lit.
1214 3723 1292 3787 XX.

196 3841 224 3900 p.
243 3819 330 3896 451.)

237 3916 265 3971 4.
290 3910 324 3974 Si
357 3912 501 3989 aegrotus
533 3907 720 3986 supervivat.
752 3904 920 3967 “dicantur
952 3907 1117 3969 Orationes
1151 3912 1291 3987 praeter-

195 4002 337 4073 rnissae,”
366 4005 493 4081 excepto
524 3998 682 4076 Forrfiteor·
709 4004 766 4059 ete.
817 3998 872 4058 “Si
904 4018 974 4061 vcro
1002 4000 1078 4061 dum
1110 3998 1291 4080 inungitur.

197 4098 350 4168 infirmus,
375 4092 513 4160 decedat,
541 4090 705 4168 Presbyter
731 4090 812 4152 ultra
840 4113 901 4152 non
929 4090 1095 4171 proce‹lat''
1120 4096 1150 4155 et
1178 4093 1291 4158 recitet

194 4211 298 4271 preces
317 4197 386 4269 post
403 4186 662 4266 exspirationem:
684 4183 853 4243 annena>
873 4184 984 4245 Sancti
1001 4184 1070 4251 Dei,
1090 4190 1145 4247 ete.

237 4288 264 4344 5.
288 4283 343 4343 “Si
363 4280 486 4342 dubitet
503 4299 542 4341 an
560 4276 642 4338 vivat
662 4275 783 4337 adlnvc’'
803 4275 957 4347 intimius,
975 4275 1038 4339 sive
1057 4278 1094 4339 ab
1112 4277 1205 4340 initio
1225 4281 1292 4343 siv-a

196 4380 278 4438 inter
294 4376 466 4437 unctiones.
485 4368 632 4431 Sacerdos
649 4368 861 4429 “Unctionem
877 4374 1092 4449 prosequatur,
1109 4371 1165 4432 sub
1181 4374 1290 4436 condi-

226 4530 392 4583 ¹Decreturn
418 4528 445 4579 S.
472 4525 558 4577 Officii
586 4526 618 4581 25
645 4523 710 4593 Apr.
727 4524 801 4577 1906,
