2804 4890
380 693 434 749 DE
454 695 757 751 BENEDICTIONE
783 697 1068 751 CANDELARUM.
1212 686 1267 747 271

229 867 281 946 (b)
309 866 435 929 “Pelvis
449 887 521 928 curn
535 865 672 928 medulla
686 866 776 946 panis
788 872 821 928 et
834 887 905 926 vasa
918 887 974 946 pro
988 866 1104 928 lotione
1118 887 1268 928 manuum

183 964 254 1041 post
270 960 524 1023 distributionem
543 960 753 1022 candelarum.

229 1055 278 1134 (c)
306 1052 392 1116 “Vae
410 1074 506 1133 aquae
524 1053 702 1115 benedictae
719 1074 791 1115 curn
808 1053 1012 1135 adspersorio.

230 1148 284 1228 (d)
312 1147 534 1226 “Exemplaria
553 1146 649 1223 liujus
669 1146 863 1210 Memorialis
883 1167 939 1227 pro
959 1149 1128 1211 recitandis
1149 1149 1181 1210 in
1200 1169 1265 1230 pro·

182 1240 349 1305 cessione.''

222 1337 324 1418 Prope
344 1338 533 1399 credentiam
555 1338 662 1399 “Crux
682 1336 949 1419 processionalis,''
969 1344 1026 1402 etc.

225 1428 346 1491 Ibidem
377 1430 423 1492 vel
452 1429 492 1491 ad
520 1450 700 1490 scurranum:
728 1429 891 1504 “Planeta,
921 1429 1000 1492 stola
1028 1437 1060 1494 et
1089 1429 1270 1510 manipulus

183 1523 294 1585 eoloris
312 1522 385 1598 albi,
403 1522 449 1584 vel
468 1521 606 1598 violacei,
624 1522 650 1583 si
668 1523 702 1583 in
721 1521 888 1583 Dominica
904 1529 942 1584 ut
958 1522 1083 1603 supra.''

224 1617 287 1678 Pro
298 1616 397 1679 officio
409 1615 540 1680 solemni
553 1615 616 1678 duo
628 1617 783 1695 manipuli
797 1637 854 1697 pro
868 1617 1006 1679 Diacono
1019 1620 1050 1679 et
1064 1617 1270 1680 Subdiaeono.

225 1713 253 1771 2.
276 1709 338 1772 “In
364 1708 485 1772 Alteri:
513 1709 651 1770 Pallium
679 1710 848 1772 violaceum
877 1710 1013 1773 faciliter
1039 1711 1213 1786 amoribile,
1240 1714 1272 1775 et

184 1808 327 1884 aptatum
357 1823 450 1884 super
478 1803 565 1865 aliud
594 1803 656 1865 albi
686 1803 807 1881 eoloris,
836 1804 863 1865 si
892 1803 990 1866 Missa
1018 1804 1078 1866 erit
1107 1803 1145 1865 de
1175 1805 1272 1867 Beata

185 1897 317 1959 Maria.''

225 1995 253 2052 3.
277 1991 400 2072 “Prope
413 2012 509 2055 cornu
525 1993 683 2071 Epistulae
697 1994 730 2053 in
743 1993 853 2072 plano:
868 1992 977 2056 Mensa
989 1998 1133 2074 cooperta
1145 1991 1273 2055 mantili

185 2085 263 2159 albo,
289 2090 321 2148 et
347 2105 440 2165 super
465 2105 533 2148 eam
560 2085 705 2147 candelae
731 2085 968 2162 benedicendae,
996 2085 1143 2148 similiter
1168 2086 1273 2167 aliqua

185 2199 298 2260 mappa
314 2178 434 2240 munda
449 2177 640 2258 coopertae.''

386 2383 420 2444 B.
455 2381 499 2443 De
514 2382 583 2459 ipsa
597 2382 822 2445 Benedictione
838 2382 1071 2445 candelarum!

234 2546 415 2589 assemano
427 2546 542 2596 anseris
555 2546 579 2587 a.
592 2544 760 2586 nssnrsrars.
884 2545 1064 2588 annnnrerro
1080 2545 1243 2589 sonantum.

225 2605 481 2665 1⁶1·“Celebrans
519 2606 626 2678 accipit
663 2606 809 2677 amictum,
880 2608 1028 2665 Diaconus
1038 2615 1065 2665 ot
1074 2608 1277 2667 subdiaconus

187 2687 291 2751 albam,
317 2686 473 2755 cingulum.
499 2687 603 2742 stolam
629 2691 657 2742 et
682 2685 810 2756 pluviale
853 2685 977 2743 induunt
1001 2686 1148 2756 amictum,
1171 2687 1276 2755 albam,

186 2764 292 2821 coloris
305 2762 511 2832 violacei;'’vel
525 2762 674 2819 deficiente
687 2762 812 2834 pluviali
853 2763 1000 2834 cingulum
1047 2783 1081 2821 ac
1128 2764 1276 2836 planetam

187 2842 292 2899 stolam
305 2846 419 2898 tautum
433 2860 522 2911 super
535 2841 630 2897 albam
644 2839 706 2896 sine
719 2840 811 2897 mani·
856 2841 993 2911 plicatam
1027 2842 1067 2912 (si
1096 2842 1137 2899 uti
1168 2841 1275 2909 licet³).

188 2919 267 2991 pulo.
852 2918 1000 2977 Diaconus
1043 2921 1130 2978 etiam
1172 2921 1276 2978 stolam

225 2997 276 3053 “Si
292 2997 383 3053 fuerit
399 2995 461 3054 dies
476 2996 637 3057 Dominica.
654 2997 811 3054 Celebraus
852 2996 1141 3068 diaconalem-sine
1184 2996 1277 3056 marri-

188 3075 228 3130 sie
249 3075 369 3132 indutus
391 3074 531 3131 benedicit
557 3094 661 3145 aquam
685 3094 739 3145 pro
761 3075 811 3132 ad·
853 3075 940 3147 pulis.

188 3151 346 3224 sparsione.
396 3151 518 3209 Interim
549 3152 661 3223 primus
691 3152 812 3209 clericus

189 3238 300 3288 amovet
314 3231 350 3286 ab
363 3230 461 3286 Altari
472 3249 544 3286 vasa
555 3229 687 3286 ilorum.”

225 3310 251 3364 2.
273 3309 458 3373 “t‘elebrans,
491 3306 571 3363 faeta
604 3326 668 3363 eum
700 3307 811 3364 clericis
890 3310 1134 3368 l‘raecedentibns
1153 3308 1278 3369 thurife-

189 3385 286 3442 debita
313 3387 475 3441 reverentia
500 3385 596 3449 (ruci,
622 3386 812 3456 praecedente
849 3387 936 3447 rario.
973 3394 1001 3444 et
1036 3388 1179 3458 acolythis
1214 3407 1277 3444 enm

190 3463 285 3533 primo
306 3463 410 3519 clerieo
430 3462 564 3519 manibus
585 3462 714 3531 junctis”
741 3462 813 3531 (nisi
853 3462 1034 3519 candelabris
1052 3464 1188 3531 accensis.
1207 3463 1277 3520 Dia-

189 3541 267 3598 ferat
289 3541 497 3609 thuribulum),
519 3539 649 3596 “medius
672 3539 749 3596 inter
769 3559 811 3595 se·
852 3560 942 3597 conns
967 3547 995 3597 et
1022 3541 1233 3602 Subdiaconrrs.
1260 3560 1278 3599 a

189 3619 312 3674 cundum
329 3625 354 3674 et
372 3618 490 3674 tertium
506 3618 650 3678 clericum.
667 3618 811 3674 elevantes
852 3618 991 3674 lateribus
1010 3619 1200 3685 terebrastis,
1217 3619 1278 3674 flm-

189 3696 317 3753 fimbrias
344 3696 491 3767 pluvialis.
518 3702 595 3752 tecto
620 3695 717 3766 eapite
743 3713 811 3765 pro-
854 3696 932 3752 brias
959 3695 1096 3766 pluvialis
1122 3697 1277 3755 elevantes.

188 3774 263 3831 cedit
277 3775 314 3830 ad
329 3774 449 3830 Altare''
463 3780 493 3830 ut
509 3793 564 3845 pro
578 3773 669 3828 Missa
682 3772 811 3829 solemni.
857 3771 942 3829 morlo
959 3777 1096 3827 consueto
1114 3768 1275 3842 procedunt

190 3852 222 3908 Si
249 3852 377 3923 pluviale
403 3851 486 3917 desit,
511 3851 557 3906 vel
583 3850 619 3906 ob
646 3849 812 3919 angustiam
853 3850 1017 3906 additare.

189 3931 243 3986 loci
268 3929 364 3985 elerici
389 3928 550 4000 procedunt
577 3927 720 3984 secundus
745 3933 811 3999 post

189 4008 315 4063 tertium.
891 4006 1026 4077 Acolytlri
1064 4014 1128 4078 post
1165 4006 1278 4064 ‹lebitas

227 4083 361 4140 “Primus
392 4083 527 4141 clericus.
565 4083 694 4154 reposito
732 4084 811 4139 Cele-
849 4085 1026 4141 reverentias
1050 4086 1223 4143 candelabra
1248 4085 1276 4141 in

189 4160 302 4214 brantis
338 4159 459 4219 bireto.'’
493 4159 536 4214 rel
571 4158 707 4216 ordinato
742 4159 809 4228 ejus
850 4160 995 4216 credentia
1034 4162 1200 4232 deponunt:
1239 4160 1277 4217 ibi

223 4304 283 4351 ²Si
313 4304 413 4352 festum
443 4303 646 4353 rutila-arionis
674 4302 705 4351 B.
760 4316 812 4351 nrm
839 4318 900 4351 vero
926 4302 1078 4352 lienedietio
1104 4301 1276 4351 candelarum

190 4381 225 4430 n.
251 4381 283 4430 V.
311 4382 335 4429 in
365 4381 505 4430 llorniniea
531 4379 705 4444 privilegiata
759 4383 787 4428 et
805 4380 938 4444 prm-essia
959 4379 1006 4441 (l).
1024 4380 1126 4433 :raum
1149 4377 1173 4424 in
1194 4378 1278 4428 atissa

189 4460 229 4507 vel
249 4460 319 4507 testo
339 4462 379 4507 le·-
394 4458 488 4506 elassis
504 4462 636 4515 periurat,
655 4456 704 4505 ies·
760 4458 888 4506 cornutae
909 4472 960 4504 uon
981 4461 1115 4505 terrentur.

188 4540 245 4586 tarn
287 4535 490 4585 I’urifieationis
529 4533 707 4589 transfertur,
796 4532 870 4584 ΗΥ.
889 4548 914 4582 n.
933 4533 975 4597 97,
994 4534 1017 4587 2.
