2804 4890
333 711 387 769 DE
408 715 555 771 ALTARI
576 715 755 786 EJUSQUE
778 718 1049 778 ORNAMENTIS.
1203 711 1240 775 13

146 885 264 962 haeret,
282 885 458 951 benedictio
478 908 549 952 vero
568 890 754 969 pavimento.
801 891 862 954 Sed
884 892 1022 956 Ecclesia
1042 895 1143 958 adhuc
1164 916 1234 958 con-

145 984 266 1042 secrata
279 985 429 1057 remanet,
443 982 585 1062 quamvis
600 984 633 1044 in
649 985 718 1063 ejus
733 985 904 1065 parietibus
920 1006 998 1066 opus
1012 990 1178 1050 tectorium
1194 991 1236 1052 sit

147 1074 372 1150 renovatum;⁸
397 1095 454 1138 uec
480 1074 550 1138 idco
576 1076 613 1139 fit
638 1081 789 1155 execrata,
816 1079 889 1160 quia
916 1084 983 1142 tota
1009 1082 1104 1144 simul
1130 1088 1235 1146 crusta

145 1166 279 1247 disjecta
293 1168 382 1232 fuiti
426 1167 474 1233 De
489 1169 628 1233 Ecclesia
642 1171 764 1252 polluta
778 1192 832 1235 seu
848 1173 964 1237 violata
979 1174 1049 1238 vide
1064 1175 1235 1239 “Defectus

146 1261 316 1325 Missae-”⁸

189 1356 287 1420 Porro
301 1356 486 1439 prohibetur
500 1357 654 1422 celebrare
670 1358 800 1422 Missam
816 1361 850 1422 in
865 1361 948 1425 novi.
993 1361 1054 1425 Sed
1071 1362 1235 1449 Episcopis

145 1450 243 1513 totius
261 1450 434 1527 Americae,
454 1451 605 1515 Oceaniae
624 1459 656 1516 et
674 1452 854 1517 Australiae
874 1456 950 1516 Pius
971 1456 1010 1517 X.
1032 1456 1233 1537 privilegium
1329 1519 1332 1525 .

143 1545 297 1607 concessit
314 1544 444 1607 Missam
461 1545 637 1608 celebrandi
656 1547 689 1608 in
707 1549 779 1610 navi
798 1550 927 1610 servatis
944 1550 1114 1626 servandis,
1132 1553 1234 1631 quoti·

143 1658 309 1720 escamque
326 1639 457 1704 Romam
475 1645 587 1720 petunt
603 1646 635 1704 et
651 1642 683 1702 in
701 1642 830 1705 reditu.l
874 1643 943 1706 Hac
959 1650 1064 1707 tamen
1082 1646 1233 1710 facultate

143 1752 209 1795 non
241 1732 379 1813 gaudent
413 1733 607 1796 Missionarii
642 1734 826 1816 Apostolici,
861 1755 917 1799 nec
954 1737 1145 1815 Sacerdotes,
1180 1741 1234 1821 qui

142 1826 310 1907 privilegio
331 1826 485 1889 fruuntur
504 1827 680 1890 celebrandi
703 1829 826 1909 ubique.
870 1830 936 1892 Nec
958 1831 1064 1894 valent
1085 1832 1233 1915 Episcopi

143 1919 234 1982 illam
249 1921 314 1982 suis
329 1919 540 1983 sacerdotibus
555 1923 824 1984 communicare¹⁰

336 2305 387 2357 DE
415 2306 556 2358 anunm
584 2306 752 2368 EJUSQUE
780 2306 1038 2359 ORNAMENTIS.

187 2458 216 2522 8.
239 2456 349 2522 Altare
370 2458 580 2541 distinguitur
602 2460 699 2521 lixum
722 2467 753 2522 et
776 2461 932 2540 portatile.
976 2463 1110 2525 Αἰέανε1
1133 2461 1232 2542 ficum

142 2559 192 2618 est
222 2553 313 2633 lapis,
343 2553 463 2616 Altaria
493 2553 689 2633 superficiem
719 2559 826 2634 tegens
863 2554 999 2633 (Mensa,
1031 2554 1148 2630 tabula,
1179 2574 1233 2616 ora

142 2647 298 2726 Altaria),
313 2648 367 2727 qui
382 2647 462 2727 lapis
475 2652 651 2710 structurae
666 2648 806 2726 lapideae
821 2647 965 2710 inferiori
981 2649 1189 2728 conjungitur
1202 2652 1234 2710 et

141 2761 216 2804 cum
231 2761 267 2803 ea
281 2760 382 2802 unum
397 2746 499 2804 totum
513 2740 630 2803 efficit²
675 2741 842 2803 Structura
859 2741 991 2803 inferior
1012 2742 1135 2821 (stipes
1152 2742 1233 2803 basis

142 2835 282 2914 Altaria)
309 2854 347 2897 ex
370 2833 527 2914 lapidibus
549 2834 692 2896 conlecta
714 2855 786 2896 cum
810 2835 920 2897 Mensa
942 2834 1062 2896 Altaria
1086 2836 1172 2899 omni
1196 2856 1233 2896 es

142 2933 233 3010 parte
270 2928 500 3008 conjungitur‚³
536 2928 578 2990 sit
613 2948 692 3008 opus
728 2929 855 3008 plenum
894 2930 961 2992 sine
999 2929 1231 3004 foraminibus*

141 3023 284 3104 quamvis
307 3021 416 3085 Mensa
436 3021 590 3084 columnis
613 3022 708 3083 inniti
731 3023 838 3102 possit.
884 3022 918 3084 Si
941 3024 1048 3103 stipes,
1069 3023 1233 3085 deficiente

142 3117 249 3197 lapide
269 3117 419 3191 naturali,
440 3135 477 3178 er
499 3114 648 3178 lateribus
669 3116 864 3191 conficiatur,
884 3117 1029 3197 “oportet
1050 3121 1086 3179 ut
1108 3118 1142 3177 in
1163 3117 1232 3193 ejus

142 3212 252 3291 stipite
267 3210 378 3272 saltem
391 3210 500 3286 latera,
514 3229 568 3272 seu
583 3208 764 3272 columellae
779 3209 891 3290 quibus
905 3229 1012 3272 mensa
1027 3213 1232 3283 sustentatur,

141 3306 209 3367 sint
226 3324 264 3366 ex
281 3301 441 3384 lapide.’'⁸

180 3446 192 3481 ⁸
211 3441 244 3493 D.
259 3442 299 3493 19.
312 3441 370 3493 Mai
385 3440 461 3505 1896,
473 3456 499 3493 n.
512 3439 588 3492 3907.
602 3441 627 3492 2,
750 3450 761 3482 ¹
781 3443 849 3495 Alta
865 3459 922 3496 ara

179 3525 191 3559 ¹
211 3519 244 3570 D.
257 3520 282 3571 9.
295 3520 367 3585 Aug.
384 3520 460 3583 1897,
472 3535 498 3570 n.
512 3518 588 3570 3962.
604 3521 626 3569 1.
750 3526 762 3559 ²
781 3519 814 3569 In
843 3522 1045 3572 consecratione
1073 3520 1235 3571 “Pontifex

178 3598 269 3649 ¹Hoc
287 3597 380 3663 Comp.
400 3614 426 3649 n.
448 3597 506 3648 113,
544 3597 664 3662 Lapides
716 3597 825 3661 inungit
870 3597 1078 3660 conjunctiones
1125 3598 1235 3648 Mensae

141 3682 170 3727 et
202 3675 279 3740 ligna
309 3675 448 3726 Ecclesiae
479 3690 526 3725 seu
558 3675 664 3724 Altaria
717 3675 823 3723 Altaria
855 3677 883 3724 et
916 3674 1022 3739 stipitis
1058 3676 1084 3722 in
1118 3679 1235 3737 quatuor

141 3753 229 3807 diruti
244 3754 270 3802 in
285 3768 349 3803 usus
361 3753 495 3818 profanos
507 3757 663 3802 convertere
714 3752 831 3815 angulis,
854 3751 932 3816 quasi
957 3752 1004 3802 illa
1026 3751 1203 3816 conjungens.
1214 3752 1234 3775 ”

140 3837 192 3882 aut
223 3831 337 3882 vendere
367 3845 420 3881 non
451 3830 551 3881 licebat
582 3830 664 3893 juxta
715 3828 822 3878 Pontis.

140 3922 272 3970 eanones;
294 3923 312 3959 a
331 3907 412 3972 longo
431 3912 522 3958 autern
543 3912 663 3971 ternpore
751 3910 762 3942 ³
782 3904 814 3955 Ι).
835 3906 912 3955 3126.

140 3990 311 4050 temperatus
336 3985 391 4035 fnit
415 3984 490 4048 rigor
514 3983 588 4032 illius
611 3983 662 4033 ‹lis-
751 3982 844 4031 ⁴“In
879 3997 930 4046 qno
964 3983 1003 4032 nil
1036 3981 1121 4045 aliud,
1154 3981 1236 4045 juxta

139 4063 269 4128 ciplinae,
289 4066 318 4112 et
338 4061 418 4113 bodie
439 4060 545 4126 lapides
564 4065 592 4111 et
614 4061 662 4125 lig·
714 4058 842 4123 antiquos
878 4075 1003 4122 canones,
1042 4074 1159 4123 unquam
1197 4074 1234 4110 re⁴

140 4154 179 4190 na
207 4139 345 4190 Ecclesiae
374 4140 401 4188 in
430 4152 494 4188 usus
522 4136 663 4202 profanos,
714 4136 867 4200 ponendum
885 4150 966 4200 quam
985 4135 1146 4186 Sanctorum
1165 4136 1234 4186 Reli-

140 4217 286 4267 modonon
300 4216 426 4267 sordidos
438 4230 485 4266 seu
499 4215 662 4279 inhonestos,
715 4212 834 4277 quiae.'’
869 4212 1017 4275 (vinitor.)
1053 4212 1110 4263 Nec
1175 4228 1234 4261 con-

140 4292 260 4344 arbitrio
292 4292 421 4358 Episcopi
451 4292 573 4344 converti
603 4306 662 4359 poa·
714 4290 831 4340 struitur
845 4304 909 4340 arca
924 4289 1024 4353 lignea,
1038 4303 1107 4352 qnae
1122 4289 1233 4339 inservit

139 4375 213 4421 sunt
254 4369 310 4431 (Da
328 4369 419 4420 Herdt
436 4373 464 4420 et
482 4369 554 4431 alii)
714 4367 884 4432 paramentis
912 4365 1086 4416 asservandis
1120 4365 1170 4428 (cf.
1202 4364 1238 4415 ll.-

178 4453 192 4486 ⁸
210 4446 244 4498 D.
260 4447 302 4497 30.
319 4446 384 4497 Jun.
403 4447 478 4508 1908,
493 4462 519 4496 n.
535 4447 612 4497 4221.
717 4445 758 4493 20.
774 4443 837 4493 Dec.
856 4443 931 4503 1890,
947 4458 972 4491 n.
988 4441 1084 4499 3741),

178 4529 206 4566 ¹⁰
222 4523 382 4578 Iulian.
398 4523 474 4588 1901,
487 4539 513 4575 n.
528 4525 604 4574 4069.
750 4521 814 4571 ⁶1).
830 4520 907 4570 3384.
924 4520 949 4569 2.
984 4516 1101 4571 Necesse
1116 4531 1168 4567 non
1185 4524 1235 4578 est,
