2804 4890
230 667 291 735 360
470 679 524 738 os
546 680 676 740 conso
701 684 755 739 ss,
778 681 1089 742 accusaremus.

275 849 303 910 2.
328 846 389 912 Sex
411 847 522 913 saltem
545 849 624 913 cerei
648 849 812 913 ardebunt.
857 849 1024 913 Celebrans
1047 848 1272 931 superpelliceo
1294 852 1327 913 et

233 941 313 1004 stola
326 942 437 1007 saltem
451 943 582 1006 indutus
596 947 643 1006 est
650 964 660 1020 ;
674 943 866 1024 praecedunt
880 943 1104 1006 thuriferarius
1119 948 1151 1007 et
1163 943 1227 1007 duo
1242 963 1325 1007 cero

232 1034 341 1097 ierarii
358 1055 430 1097 cum
448 1036 628 1113 funalibus;
646 1037 699 1118 qui
717 1038 743 1098 si
761 1037 875 1112 desint,
894 1037 1079 1099 candelabra
1095 1057 1167 1099 cum
1185 1036 1325 1099 candelis

232 1128 367 1190 accensis
384 1129 417 1190 in
434 1128 528 1209 pleno
545 1134 707 1211 ponuntur
716 1151 724 1206 ;
742 1151 798 1194 nec
816 1129 1010 1194 thurificatio
1026 1130 1260 1212 praescribitur.

273 1224 302 1284 3.
325 1220 576 1285 Tabernaculum
594 1222 686 1285 modo
705 1225 852 1287 consueto
870 1223 1012 1304 aperitur
1028 1230 1061 1287 et
1080 1223 1324 1287 Sanctissimum

232 1313 420 1378 incensatur.
465 1315 602 1378 Recitari
624 1319 756 1397 possunt
777 1315 923 1380 Litaniae
946 1315 1062 1379 aliaeve
1083 1335 1189 1398 preces
1211 1335 1324 1397 eppro

229 1408 326 1473 batae.

271 1504 300 1564 4.
323 1499 447 1566 Ultimo
473 1503 624 1566 recitatur
650 1501 698 1566 vel
725 1503 871 1566 cantatur
899 1504 1038 1566 Tantum
1065 1522 1148 1585 erqo,
1177 1503 1324 1567 Genitori

236 1595 361 1673 (rursus
380 1601 482 1676 potest
502 1595 575 1658 thus
595 1596 715 1676 imponi
735 1601 767 1658 et
786 1596 973 1674 incensari).

271 1687 311 1748 V.
334 1689 453 1750 Panem
472 1690 509 1751 do
526 1691 608 1752 coelo
626 1694 657 1751 et
675 1689 783 1749 Oratio
801 1689 886 1750 Deos
904 1689 959 1770 qui
975 1689 1073 1752 nobis.
1118 1689 1209 1751 Tunc
1227 1689 1323 1752 datur

230 1780 436 1845 Benedictio²
460 1781 573 1862 pyxide
597 1787 740 1863 cooperta
766 1780 824 1844 reli
848 1782 1020 1844 humeralis
1043 1781 1322 1845 extremitatibus⁸

228 1880 260 1938 et
277 1874 519 1937 Sanctissimum
533 1876 697 1956 reponitur
712 1895 798 1937 more
813 1879 969 1939 consueto.

669 2123 784 2194 ART.
809 2123 875 2194 VI.

407 2297 457 2350 DE
479 2299 620 2352 'I'RIDUO
641 2301 692 2352 AD
714 2301 854 2353 INSTAR
874 2302 926 2352 XL
946 2301 1140 2354 HORABUM.

269 2471 340 2537 228.
363 2474 530 2550 Triduum,
566 2474 648 2554 quod
682 2476 844 2555 peragitur
879 2476 940 2538 “od
974 2477 1075 2538 instar
1109 2474 1320 2557 quodroqinto

227 2567 420 2639 Horarum,”
443 2567 531 2630 nullo
554 2567 646 2632 modo
669 2587 740 2629 cum
763 2569 955 2648 expositione
979 2569 1038 2629 XL
1063 2569 1225 2630 Horarum
1247 2589 1320 2631 con-

228 2660 322 2721 fundi
348 2661 447 2723 debet.
493 2660 549 2722 Est
575 2661 660 2724 enim
688 2660 744 2721 SS.
774 2660 968 2723 Sacrameuti
995 2661 1168 2741 “expositio
1193 2662 1259 2725 sive
1286 2661 1320 2722 in

226 2752 419 2815 hebdomada
440 2753 703 2833 Septuagesimae‚
722 2754 784 2815 sire
806 2754 1031 2833 Sexagesimae‚
1051 2754 1098 2816 vel
1119 2753 1319 2835 Quinquage

227 2845 323 2907 simae
353 2845 549 2926 [antediem
576 2845 742 2925 Cinerum]
771 2866 826 2926 per
851 2851 913 2908 tres
938 2845 1034 2909 dies.''
1079 2846 1149 2908 Hoc
1175 2846 1321 2909 triduum

228 2940 357 3001 initium
383 2959 476 3001 suum
501 2939 584 3018 cepit
609 2960 627 3001 a
654 2938 823 3002 Benedicto
850 2939 942 3000 XIV.
970 2943 1000 3002 vi
1028 2940 1162 3002 Constit.
1208 2941 1323 3004 “Inter

228 3035 348 3095 cotoro''
368 3035 402 3111 (l
418 3033 440 3095 J
442 3053 491 3095 an.
508 3034 605 3113 1948)
620 3053 629 3110 ;
642 3032 795 3115 expositio
808 3036 848 3093 40
864 3032 942 3095 Hor.
958 3053 1029 3096 vero
1042 3034 1109 3113 jam
1123 3054 1141 3096 a
1156 3033 1320 3098 Clemente

226 3125 323 3188 VIII.
341 3129 457 3192 virtute
473 3126 579 3191 Consi.
594 3128 732 3191 “Graues
744 3132 775 3192 et
791 3127 980 3190 diuturnoo”
1000 3128 1056 3207 (25
1072 3128 1151 3191 Nov.
1167 3129 1267 3209 1592)
1288 3130 1322 3190 iu

225 3224 412 3300 perpetuum
433 3221 581 3283 instItuta
600 3220 673 3282 fuit.

267 3316 296 3378 2.
319 3314 410 3376 Finis
425 3313 588 3394 utriusque
607 3313 810 3392 expositionis
828 3319 874 3377 est
892 3314 1049 3375 dirersus:
1069 3313 1149 3375 Cum
1166 3316 1322 3394 expositio

227 3410 267 3467 40
293 3406 371 3469 Ilor.
397 3408 487 3468 habet
511 3413 548 3469 ut
571 3426 663 3469 suum
687 3405 845 3484 objectum
870 3405 1084 3468 adorationem
1108 3410 1140 3469 et
1163 3406 1320 3486 glorifica-

226 3499 344 3561 tionem
366 3499 422 3561 SS.
445 3500 650 3575 sacramenti,
671 3500 741 3560 fidei
764 3499 974 3561 finnationem
995 3499 1028 3560 in
1050 3499 1319 3561 Clrristitidelibus

228 3613 348 3655 necnon
389 3594 574 3673 petitionem
615 3594 699 3673 pacis
740 3595 771 3655 et
812 3591 993 3655 concordiae
1036 3592 1119 3655 inter
1160 3594 1320 3673 principes

227 3687 432 3762 cliristiauos;
453 3687 552 3747 oratio
573 3688 614 3748 od
635 3686 735 3749 tristor
755 3689 794 3744 40
816 3687 895 3749 Hor.
916 3685 1136 3765 principaliter
1155 3687 1320 3765 peragitur

259 3825 323 3876 2Ι).
350 3826 391 3876 20.
417 3824 473 3877 Jul.
502 3825 578 3888 1894,
604 3840 630 3875 n.
656 3824 739 3888 38333
797 3822 875 3872 SSmi
903 3821 1072 3874 Sacramenti
1099 3823 1212 3874 solemni
1240 3824 1320 3874 modo

223 3906 252 3954 et
279 3903 320 3952 30.
349 3902 417 3953 Nor.
448 3903 523 3965 1895,
551 3918 576 3953 n.
605 3903 681 3952 3875.
797 3915 843 3950 seu
859 3915 907 3965 per
924 3899 1110 3951 Ostensorium
1126 3899 1186 3951 lieri
1201 3907 1319 3966 nequeat

260 3980 324 4030 ³1).
343 3981 425 4044 2786;
447 3981 530 4044 3582,
551 3980 634 4041 378ος
654 3984 682 4030 et
699 3978 742 4029 21.
799 3978 901 4042 absque
934 3977 1110 4042 incommodo,
1141 3979 1237 4030 eadem
1269 3994 1319 4046 per

224 4056 290 4107 Feb.
310 4056 385 4120 1896,
402 4071 428 4106 n.
444 4056 521 4106 3888.
555 4055 649 4119 Quoad
665 4055 746 4104 Rosa·
798 4054 904 4103 modum
939 4053 1107 4117 exceptionis
1140 4054 1237 4118 peregi
1272 4068 1317 4119 po·

224 4132 294 4180 rium
312 4132 427 4195 singulis
444 4131 553 4182 Octobr.
571 4130 667 4181 diebus
683 4145 743 4180 curn
796 4129 871 4193 terit,
891 4130 1020 4194 prudenti
1040 4128 1146 4193 judicio
1167 4128 1318 4194 Ordinarii,

223 4210 344 4260 Litaniis
385 4209 554 4260 recitandum
595 4213 645 4260 etc.
688 4210 743 4259 Leo
796 4223 855 4258 cum
894 4223 973 4259 sacra
1011 4207 1120 4273 pyxide,
1160 4209 1318 4275 aperiendo,

224 4287 309 4337 XIII.
331 4288 395 4337 haec
416 4286 543 4336 indulsit:
796 4286 899 4336 scilicet
918 4286 954 4336 ab
973 4286 1053 4335 initio
1072 4285 1199 4336 ostiolum
1219 4286 1317 4337 ciborii

259 4365 413 4415 “Attentis
440 4364 605 4428 specialibus
631 4363 740 4413 circum·
800 4362 1010 4427 [tabernaculi]‚
1036 4367 1063 4413 et
1089 4378 1148 4412 cunr
1173 4377 1207 4413 ea
1233 4379 1317 4429 popu·

221 4442 334 4493 stautiis
368 4441 548 4491 Ecclesiarum
583 4456 740 4506 pauperum,
796 4442 849 4489 lum
879 4441 904 4488 in
934 4440 986 4490 fine
1013 4439 1236 4490 benedicendo.”
1283 4440 1316 4491 D.

222 4521 250 4572 in
280 4520 378 4585 quibus
407 4518 578 4585 praescripta
606 4517 741 4583 expositio
795 4517 818 4564 4.
834 4515 898 4565 Feb.
915 4517 989 4577 1886,
1003 4530 1029 4564 n.
1043 4515 1139 4592 3650..
