2804 4890
149 652 192 715 26
248 663 302 717 ΒΕ
324 663 552 732 REQUISITIS
575 664 629 718 AD
653 663 806 719 MISSAM
829 663 1143 720 CELEBRANDAM.

152 836 300 915 privatim
316 839 405 897 entra
422 835 502 897 ullas
520 836 699 898 functiones
716 856 817 897 sacras
834 837 881 898 rel
898 836 1035 899 officiam
1053 838 1086 898 in
1105 836 1245 899 Ecclesia

153 935 302 992 versatur.

195 1028 223 1084 8.
250 1024 352 1085 Vestis
380 1022 496 1095 talaris,
521 1043 599 1103 quae
623 1024 733 1085 saltem
758 1023 859 1086 talum
883 1024 971 1105 pedis
996 1026 1174 1106 attingat.²⁹
1200 1031 1248 1088 est

153 1116 376 1178 indumentum
391 1117 555 1196 proprium
571 1117 774 1193 Clericorum‚
789 1139 850 1198 quo
865 1120 896 1179 iu
912 1119 998 1182 omni
1013 1138 1101 1182 sacro
1116 1139 1249 1182 munere

153 1209 294 1273 obeundo
313 1212 360 1273 uti
379 1211 538 1286 deberit3³⁰
557 1211 708 1290 lleligiosi
728 1232 798 1273 rere
817 1212 927 1273 habitu
945 1213 993 1273 eui
1013 1211 1144 1274 ardinio.

196 1395 244 1458 13.
266 1396 450 1458 Benedictio
464 1401 720 1474 paramentorum
734 1415 788 1460 eeu
800 1398 937 1460 vestium
950 1416 1121 1460 morarum.
1148 1400 1250 1461 Benc-

153 1491 215 1552 dici
232 1491 345 1553 debent
361 1493 505 1561 amictae,
521 1493 599 1563 alba,
617 1494 790 1571 cingulum,
808 1494 1000 1572 inanipuluS‚
1016 1493 1106 1567 stola,
1122 1493 1232 1555 casula
1242 1516 1249 1569 ς

153 1591 360 1664 congruenter
378 1585 516 1646 benedici
536 1592 668 1665 possunt
684 1586 862 1655 dalmatica,
880 1586 1041 1653 tunicella.
1059 1587 1198 1666 pluviale
1218 1593 1250 1649 et

153 1678 421 1758 superpelliceum.
467 1680 592 1752 telum,
620 1680 722 1753 bursa,
751 1680 996 1759 manutergium,
1023 1680 1249 1760 antipendium

152 1777 184 1834 et
200 1771 384 1834 candelabra
401 1792 463 1833 nou
482 1773 718 1835 benedicuntur.

195 1868 223 1925 2.
248 1865 453 1939 Enemantur,

200 1959 251 2037 (a)
280 1959 411 2032 Quando
429 1960 473 2020 itu
490 1960 566 2021 trita
583 1965 667 2032 sunt,
684 1960 730 2021 rel

199 2053 251 2130 (b)
280 2053 412 2126 Quando
426 2053 528 2114 forma
541 2055 667 2132 propria
682 2054 726 2115 ita
740 2055 915 2133 privantur,
927 2058 964 2114 ut
976 2055 1047 2114 uani
1060 2075 1118 2117 suo
1131 2055 1251 2117 servire

153 2167 216 2208 nou
240 2148 370 2226 possint,
396 2168 422 2207 v.
448 2167 477 2225 g.
504 2148 627 2226 quando
652 2148 774 2208 manica
799 2148 891 2226 plane
915 2156 1076 2226 reparetur
1102 2148 1140 2208 ab
1166 2147 1250 2223 alba,

153 2240 226 2302 licet
240 2242 349 2303 atatim
362 2241 617 2320 conjungantur3
632 2242 657 2301 si
672 2240 835 2319 cingulum
851 2242 883 2301 in
899 2248 945 2302 tot
960 2245 1064 2320 partes
1078 2245 1249 2320 rumpatur

153 2343 189 2397 ut
210 2334 297 2396 nulla
318 2335 441 2415 cingere
464 2335 562 2415 possit
570 2355 579 2410 ;
601 2335 626 2395 si
648 2354 719 2414 pars
741 2335 879 2396 anterior
901 2334 1022 2396 <casulae
1044 2344 1206 2413 separetur
1230 2355 1249 2395 a

153 2430 327 2509 posteriori.

196 2526 224 2583 3.
248 2523 357 2584 Vestes
382 2522 560 2584 benedictae
584 2523 617 2582 in
641 2541 715 2583 usus
738 2522 887 2601 profanos
910 2522 1048 2582 crumcrti
1074 2530 1248 2601 nequeunt,

153 2616 206 2678 sed
219 2620 273 2677 aut
288 2617 326 2677 ad
341 2616 439 2678 aliurn
456 2616 610 2676 Ecclesiae
625 2635 716 2676 usarm
731 2615 934 2688 adhibendae,
949 2620 1002 2676 aut
1018 2614 1249 2678 comburendae

153 2714 185 2773 et
205 2710 323 2771 eineres
346 2710 379 2769 in
401 2711 571 2770 sacrarium
594 2709 781 2789 projiciendi
805 2712 888 2770 sunt.

377 3065 427 3114 DE
455 3063 664 3114 COLORIBUS
692 3064 1016 3115 PARAMENTORUM.

198 3180 245 3243 14.
269 3181 478 3241 “Pammenia
494 3178 624 3245 Altaria.
641 3179 876 3242 delementum
894 3180 1114 3241 Ministrorum
1130 3180 1246 3244 debent

153 3296 218 3339 esse
234 3276 345 3337 coloris
361 3274 574 3337 corrrcnicntic
590 3274 688 3335 allicio
704 3278 734 3334 ct
753 3273 866 3333 Missae
883 3273 943 3334 (lici
962 3273 1134 3335 secuudum
1151 3294 1245 3336 usum

155 3371 312 3432 Romanae
342 3369 506 3438 Ecclesiae,
535 3387 612 3446 quae
641 3367 776 3446 quinque
806 3367 959 3429 coloribus
988 3367 1035 3429 uti
1065 3370 1244 3430 consuevit:

155 3465 245 3537 Albo,
277 3463 389 3533 llubro,
421 3461 535 3533 viridi,
567 3460 710 3522 Violaceo
738 3467 769 3522 ct
799 3459 929 3537 nigror
996 3460 1132 3522 Proinde
1160 3462 1245 3525 color

154 3557 252 3620 tlarua
274 3565 304 3619 ct
327 3557 508 3618 ‹rarcrruleus¹
533 3554 755 3634 prohibendum
778 3559 810 3615 at
832 3555 915 3615 color
939 3574 1080 3615 rosaceum
1102 3554 1244 3618 adhiberi

154 3659 254 3732 polest
270 3654 301 3713 in
317 3651 462 3716 onrnilrus
478 3650 583 3710 Missis
599 3650 629 3710 in
646 3648 727 3711 dom.
744 3648 808 3708 ΙΙΙ.
825 3648 903 3709 rldr.
919 3654 950 3710 et
966 3648 1022 3710 tv.
1039 3648 1245 3729 Quadrages.²

196 3748 303 3822 Quoad
319 3748 453 3811 colorem
470 3765 611 3817 arare-am,
628 3764 655 3806 v.
671 3763 702 3804 n.
719 3745 821 3805 3639.
837 3743 906 3821 huj.
923 3743 1045 3822 (Ἴοιιιρ.8

193 3843 220 3901 2.
245 3841 336 3902 Unus
361 3846 486 3903 tanturn
512 3837 596 3900 color
622 3834 852 3916 praedominari
879 3835 977 3897 debet.
1021 3836 1129 3897 “Num
1155 3856 1245 3917 para-

154 3939 259 3994 menta
277 3934 417 3993 corrfccta
437 3953 473 3992 cx
492 3930 599 3995 serico.
619 3929 713 3989 variis
732 3928 895 3995 coloribus,
914 3935 944 3989 et
965 3927 1093 3989 floribus
1114 3929 1245 4004 intexta,

154 4027 200 4089 ita
215 4033 249 4088 ut
267 4029 316 4088 rix
334 4027 537 4105 dignoscatur
553 4024 636 4088 color
652 4023 821 4102 primarius
838 4026 868 4084 et
886 4021 1136 4102 praedominam,
1153 4041 1245 4083 usur·

189 4159 215 4192 ²⁹
234 4155 317 4205 nuuc
337 4156 413 4205 ilios.
761 4147 825 4197 ³1).
863 4148 939 4196 3145.
986 4146 1040 4196 Sed
1079 4146 1143 4197 “ad
1181 4145 1247 4198 cele·

190 4237 215 4268 ³⁰
234 4233 262 4280 (¹.
282 4231 321 4281 l'l.
341 4232 412 4281 Ball.
431 4231 469 4280 Π.
490 4231 546 4287 148,
567 4231 622 4279 lta.
726 4224 857 4274 branclam
882 4223 993 4271 Missam
1016 4223 1184 4273 ornamentia
1206 4225 1247 4274 uti

190 4315 198 4346 ¹
223 4308 323 4356 l'cttow
346 4308 401 4354 cord
425 4307 493 4355 latire.
541 4306 572 4355 l).
597 4306 673 4355 2704.
726 4316 778 4351 non
802 4300 872 4361 licet,
894 4313 1006 4362 quiorum
1028 4304 1138 4350 textura
1159 4301 1248 4350 vitrea

154 4386 184 4441 4:
209 4389 235 4433 ct
259 4388 291 4432 29
314 4385 378 4432 Jun.
405 4385 479 4439 1992,
502 4398 526 4431 n.
550 4383 626 4431 3779.
650 4382 673 4431 3.
725 4381 766 4426 est
785 4377 870 4426 mixta
888 4389 954 4425 auro
972 4375 1014 4424 vel
1032 4375 1186 4439 argento.’'
1213 4377 1247 4428 D.

190 4468 200 4499 ²
223 4462 252 4511 D.
273 4462 306 4509 99
327 4460 393 4509 Nor.
416 4460 490 4521 1901,
508 4474 534 4510 u.
554 4461 630 4509 catal.
650 4461 674 4510 3.
726 4453 801 4504 2949.
