<?xml version="1.0" encoding="UTF-8"?>
<!DOCTYPE html PUBLIC "-//W3C//DTD XHTML 1.0 Transitional//EN"
    "http://www.w3.org/TR/xhtml1/DTD/xhtml1-transitional.dtd">
<html xmlns="http://www.w3.org/1999/xhtml" xml:lang="en" lang="en">
 <head>
  <title>
</title>
<meta http-equiv="Content-Type" content="text/html;charset=utf-8" />
  <meta name='ocr-system' content='tesseract 3.04.00' />
  <meta name='ocr-capabilities' content='ocr_page ocr_carea ocr_par ocr_line ocrx_word'/>
</head>
<body>
  <div class='ocr_page' id='page_1' title='image "./compendiumsacra00wapegoog_0184.png"; bbox 0 0 2804 4890; ppageno 0'>
   <div class='ocr_carea' id='block_1_1' title="bbox 305 732 1253 801">
    <p class='ocr_par' dir='ltr' id='par_1_1' title="bbox 305 732 1253 801">
     <span class='ocr_line' id='line_1_1' title="bbox 305 732 1253 801; baseline 0.003 -5"><span class='ocrx_word' id='word_1_1' title='bbox 305 737 359 796; x_wconf 84' lang='lat' dir='ltr'>DE</span> <span class='ocrx_word' id='word_1_2' title='bbox 382 739 541 797; x_wconf 80' lang='lat' dir='ltr'>OFFICIO</span> <span class='ocrx_word' id='word_1_3' title='bbox 565 741 816 798; x_wconf 79' lang='lat' dir='ltr'>PRESBYTERI</span> <span class='ocrx_word' id='word_1_4' title='bbox 839 744 1106 801; x_wconf 79' lang='lat' dir='ltr'><strong>ASSISTENTIS.</strong></span> <span class='ocrx_word' id='word_1_5' title='bbox 1197 732 1253 799; x_wconf 85' lang='grc'>167</span> 
     </span>
    </p>
   </div>
   <div class='ocr_carea' id='block_1_2' title="bbox 152 913 1253 4257">
    <p class='ocr_par' dir='ltr' id='par_1_2' title="bbox 163 913 1252 1087">
     <span class='ocr_line' id='line_1_2' title="bbox 164 913 1252 999; baseline 0.005 -25"><span class='ocrx_word' id='word_1_6' title='bbox 164 913 274 977; x_wconf 91' lang='lat' dir='ltr'>debeat</span> <span class='ocrx_word' id='word_1_7' title='bbox 298 920 356 976; x_wconf 89' lang='lat' dir='ltr'>etc.</span> <span class='ocrx_word' id='word_1_8' title='bbox 382 914 474 977; x_wconf 84' lang='lat' dir='ltr'>facile</span> <span class='ocrx_word' id='word_1_9' title='bbox 499 935 536 977; x_wconf 85' lang='lat' dir='ltr'>ex</span> <span class='ocrx_word' id='word_1_10' title='bbox 560 916 658 979; x_wconf 89' lang='lat' dir='ltr'>officio</span> <span class='ocrx_word' id='word_1_11' title='bbox 683 937 706 978; x_wconf 92' lang='lat' dir='ltr'>s.</span> <span class='ocrx_word' id='word_1_12' title='bbox 734 917 965 995; x_wconf 89' lang='lat' dir='ltr'>Ministrorum,</span> <span class='ocrx_word' id='word_1_13' title='bbox 990 923 1156 999; x_wconf 90' lang='lat' dir='ltr'>utsupra,</span> <span class='ocrx_word' id='word_1_14' title='bbox 1181 938 1252 980; x_wconf 91' lang='lat' dir='ltr'>con·</span> 
     </span>
     <span class='ocr_line' id='line_1_3' title="bbox 163 1007 331 1087; baseline 0 -18"><span class='ocrx_word' id='word_1_15' title='bbox 163 1007 331 1087; x_wconf 89' lang='lat' dir='ltr'>cluditur.)</span> 
     </span>
    </p>

    <p class='ocr_par' dir='ltr' id='par_1_3' title="bbox 163 1099 1252 1349">
     <span class='ocr_line' id='line_1_4' title="bbox 206 1099 1252 1183; baseline 0.006 -22"><span class='ocrx_word' id='word_1_16' title='bbox 206 1099 256 1161; x_wconf 86' lang='lat' dir='ltr'>Ad</span> <span class='ocrx_word' id='word_1_17' title='bbox 280 1100 389 1163; x_wconf 88' lang='lat' dir='ltr'>Altare</span> <span class='ocrx_word' id='word_1_18' title='bbox 413 1106 487 1166; x_wconf 91' lang='lat' dir='ltr'>ante</span> <span class='ocrx_word' id='word_1_19' title='bbox 510 1101 626 1182; x_wconf 86' lang='lat' dir='ltr'>gradus</span> <span class='ocrx_word' id='word_1_20' title='bbox 651 1103 817 1183; x_wconf 82' lang='lat' dir='ltr'>Presbyter</span> <span class='ocrx_word' id='word_1_21' title='bbox 840 1105 987 1170; x_wconf 82' lang='lat' dir='ltr'>assistens</span> <span class='ocrx_word' id='word_1_22' title='bbox 1010 1106 1050 1168; x_wconf 92' lang='lat' dir='ltr'>ad</span> <span class='ocrx_word' id='word_1_23' title='bbox 1075 1106 1252 1181; x_wconf 82' lang='lat' dir='ltr'>dextram‚²</span> 
     </span>
     <span class='ocr_line' id='line_1_5' title="bbox 164 1193 1252 1260; baseline 0.006 -7"><span class='ocrx_word' id='word_1_24' title='bbox 164 1193 322 1257; x_wconf 90' lang='lat' dir='ltr'>Diaconus</span> <span class='ocrx_word' id='word_1_25' title='bbox 341 1198 374 1256; x_wconf 93' lang='lat' dir='ltr'>et</span> <span class='ocrx_word' id='word_1_26' title='bbox 395 1193 610 1258; x_wconf 84' lang='lat' dir='ltr'>Subdiaconus</span> <span class='ocrx_word' id='word_1_27' title='bbox 632 1217 702 1258; x_wconf 90' lang='lat' dir='ltr'>vero</span> <span class='ocrx_word' id='word_1_28' title='bbox 723 1198 762 1258; x_wconf 89' lang='lat' dir='ltr'>ad</span> <span class='ocrx_word' id='word_1_29' title='bbox 784 1198 945 1259; x_wconf 80' lang='lat' dir='ltr'>sinistram</span> <span class='ocrx_word' id='word_1_30' title='bbox 967 1197 1161 1260; x_wconf 86' lang='lat' dir='ltr'>Celebrantis</span> <span class='ocrx_word' id='word_1_31' title='bbox 1181 1218 1252 1259; x_wconf 91' lang='lat' dir='ltr'>con·</span> 
     </span>
     <span class='ocr_line' id='line_1_6' title="bbox 163 1287 290 1349; baseline 0 -2"><span class='ocrx_word' id='word_1_32' title='bbox 163 1287 290 1349; x_wconf 88' lang='lat' dir='ltr'>sistunt.</span> 
     </span>
    </p>

    <p class='ocr_par' dir='ltr' id='par_1_4' title="bbox 163 1380 1252 1631">
     <span class='ocr_line' id='line_1_7' title="bbox 207 1380 1252 1460; baseline 0.007 -21"><span class='ocrx_word' id='word_1_33' title='bbox 207 1382 234 1440; x_wconf 88' lang='lat'>3.</span> <span class='ocrx_word' id='word_1_34' title='bbox 258 1380 335 1442; x_wconf 83' lang='lat' dir='ltr'>Post</span> <span class='ocrx_word' id='word_1_35' title='bbox 358 1381 584 1444; x_wconf 86' lang='lat' dir='ltr'>confessionem</span> <span class='ocrx_word' id='word_1_36' title='bbox 609 1383 767 1445; x_wconf 84' lang='lat' dir='ltr'>Assistens</span> <span class='ocrx_word' id='word_1_37' title='bbox 792 1384 932 1446; x_wconf 91' lang='lat' dir='ltr'>ascendit</span> <span class='ocrx_word' id='word_1_38' title='bbox 957 1385 996 1446; x_wconf 92' lang='lat' dir='ltr'>ad</span> <span class='ocrx_word' id='word_1_39' title='bbox 1022 1384 1141 1460; x_wconf 77' lang='lat' dir='ltr'>Altam,</span> <span class='ocrx_word' id='word_1_40' title='bbox 1167 1384 1252 1448; x_wconf 70' lang='lat' dir='ltr'>Celo</span> 
     </span>
     <span class='ocr_line' id='line_1_8' title="bbox 163 1472 1252 1557; baseline 0.004 -23"><span class='ocrx_word' id='word_1_41' title='bbox 163 1472 268 1535; x_wconf 90' lang='lat' dir='ltr'>branti</span> <span class='ocrx_word' id='word_1_42' title='bbox 292 1475 481 1538; x_wconf 89' lang='lat' dir='ltr'>anteriorem</span> <span class='ocrx_word' id='word_1_43' title='bbox 506 1477 599 1537; x_wconf 86' lang='lat' dir='ltr'>vestis</span> <span class='ocrx_word' id='word_1_44' title='bbox 623 1476 780 1537; x_wconf 89' lang='lat' dir='ltr'>fimbriam</span> <span class='ocrx_word' id='word_1_45' title='bbox 804 1477 947 1557; x_wconf 87' lang='lat' dir='ltr'>paullum</span> <span class='ocrx_word' id='word_1_46' title='bbox 970 1477 1102 1552; x_wconf 74' lang='lat' dir='ltr'>elevans</span> <span class='ocrx_word' id='word_1_47' title='bbox 1126 1485 1156 1540; x_wconf 93' lang='lat' dir='ltr'>et</span> <span class='ocrx_word' id='word_1_48' title='bbox 1180 1497 1252 1538; x_wconf 88' lang='lat' dir='ltr'>mox</span> 
     </span>
     <span class='ocr_line' id='line_1_9' title="bbox 164 1565 1042 1631; baseline 0.007 -6"><span class='ocrx_word' id='word_1_49' title='bbox 164 1565 303 1628; x_wconf 89' lang='lat' dir='ltr'>Diacono</span> <span class='ocrx_word' id='word_1_50' title='bbox 325 1567 408 1630; x_wconf 82' lang='lat' dir='ltr'>cedit</span> <span class='ocrx_word' id='word_1_51' title='bbox 429 1568 532 1629; x_wconf 91' lang='lat' dir='ltr'>locum</span> <span class='ocrx_word' id='word_1_52' title='bbox 553 1589 585 1630; x_wconf 92' lang='lat' dir='ltr'>se</span> <span class='ocrx_word' id='word_1_53' title='bbox 607 1570 767 1631; x_wconf 89' lang='lat' dir='ltr'>retrahens</span> <span class='ocrx_word' id='word_1_54' title='bbox 790 1589 895 1631; x_wconf 88' lang='lat' dir='ltr'>versus</span> <span class='ocrx_word' id='word_1_55' title='bbox 918 1570 1042 1631; x_wconf 91' lang='lat' dir='ltr'>librum.</span> 
     </span>
    </p>

    <p class='ocr_par' dir='ltr' id='par_1_5' title="bbox 161 1658 1251 2282">
     <span class='ocr_line' id='line_1_10' title="bbox 206 1658 1251 1743; baseline 0.007 -24"><span class='ocrx_word' id='word_1_56' title='bbox 206 1658 290 1720; x_wconf 91' lang='lat' dir='ltr'>Dum</span> <span class='ocrx_word' id='word_1_57' title='bbox 308 1660 470 1723; x_wconf 89' lang='lat' dir='ltr'>incensum</span> <span class='ocrx_word' id='word_1_58' title='bbox 489 1662 674 1742; x_wconf 88' lang='lat' dir='ltr'>imponitur,</span> <span class='ocrx_word' id='word_1_59' title='bbox 692 1663 806 1723; x_wconf 89' lang='lat' dir='ltr'>faciem</span> <span class='ocrx_word' id='word_1_60' title='bbox 824 1663 978 1743; x_wconf 83' lang='lat' dir='ltr'>tantisper</span> <span class='ocrx_word' id='word_1_61' title='bbox 997 1665 1091 1726; x_wconf 81' lang='lat' dir='ltr'>vertit</span> <span class='ocrx_word' id='word_1_62' title='bbox 1107 1665 1147 1726; x_wconf 86' lang='lat' dir='ltr'>ad</span> <span class='ocrx_word' id='word_1_63' title='bbox 1166 1664 1251 1727; x_wconf 82' lang='lat' dir='ltr'>Cele-</span> 
     </span>
     <span class='ocr_line' id='line_1_11' title="bbox 163 1752 1251 1835; baseline 0.003 -22"><span class='ocrx_word' id='word_1_64' title='bbox 163 1752 314 1814; x_wconf 88' lang='lat' dir='ltr'>brantem.</span> <span class='ocrx_word' id='word_1_65' title='bbox 356 1754 487 1817; x_wconf 91' lang='lat' dir='ltr'>Incenso</span> <span class='ocrx_word' id='word_1_66' title='bbox 506 1755 652 1835; x_wconf 87' lang='lat' dir='ltr'>imposito</span> <span class='ocrx_word' id='word_1_67' title='bbox 671 1775 742 1817; x_wconf 93' lang='lat' dir='ltr'>cum</span> <span class='ocrx_word' id='word_1_68' title='bbox 762 1755 945 1818; x_wconf 85' lang='lat' dir='ltr'>Celebrante</span> <span class='ocrx_word' id='word_1_69' title='bbox 962 1756 1155 1832; x_wconf 75' lang='lat' dir='ltr'>genuflectit,</span> <span class='ocrx_word' id='word_1_70' title='bbox 1175 1757 1251 1817; x_wconf 91' lang='lat' dir='ltr'>Mis·</span> 
     </span>
     <span class='ocr_line' id='line_1_12' title="bbox 162 1845 1250 1930; baseline 0.006 -23"><span class='ocrx_word' id='word_1_71' title='bbox 162 1845 225 1909; x_wconf 88' lang='lat' dir='ltr'>sale</span> <span class='ocrx_word' id='word_1_72' title='bbox 251 1866 324 1907; x_wconf 90' lang='lat' dir='ltr'>cum</span> <span class='ocrx_word' id='word_1_73' title='bbox 350 1847 437 1926; x_wconf 86' lang='lat' dir='ltr'>legili</span> <span class='ocrx_word' id='word_1_74' title='bbox 463 1856 584 1912; x_wconf 89' lang='lat' dir='ltr'>amovet</span> <span class='ocrx_word' id='word_1_75' title='bbox 610 1849 751 1928; x_wconf 89' lang='lat' dir='ltr'>illudque</span> <span class='ocrx_word' id='word_1_76' title='bbox 778 1850 935 1913; x_wconf 89' lang='lat' dir='ltr'>sustinens</span> <span class='ocrx_word' id='word_1_77' title='bbox 963 1856 1025 1912; x_wconf 85' lang='lat' dir='ltr'>stat</span> <span class='ocrx_word' id='word_1_78' title='bbox 1052 1851 1085 1910; x_wconf 91' lang='lat' dir='ltr'>in</span> <span class='ocrx_word' id='word_1_79' title='bbox 1111 1849 1205 1930; x_wconf 90' lang='lat' dir='ltr'>plano</span> <span class='ocrx_word' id='word_1_80' title='bbox 1232 1871 1250 1912; x_wconf 89' lang='lat' dir='ltr'>a</span> 
     </span>
     <span class='ocr_line' id='line_1_13' title="bbox 164 1939 1250 2021; baseline 0.004 -22"><span class='ocrx_word' id='word_1_81' title='bbox 164 1940 259 2002; x_wconf 88' lang='lat' dir='ltr'>latere</span> <span class='ocrx_word' id='word_1_82' title='bbox 287 1939 445 2019; x_wconf 86' lang='lat' dir='ltr'>Epistulae</span> <span class='ocrx_word' id='word_1_83' title='bbox 471 1940 551 2003; x_wconf 85' lang='lat' dir='ltr'>facie</span> <span class='ocrx_word' id='word_1_84' title='bbox 577 1961 746 2021; x_wconf 81' lang='lat' dir='ltr'>parumper</span> <span class='ocrx_word' id='word_1_85' title='bbox 771 1943 810 2003; x_wconf 87' lang='lat' dir='ltr'>ad</span> <span class='ocrx_word' id='word_1_86' title='bbox 836 1942 945 2005; x_wconf 89' lang='lat' dir='ltr'>Altare</span> <span class='ocrx_word' id='word_1_87' title='bbox 972 1964 1126 2017; x_wconf 80' lang='lat' dir='ltr'>conversa,</span> <span class='ocrx_word' id='word_1_88' title='bbox 1153 1943 1250 2005; x_wconf 88' lang='lat' dir='ltr'>donoc</span> 
     </span>
     <span class='ocr_line' id='line_1_14' title="bbox 161 2032 1250 2116; baseline 0.004 -23"><span class='ocrx_word' id='word_1_89' title='bbox 161 2053 268 2095; x_wconf 88' lang='lat' dir='ltr'>mensa</span> <span class='ocrx_word' id='word_1_90' title='bbox 288 2032 407 2096; x_wconf 87' lang='lat' dir='ltr'>Altaris</span> <span class='ocrx_word' id='word_1_91' title='bbox 427 2036 461 2095; x_wconf 94' lang='lat' dir='ltr'>in</span> <span class='ocrx_word' id='word_1_92' title='bbox 481 2036 541 2100; x_wconf 90' lang='lat' dir='ltr'>isto</span> <span class='ocrx_word' id='word_1_93' title='bbox 560 2056 657 2099; x_wconf 92' lang='lat' dir='ltr'>cornu</span> <span class='ocrx_word' id='word_1_94' title='bbox 677 2037 837 2098; x_wconf 83' lang='lat' dir='ltr'>incensato</span> <span class='ocrx_word' id='word_1_95' title='bbox 857 2037 963 2099; x_wconf 87' lang='lat' dir='ltr'>fuerit.</span> <span class='ocrx_word' id='word_1_96' title='bbox 1006 2037 1153 2116; x_wconf 87' lang='lat' dir='ltr'>Reposito</span> <span class='ocrx_word' id='word_1_97' title='bbox 1175 2037 1250 2097; x_wconf 87' lang='lat' dir='ltr'>Mis·</span> 
     </span>
     <span class='ocr_line' id='line_1_15' title="bbox 161 2126 1249 2209; baseline 0.006 -23"><span class='ocrx_word' id='word_1_98' title='bbox 161 2126 219 2187; x_wconf 90' lang='lat' dir='ltr'>sali</span> <span class='ocrx_word' id='word_1_99' title='bbox 241 2127 356 2189; x_wconf 90' lang='lat' dir='ltr'>iterum</span> <span class='ocrx_word' id='word_1_100' title='bbox 375 2131 437 2189; x_wconf 92' lang='lat' dir='ltr'>stat</span> <span class='ocrx_word' id='word_1_101' title='bbox 458 2129 490 2189; x_wconf 89' lang='lat' dir='ltr'>in</span> <span class='ocrx_word' id='word_1_102' title='bbox 511 2128 615 2209; x_wconf 86' lang='lat' dir='ltr'>plano,</span> <span class='ocrx_word' id='word_1_103' title='bbox 636 2136 667 2190; x_wconf 89' lang='lat' dir='ltr'>et</span> <span class='ocrx_word' id='word_1_104' title='bbox 687 2129 764 2190; x_wconf 91' lang='lat' dir='ltr'>dum</span> <span class='ocrx_word' id='word_1_105' title='bbox 785 2128 951 2192; x_wconf 87' lang='lat' dir='ltr'>Celebrans</span> <span class='ocrx_word' id='word_1_106' title='bbox 973 2130 1162 2204; x_wconf 81' lang='lat' dir='ltr'>incensatur,</span> <span class='ocrx_word' id='word_1_107' title='bbox 1184 2130 1249 2209; x_wconf 91' lang='lat' dir='ltr'>ipse</span> 
     </span>
     <span class='ocr_line' id='line_1_16' title="bbox 161 2219 587 2282; baseline 0.007 -3"><span class='ocrx_word' id='word_1_108' title='bbox 161 2225 225 2281; x_wconf 89' lang='lat' dir='ltr'>stat</span> <span class='ocrx_word' id='word_1_109' title='bbox 253 2239 271 2281; x_wconf 89' lang='lat' dir='ltr'>a</span> <span class='ocrx_word' id='word_1_110' title='bbox 298 2220 416 2282; x_wconf 79' lang='lat' dir='ltr'>dextris</span> <span class='ocrx_word' id='word_1_111' title='bbox 445 2219 587 2282; x_wconf 88' lang='lat' dir='ltr'>Diaconi.</span> 
     </span>
    </p>

    <p class='ocr_par' dir='ltr' id='par_1_6' title="bbox 160 2313 1248 2577">
     <span class='ocr_line' id='line_1_17' title="bbox 203 2313 1248 2377; baseline 0.006 -6"><span class='ocrx_word' id='word_1_112' title='bbox 203 2316 231 2372; x_wconf 76' lang='lat'>4.</span> <span class='ocrx_word' id='word_1_113' title='bbox 255 2313 345 2374; x_wconf 86' lang='lat' dir='ltr'>Tunc</span> <span class='ocrx_word' id='word_1_114' title='bbox 375 2313 553 2376; x_wconf 77' lang='lat' dir='ltr'>Celebranti</span> <span class='ocrx_word' id='word_1_115' title='bbox 584 2314 757 2376; x_wconf 81' lang='lat' dir='ltr'>introitum</span> <span class='ocrx_word' id='word_1_116' title='bbox 788 2315 907 2376; x_wconf 91' lang='lat' dir='ltr'>indicat</span> <span class='ocrx_word' id='word_1_117' title='bbox 936 2321 1022 2377; x_wconf 88' lang='lat' dir='ltr'>stans</span> <span class='ocrx_word' id='word_1_118' title='bbox 1051 2315 1084 2375; x_wconf 91' lang='lat' dir='ltr'>in</span> <span class='ocrx_word' id='word_1_119' title='bbox 1114 2314 1248 2377; x_wconf 90' lang='lat' dir='ltr'>secundo</span> 
     </span>
     <span class='ocr_line' id='line_1_18' title="bbox 160 2405 1248 2484; baseline 0.002 -18"><span class='ocrx_word' id='word_1_120' title='bbox 160 2405 259 2484; x_wconf 85' lang='lat' dir='ltr'>gradu</span> <span class='ocrx_word' id='word_1_121' title='bbox 277 2406 359 2467; x_wconf 90' lang='lat' dir='ltr'>inter</span> <span class='ocrx_word' id='word_1_122' title='bbox 376 2407 591 2468; x_wconf 73' lang='lat' dir='ltr'>Celebrautcm</span> <span class='ocrx_word' id='word_1_123' title='bbox 607 2414 637 2469; x_wconf 91' lang='lat' dir='ltr'>et</span> <span class='ocrx_word' id='word_1_124' title='bbox 654 2407 828 2468; x_wconf 81' lang='lat' dir='ltr'>Diaconum</span> <span class='ocrx_word' id='word_1_125' title='bbox 845 2413 981 2469; x_wconf 85' lang='lat' dir='ltr'>stantem</span> <span class='ocrx_word' id='word_1_126' title='bbox 998 2412 1072 2469; x_wconf 91' lang='lat' dir='ltr'>tunc</span> <span class='ocrx_word' id='word_1_127' title='bbox 1089 2409 1121 2468; x_wconf 90' lang='lat' dir='ltr'>in</span> <span class='ocrx_word' id='word_1_128' title='bbox 1139 2407 1248 2468; x_wconf 88' lang='lat' dir='ltr'>infimo</span> 
     </span>
     <span class='ocr_line' id='line_1_19' title="bbox 160 2498 270 2577; baseline -0.018 -17"><span class='ocrx_word' id='word_1_129' title='bbox 160 2498 270 2577; x_wconf 85' lang='lat' dir='ltr'>gradu.</span> 
     </span>
    </p>

    <p class='ocr_par' dir='ltr' id='par_1_7' title="bbox 160 2593 1253 2767">
     <span class='ocr_line' id='line_1_20' title="bbox 202 2593 1253 2674; baseline 0.003 -20"><span class='ocrx_word' id='word_1_130' title='bbox 202 2593 380 2673; x_wconf 86' lang='lat' dir='ltr'>Respondet</span> <span class='ocrx_word' id='word_1_131' title='bbox 406 2615 477 2655; x_wconf 93' lang='lat' dir='ltr'>cum</span> <span class='ocrx_word' id='word_1_132' title='bbox 504 2616 526 2657; x_wconf 87' lang='lat' dir='ltr'>s.</span> <span class='ocrx_word' id='word_1_133' title='bbox 556 2595 714 2656; x_wconf 90' lang='lat' dir='ltr'>Ministris</span> <span class='ocrx_word' id='word_1_134' title='bbox 742 2595 780 2656; x_wconf 90' lang='lat' dir='ltr'>ad</span> <span class='ocrx_word' id='word_1_135' title='bbox 807 2595 917 2674; x_wconf 79' lang='lat' dir='ltr'>Kyrie,</span> <span class='ocrx_word' id='word_1_136' title='bbox 945 2598 1014 2670; x_wconf 88' lang='lat' dir='ltr'>etc,</span> <span class='ocrx_word' id='word_1_137' title='bbox 1042 2596 1153 2657; x_wconf 85' lang='lat' dir='ltr'>recitat</span> <span class='ocrx_word' id='word_1_138' title='bbox 1180 2615 1253 2657; x_wconf 91' lang='lat' dir='ltr'>curn</span> 
     </span>
     <span class='ocr_line' id='line_1_21' title="bbox 160 2686 1063 2767; baseline 0.003 -20"><span class='ocrx_word' id='word_1_139' title='bbox 160 2686 343 2747; x_wconf 80' lang='lat' dir='ltr'>Celebrante</span> <span class='ocrx_word' id='word_1_140' title='bbox 368 2687 483 2756; x_wconf 81' lang='lat' dir='ltr'>Gloria,</span> <span class='ocrx_word' id='word_1_141' title='bbox 507 2688 617 2758; x_wconf 82' lang='lat' dir='ltr'>Credo,</span> <span class='ocrx_word' id='word_1_142' title='bbox 640 2692 785 2761; x_wconf 68' lang='lat' dir='ltr'>Sanctam,</span> <span class='ocrx_word' id='word_1_143' title='bbox 807 2692 839 2751; x_wconf 89' lang='lat' dir='ltr'>et</span> <span class='ocrx_word' id='word_1_144' title='bbox 859 2688 971 2767; x_wconf 73' lang='lat' dir='ltr'>Aquas</span> <span class='ocrx_word' id='word_1_145' title='bbox 993 2686 1063 2750; x_wconf 77' lang='lat' dir='ltr'>Dei.</span> 
     </span>
    </p>

    <p class='ocr_par' dir='ltr' id='par_1_8' title="bbox 157 2776 1246 3213">
     <span class='ocr_line' id='line_1_22' title="bbox 203 2776 1246 2858; baseline 0.005 -22"><span class='ocrx_word' id='word_1_146' title='bbox 203 2781 230 2838; x_wconf 87' lang='lat'>5.</span> <span class='ocrx_word' id='word_1_147' title='bbox 254 2776 339 2837; x_wconf 91' lang='lat' dir='ltr'>Dum</span> <span class='ocrx_word' id='word_1_148' title='bbox 364 2779 515 2840; x_wconf 88' lang='lat' dir='ltr'>recitatur</span> <span class='ocrx_word' id='word_1_149' title='bbox 540 2779 656 2851; x_wconf 80' lang='lat' dir='ltr'>Gloria,</span> <span class='ocrx_word' id='word_1_150' title='bbox 680 2785 742 2840; x_wconf 89' lang='lat' dir='ltr'>stat</span> <span class='ocrx_word' id='word_1_151' title='bbox 766 2779 800 2840; x_wconf 87' lang='lat' dir='ltr'>in</span> <span class='ocrx_word' id='word_1_152' title='bbox 823 2778 1021 2858; x_wconf 87' lang='lat' dir='ltr'>suppedaneo</span> <span class='ocrx_word' id='word_1_153' title='bbox 1045 2778 1084 2840; x_wconf 92' lang='lat' dir='ltr'>ad</span> <span class='ocrx_word' id='word_1_154' title='bbox 1110 2778 1246 2842; x_wconf 86' lang='lat' dir='ltr'>Missale.</span> 
     </span>
     <span class='ocr_line' id='line_1_23' title="bbox 161 2869 1246 2951; baseline 0.001 -19"><span class='ocrx_word' id='word_1_155' title='bbox 161 2869 195 2932; x_wconf 91' lang='lat' dir='ltr'>Si</span> <span class='ocrx_word' id='word_1_156' title='bbox 215 2871 269 2932; x_wconf 87' lang='lat' dir='ltr'>fiat</span> <span class='ocrx_word' id='word_1_157' title='bbox 287 2872 390 2945; x_wconf 89' lang='lat' dir='ltr'>sessio,</span> <span class='ocrx_word' id='word_1_158' title='bbox 409 2872 493 2933; x_wconf 84' lang='lat' dir='ltr'>sacta</span> <span class='ocrx_word' id='word_1_159' title='bbox 511 2871 727 2951; x_wconf 84' lang='lat' dir='ltr'>genuflexione</span> <span class='ocrx_word' id='word_1_160' title='bbox 745 2873 887 2951; x_wconf 83' lang='lat' dir='ltr'>sequitur</span> <span class='ocrx_word' id='word_1_161' title='bbox 905 2872 1080 2933; x_wconf 88' lang='lat' dir='ltr'>Diaconum</span> <span class='ocrx_word' id='word_1_162' title='bbox 1100 2872 1139 2934; x_wconf 92' lang='lat' dir='ltr'>ad</span> <span class='ocrx_word' id='word_1_163' title='bbox 1158 2892 1246 2933; x_wconf 91' lang='lat' dir='ltr'>suam</span> 
     </span>
     <span class='ocr_line' id='line_1_24' title="bbox 158 2963 1246 3044; baseline -0.001 -18"><span class='ocrx_word' id='word_1_164' title='bbox 158 2963 262 3026; x_wconf 82' lang='lat' dir='ltr'>sedem</span> <span class='ocrx_word' id='word_1_165' title='bbox 280 2965 325 3025; x_wconf 93' lang='lat' dir='ltr'>ita</span> <span class='ocrx_word' id='word_1_166' title='bbox 341 2965 476 3044; x_wconf 86' lang='lat' dir='ltr'>positam</span> <span class='ocrx_word' id='word_1_167' title='bbox 494 2986 512 3026; x_wconf 90' lang='lat' dir='ltr'>a</span> <span class='ocrx_word' id='word_1_168' title='bbox 529 2965 648 3026; x_wconf 86' lang='lat' dir='ltr'>dextris</span> <span class='ocrx_word' id='word_1_169' title='bbox 667 2964 809 3040; x_wconf 89' lang='lat' dir='ltr'>Diaconi,</span> <span class='ocrx_word' id='word_1_170' title='bbox 828 2972 863 3026; x_wconf 94' lang='lat' dir='ltr'>ut</span> <span class='ocrx_word' id='word_1_171' title='bbox 882 2964 990 3027; x_wconf 91' lang='lat' dir='ltr'>sedens</span> <span class='ocrx_word' id='word_1_172' title='bbox 1008 2965 1121 3026; x_wconf 76' lang='lat' dir='ltr'>taciem</span> <span class='ocrx_word' id='word_1_173' title='bbox 1138 2963 1246 3027; x_wconf 86' lang='lat' dir='ltr'>tantil-</span> 
     </span>
     <span class='ocr_line' id='line_1_25' title="bbox 160 3056 1246 3135; baseline 0.003 -20"><span class='ocrx_word' id='word_1_174' title='bbox 160 3057 224 3116; x_wconf 87' lang='lat' dir='ltr'>lum</span> <span class='ocrx_word' id='word_1_175' title='bbox 254 3057 362 3118; x_wconf 88' lang='lat' dir='ltr'>habeat</span> <span class='ocrx_word' id='word_1_176' title='bbox 392 3077 496 3117; x_wconf 78' lang='lat' dir='ltr'>versus</span> <span class='ocrx_word' id='word_1_177' title='bbox 525 3057 763 3118; x_wconf 69' lang='lat' dir='ltr'>Celebranteru.³</span> <span class='ocrx_word' id='word_1_178' title='bbox 814 3057 904 3118; x_wconf 86' lang='lat' dir='ltr'>Iuira</span> <span class='ocrx_word' id='word_1_179' title='bbox 933 3058 1085 3135; x_wconf 73' lang='lat' dir='ltr'>hymnum</span> <span class='ocrx_word' id='word_1_180' title='bbox 1113 3056 1246 3119; x_wconf 88' lang='lat' dir='ltr'>inclinat</span> 
     </span>
     <span class='ocr_line' id='line_1_26' title="bbox 157 3150 273 3213; baseline 0.017 -2"><span class='ocrx_word' id='word_1_181' title='bbox 157 3150 273 3213; x_wconf 88' lang='lat' dir='ltr'>utalii.</span> 
     </span>
    </p>

    <p class='ocr_par' dir='ltr' id='par_1_9' title="bbox 156 3241 1245 3412">
     <span class='ocr_line' id='line_1_27' title="bbox 200 3241 1245 3322; baseline -0.001 -17"><span class='ocrx_word' id='word_1_182' title='bbox 200 3248 227 3305; x_wconf 89' lang='lat'>6.</span> <span class='ocrx_word' id='word_1_183' title='bbox 252 3243 381 3322; x_wconf 81' lang='lat' dir='ltr'>Dymno</span> <span class='ocrx_word' id='word_1_184' title='bbox 400 3243 491 3305; x_wconf 87' lang='lat' dir='ltr'>finito</span> <span class='ocrx_word' id='word_1_185' title='bbox 510 3243 678 3306; x_wconf 91' lang='lat' dir='ltr'>revertitur</span> <span class='ocrx_word' id='word_1_186' title='bbox 696 3243 735 3304; x_wconf 87' lang='lat' dir='ltr'>ad</span> <span class='ocrx_word' id='word_1_187' title='bbox 756 3241 865 3306; x_wconf 84' lang='lat' dir='ltr'>Aitare</span> <span class='ocrx_word' id='word_1_188' title='bbox 884 3247 915 3305; x_wconf 89' lang='lat' dir='ltr'>et</span> <span class='ocrx_word' id='word_1_189' title='bbox 934 3243 1117 3321; x_wconf 81' lang='lat' dir='ltr'>genuflectit</span> <span class='ocrx_word' id='word_1_190' title='bbox 1137 3263 1155 3305; x_wconf 90' lang='lat' dir='ltr'>a</span> <span class='ocrx_word' id='word_1_191' title='bbox 1173 3243 1245 3305; x_wconf 88' lang='lat' dir='ltr'>dex·</span> 
     </span>
     <span class='ocr_line' id='line_1_28' title="bbox 156 3335 1243 3412; baseline -0.002 -13"><span class='ocrx_word' id='word_1_192' title='bbox 156 3339 215 3399; x_wconf 87' lang='lat' dir='ltr'>tris</span> <span class='ocrx_word' id='word_1_193' title='bbox 236 3337 365 3398; x_wconf 85' lang='lat' dir='ltr'>Diaconi</span> <span class='ocrx_word' id='word_1_194' title='bbox 387 3338 419 3397; x_wconf 89' lang='lat' dir='ltr'>in</span> <span class='ocrx_word' id='word_1_195' title='bbox 440 3336 549 3397; x_wconf 84' lang='lat' dir='ltr'>infimo</span> <span class='ocrx_word' id='word_1_196' title='bbox 567 3337 678 3412; x_wconf 79' lang='lat' dir='ltr'>gradu,</span> <span class='ocrx_word' id='word_1_197' title='bbox 698 3335 837 3397; x_wconf 81' lang='lat' dir='ltr'>ascendit.</span> <span class='ocrx_word' id='word_1_198' title='bbox 856 3341 885 3397; x_wconf 84' lang='lat' dir='ltr'>ct</span> <span class='ocrx_word' id='word_1_199' title='bbox 905 3337 943 3396; x_wconf 88' lang='lat' dir='ltr'>ad</span> <span class='ocrx_word' id='word_1_200' title='bbox 965 3336 1080 3398; x_wconf 86' lang='lat' dir='ltr'>librum</span> <span class='ocrx_word' id='word_1_201' title='bbox 1099 3357 1130 3397; x_wconf 88' lang='lat' dir='ltr'>se</span> <span class='ocrx_word' id='word_1_202' title='bbox 1149 3337 1243 3397; x_wconf 87' lang='lat' dir='ltr'>sistit.</span> 
     </span>
    </p>

    <p class='ocr_par' dir='ltr' id='par_1_10' title="bbox 155 3429 1248 3789">
     <span class='ocr_line' id='line_1_29' title="bbox 198 3429 1248 3512; baseline -0.001 -18"><span class='ocrx_word' id='word_1_203' title='bbox 198 3431 248 3494; x_wconf 79' lang='lat' dir='ltr'>Ad</span> <span class='ocrx_word' id='word_1_204' title='bbox 266 3433 441 3505; x_wconf 88' lang='lat' dir='ltr'>Orationes,</span> <span class='ocrx_word' id='word_1_205' title='bbox 458 3431 644 3511; x_wconf 87' lang='lat' dir='ltr'>Epistolam,</span> <span class='ocrx_word' id='word_1_206' title='bbox 661 3429 827 3506; x_wconf 85' lang='lat' dir='ltr'>Graduale,</span> <span class='ocrx_word' id='word_1_207' title='bbox 843 3432 901 3492; x_wconf 90' lang='lat' dir='ltr'>etc.</span> <span class='ocrx_word' id='word_1_208' title='bbox 918 3432 1037 3494; x_wconf 85' lang='lat' dir='ltr'>assistit</span> <span class='ocrx_word' id='word_1_209' title='bbox 1052 3437 1088 3494; x_wconf 91' lang='lat' dir='ltr'>ut</span> <span class='ocrx_word' id='word_1_210' title='bbox 1104 3431 1193 3512; x_wconf 93' lang='lat' dir='ltr'>prius</span> <span class='ocrx_word' id='word_1_211' title='bbox 1208 3432 1248 3493; x_wconf 92' lang='lat' dir='ltr'>ad</span> 
     </span>
     <span class='ocr_line' id='line_1_30' title="bbox 157 3520 1243 3600; baseline -0.003 -16"><span class='ocrx_word' id='word_1_212' title='bbox 157 3523 339 3584; x_wconf 86' lang='lat' dir='ltr'>Introitum.</span> <span class='ocrx_word' id='word_1_213' title='bbox 396 3523 545 3600; x_wconf 77' lang='lat' dir='ltr'>(Necesse</span> <span class='ocrx_word' id='word_1_214' title='bbox 576 3543 639 3583; x_wconf 92' lang='lat' dir='ltr'>nou</span> <span class='ocrx_word' id='word_1_215' title='bbox 670 3527 716 3583; x_wconf 87' lang='lat' dir='ltr'>est</span> <span class='ocrx_word' id='word_1_216' title='bbox 748 3530 782 3583; x_wconf 91' lang='lat' dir='ltr'>ut</span> <span class='ocrx_word' id='word_1_217' title='bbox 814 3541 869 3599; x_wconf 88' lang='lat' dir='ltr'>pro</span> <span class='ocrx_word' id='word_1_218' title='bbox 902 3522 986 3580; x_wconf 84' lang='lat' dir='ltr'>foliis</span> <span class='ocrx_word' id='word_1_219' title='bbox 1018 3521 1173 3582; x_wconf 78' lang='lat' dir='ltr'>vertendis</span> <span class='ocrx_word' id='word_1_220' title='bbox 1204 3520 1243 3582; x_wconf 88' lang='lat' dir='ltr'>ad</span> 
     </span>
     <span class='ocr_line' id='line_1_31' title="bbox 155 3613 1244 3691; baseline -0.001 -14"><span class='ocrx_word' id='word_1_221' title='bbox 155 3616 289 3678; x_wconf 89' lang='lat' dir='ltr'>altemm</span> <span class='ocrx_word' id='word_1_222' title='bbox 310 3617 392 3677; x_wconf 87' lang='lat' dir='ltr'>latus</span> <span class='ocrx_word' id='word_1_223' title='bbox 413 3615 606 3677; x_wconf 52' lang='lat' dir='ltr'>(felebrantis</span> <span class='ocrx_word' id='word_1_224' title='bbox 625 3613 777 3691; x_wconf 75' lang='lat' dir='ltr'>accedat.)</span> <span class='ocrx_word' id='word_1_225' title='bbox 824 3613 981 3675; x_wconf 85' lang='lat' dir='ltr'>Diaconos</span> <span class='ocrx_word' id='word_1_226' title='bbox 1001 3617 1141 3675; x_wconf 87' lang='lat' dir='ltr'>remanet</span> <span class='ocrx_word' id='word_1_227' title='bbox 1159 3618 1244 3676; x_wconf 89' lang='lat' dir='ltr'>retro</span> 
     </span>
     <span class='ocr_line' id='line_1_32' title="bbox 155 3709 470 3789; baseline -0.003 -20"><span class='ocrx_word' id='word_1_228' title='bbox 155 3716 224 3789; x_wconf 86' lang='lat' dir='ltr'>post</span> <span class='ocrx_word' id='word_1_229' title='bbox 245 3709 470 3772; x_wconf 75' lang='lat' dir='ltr'>Celebrantem.</span> 
     </span>
    </p>

    <p class='ocr_par' dir='ltr' id='par_1_11' title="bbox 152 3797 1243 4257">
     <span class='ocr_line' id='line_1_33' title="bbox 197 3797 1243 3878; baseline -0.006 -13"><span class='ocrx_word' id='word_1_230' title='bbox 197 3806 225 3865; x_wconf 76' lang='lat'>¹7.</span> <span class='ocrx_word' id='word_1_231' title='bbox 248 3802 407 3864; x_wconf 90' lang='lat' dir='ltr'>Assistens</span> <span class='ocrx_word' id='word_1_232' title='bbox 429 3801 533 3865; x_wconf 86' lang='lat' dir='ltr'>defert</span> <span class='ocrx_word' id='word_1_233' title='bbox 556 3801 682 3863; x_wconf 89' lang='lat' dir='ltr'>Missale</span> <span class='ocrx_word' id='word_1_234' title='bbox 705 3800 744 3860; x_wconf 92' lang='lat' dir='ltr'>ad</span> <span class='ocrx_word' id='word_1_235' title='bbox 768 3820 865 3860; x_wconf 89' lang='lat' dir='ltr'>cornu</span> <span class='ocrx_word' id='word_1_236' title='bbox 888 3797 1064 3878; x_wconf 81' lang='lat' dir='ltr'>Evangelii,</span> <span class='ocrx_word' id='word_1_237' title='bbox 1088 3799 1243 3861; x_wconf 88' lang='lat' dir='ltr'>transiens</span> 
     </span>
     <span class='ocr_line' id='line_1_34' title="bbox 154 3891 1241 3974; baseline -0.006 -17"><span class='ocrx_word' id='word_1_238' title='bbox 154 3900 226 3958; x_wconf 89' lang='lat' dir='ltr'>ante</span> <span class='ocrx_word' id='word_1_239' title='bbox 251 3896 427 3957; x_wconf 84' lang='lat' dir='ltr'>Diaconum</span> <span class='ocrx_word' id='word_1_240' title='bbox 453 3899 484 3957; x_wconf 93' lang='lat' dir='ltr'>et</span> <span class='ocrx_word' id='word_1_241' title='bbox 508 3892 720 3974; x_wconf 87' lang='lat' dir='ltr'>genuflectens</span> <span class='ocrx_word' id='word_1_242' title='bbox 746 3894 777 3953; x_wconf 90' lang='lat' dir='ltr'>iu</span> <span class='ocrx_word' id='word_1_243' title='bbox 804 3892 915 3953; x_wconf 87' lang='lat' dir='ltr'>medio.</span> <span class='ocrx_word' id='word_1_244' title='bbox 965 3891 1049 3952; x_wconf 93' lang='lat' dir='ltr'>Dum</span> <span class='ocrx_word' id='word_1_245' title='bbox 1076 3891 1241 3953; x_wconf 87' lang='lat' dir='ltr'>Celebrans</span> 
     </span>
     <span class='ocr_line' id='line_1_35' title="bbox 154 3984 1240 4070; baseline -0.004 -19"><span class='ocrx_word' id='word_1_246' title='bbox 154 3989 233 4070; x_wconf 87' lang='lat' dir='ltr'>legit</span> <span class='ocrx_word' id='word_1_247' title='bbox 263 3990 484 4070; x_wconf 84' lang='lat' dir='ltr'>Evangelium,</span> <span class='ocrx_word' id='word_1_248' title='bbox 516 3988 635 4051; x_wconf 91' lang='lat' dir='ltr'>assistit</span> <span class='ocrx_word' id='word_1_249' title='bbox 666 3987 703 4049; x_wconf 86' lang='lat' dir='ltr'>ab</span> <span class='ocrx_word' id='word_1_250' title='bbox 734 3987 803 4065; x_wconf 85' lang='lat' dir='ltr'>ejus</span> <span class='ocrx_word' id='word_1_251' title='bbox 835 3985 990 4058; x_wconf 89' lang='lat' dir='ltr'>sinistris;</span> <span class='ocrx_word' id='word_1_252' title='bbox 1024 3984 1240 4047; x_wconf 89' lang='lat' dir='ltr'>Subdiaconus</span> 
     </span>
     <span class='ocr_line' id='line_1_36' title="bbox 152 4078 1241 4161; baseline -0.006 -15"><span class='ocrx_word' id='word_1_253' title='bbox 152 4090 257 4146; x_wconf 89' lang='lat' dir='ltr'>autem</span> <span class='ocrx_word' id='word_1_254' title='bbox 285 4084 400 4148; x_wconf 91' lang='lat' dir='ltr'>ibidem</span> <span class='ocrx_word' id='word_1_255' title='bbox 427 4082 571 4146; x_wconf 88' lang='lat' dir='ltr'>consistit</span> <span class='ocrx_word' id='word_1_256' title='bbox 597 4081 683 4161; x_wconf 87' lang='lat' dir='ltr'>quasi</span> <span class='ocrx_word' id='word_1_257' title='bbox 711 4079 832 4140; x_wconf 88' lang='lat' dir='ltr'>medius</span> <span class='ocrx_word' id='word_1_258' title='bbox 859 4078 942 4141; x_wconf 90' lang='lat' dir='ltr'>inter</span> <span class='ocrx_word' id='word_1_259' title='bbox 969 4078 1184 4141; x_wconf 85' lang='lat' dir='ltr'>Celebrantem</span> <span class='ocrx_word' id='word_1_260' title='bbox 1210 4083 1241 4140; x_wconf 93' lang='lat' dir='ltr'>et</span> 
     </span>
     <span class='ocr_line' id='line_1_37' title="bbox 154 4169 1241 4257; baseline -0.006 -18"><span class='ocrx_word' id='word_1_261' title='bbox 154 4177 360 4240; x_wconf 66' lang='lat' dir='ltr'>assistentem</span> <span class='ocrx_word' id='word_1_262' title='bbox 381 4177 545 4257; x_wconf 88' lang='lat' dir='ltr'>paululum</span> <span class='ocrx_word' id='word_1_263' title='bbox 566 4180 657 4237; x_wconf 86' lang='lat' dir='ltr'>retro.</span> <span class='ocrx_word' id='word_1_264' title='bbox 700 4171 794 4234; x_wconf 88' lang='lat' dir='ltr'>Lecto</span> <span class='ocrx_word' id='word_1_265' title='bbox 815 4169 986 4250; x_wconf 82' lang='lat' dir='ltr'>Evangelio</span> <span class='ocrx_word' id='word_1_266' title='bbox 1007 4174 1095 4251; x_wconf 87' lang='lat' dir='ltr'>aptat</span> <span class='ocrx_word' id='word_1_267' title='bbox 1115 4170 1241 4233; x_wconf 91' lang='lat' dir='ltr'>Missale</span> 
     </span>
    </p>
   </div>
   <div class='ocr_carea' id='block_1_3' title="bbox 152 4269 550 4352">
    <p class='ocr_par' dir='ltr' id='par_1_12' title="bbox 152 4269 550 4352">
     <span class='ocr_line' id='line_1_38' title="bbox 152 4269 550 4352; baseline -0.008 -20"><span class='ocrx_word' id='word_1_268' title='bbox 152 4290 248 4352; x_wconf 88' lang='lat' dir='ltr'>prope</span> <span class='ocrx_word' id='word_1_269' title='bbox 263 4269 404 4333; x_wconf 91' lang='lat' dir='ltr'>medium</span> <span class='ocrx_word' id='word_1_270' title='bbox 421 4269 550 4331; x_wconf 87' lang='lat' dir='ltr'>Altaris.</span> 
     </span>
    </p>
   </div>
   <div class='ocr_carea' id='block_1_4' title="bbox 187 4387 1244 4459">
    <p class='ocr_par' dir='ltr' id='par_1_13' title="bbox 187 4387 1244 4459">
     <span class='ocr_line' id='line_1_39' title="bbox 187 4387 1244 4459; baseline -0.006 -14"><span class='ocrx_word' id='word_1_271' title='bbox 187 4395 250 4447; x_wconf 86' lang='lat' dir='ltr'>²D.</span> <span class='ocrx_word' id='word_1_272' title='bbox 274 4396 315 4445; x_wconf 86' lang='lat'>15.</span> <span class='ocrx_word' id='word_1_273' title='bbox 338 4394 426 4459; x_wconf 81' lang='lat' dir='ltr'>April,</span> <span class='ocrx_word' id='word_1_274' title='bbox 449 4394 524 4456; x_wconf 82' lang='lat'>1899,</span> <span class='ocrx_word' id='word_1_275' title='bbox 546 4407 572 4442; x_wconf 89' lang='lat' dir='ltr'>n.</span> <span class='ocrx_word' id='word_1_276' title='bbox 594 4393 670 4442; x_wconf 80' lang='lat'>4018.</span> <span class='ocrx_word' id='word_1_277' title='bbox 724 4389 771 4439; x_wconf 81' lang='lat' dir='ltr'>aed</span> <span class='ocrx_word' id='word_1_278' title='bbox 791 4388 818 4437; x_wconf 88' lang='lat' dir='ltr'>in</span> <span class='ocrx_word' id='word_1_279' title='bbox 838 4389 955 4440; x_wconf 83' lang='lat' dir='ltr'>scabello</span> <span class='ocrx_word' id='word_1_280' title='bbox 973 4391 1108 4454; x_wconf 84' lang='lat' dir='ltr'>separato.</span> <span class='ocrx_word' id='word_1_281' title='bbox 1146 4387 1189 4441; x_wconf 90' lang='lat' dir='ltr'>Ib.</span> <span class='ocrx_word' id='word_1_282' title='bbox 1208 4389 1244 4439; x_wconf 84' lang='lat' dir='ltr'>ad</span> 
     </span>
    </p>
   </div>
   <div class='ocr_carea' id='block_1_5' title="bbox 152 4466 746 4608">
    <p class='ocr_par' dir='ltr' id='par_1_14' title="bbox 152 4466 746 4608">
     <span class='ocr_line' id='line_1_40' title="bbox 152 4466 746 4608; baseline 0.024 -26"><span class='ocrx_word' id='word_1_283' title='bbox 152 4472 196 4584; x_wconf 58' lang='lat' dir='ltr'>adi</span> <span class='ocrx_word' id='word_1_284' title='bbox 212 4473 266 4597; x_wconf 62' lang='lat' dir='ltr'>2i&#39;el</span> <span class='ocrx_word' id='word_1_285' title='bbox 283 4547 318 4598; x_wconf 88' lang='lat' dir='ltr'>ad</span> <span class='ocrx_word' id='word_1_286' title='bbox 336 4545 475 4597; x_wconf 79' lang='lat' dir='ltr'>sinistram</span> <span class='ocrx_word' id='word_1_287' title='bbox 494 4544 670 4608; x_wconf 81' lang='lat' dir='ltr'>Subdiacoui,</span> <span class='ocrx_word' id='word_1_288' title='bbox 722 4466 746 4518; x_wconf 39' lang='lat'>3.</span> 
     </span>
    </p>
   </div>
   <div class='ocr_carea' id='block_1_6' title="bbox 0 0 1406 4890">
    <p class='ocr_par' dir='ltr' id='par_1_15' title="bbox 0 0 1406 4890">
     <span class='ocr_line' id='line_1_41' title="bbox 0 0 1406 4890; baseline 0 3"><span class='ocrx_word' id='word_1_289' title='bbox 0 0 1406 4890; x_wconf 95' lang='lat' dir='ltr'> </span> 
     </span>
    </p>
   </div>
  </div>
 </body>
</html>
