<?xml version="1.0" encoding="UTF-8"?>
<!DOCTYPE html PUBLIC "-//W3C//DTD XHTML 1.0 Transitional//EN"
    "http://www.w3.org/TR/xhtml1/DTD/xhtml1-transitional.dtd">
<html xmlns="http://www.w3.org/1999/xhtml" xml:lang="en" lang="en">
 <head>
  <title>
</title>
<meta http-equiv="Content-Type" content="text/html;charset=utf-8" />
  <meta name='ocr-system' content='tesseract 3.04.00' />
  <meta name='ocr-capabilities' content='ocr_page ocr_carea ocr_par ocr_line ocrx_word'/>
</head>
<body>
  <div class='ocr_page' id='page_1' title='image "./compendiumsacra00wapegoog_0077.png"; bbox 0 0 2804 4890; ppageno 0'>
   <div class='ocr_carea' id='block_1_1' title="bbox 856 388 861 395">
    <p class='ocr_par' dir='ltr' id='par_1_1' title="bbox 856 388 861 395">
     <span class='ocr_line' id='line_1_1' title="bbox 856 388 861 395; baseline 0 0"><span class='ocrx_word' id='word_1_1' title='bbox 856 388 861 395; x_wconf 60' lang='grc' dir='ltr'>ι</span> 
     </span>
    </p>
   </div>
   <div class='ocr_carea' id='block_1_2' title="bbox 152 671 1114 760">
    <p class='ocr_par' dir='ltr' id='par_1_2' title="bbox 152 671 1114 760">
     <span class='ocr_line' id='line_1_2' title="bbox 152 671 1114 760; baseline 0.007 -15"><span class='ocrx_word' id='word_1_2' title='bbox 152 671 194 745; x_wconf 81' lang='lat' dir='ltr'>to</span> <span class='ocrx_word' id='word_1_3' title='bbox 277 684 331 748; x_wconf 86' lang='lat' dir='ltr'>nn</span> <span class='ocrx_word' id='word_1_4' title='bbox 353 684 592 760; x_wconf 79' lang='lat' dir='ltr'>onasusnnn</span> <span class='ocrx_word' id='word_1_5' title='bbox 615 687 812 748; x_wconf 80' lang='lat' dir='ltr'>mesiam</span> <span class='ocrx_word' id='word_1_6' title='bbox 835 689 1114 752; x_wconf 71' lang='lat' dir='ltr'>alamannam.</span> 
     </span>
    </p>
   </div>
   <div class='ocr_carea' id='block_1_3' title="bbox 99 862 1246 3380">
    <p class='ocr_par' dir='ltr' id='par_1_3' title="bbox 155 862 1243 944">
     <span class='ocr_line' id='line_1_3' title="bbox 155 862 1243 944; baseline 0.006 -19"><span class='ocrx_word' id='word_1_7' title='bbox 155 863 284 926; x_wconf 83' lang='lat' dir='ltr'><strong>Ordinis</strong></span> <span class='ocrx_word' id='word_1_8' title='bbox 301 884 358 944; x_wconf 91' lang='lat' dir='ltr'>pro</span> <span class='ocrx_word' id='word_1_9' title='bbox 376 863 415 924; x_wconf 92' lang='lat' dir='ltr'>iis</span> <span class='ocrx_word' id='word_1_10' title='bbox 434 862 550 938; x_wconf 89' lang='lat' dir='ltr'>Missis,</span> <span class='ocrx_word' id='word_1_11' title='bbox 569 882 644 944; x_wconf 90' lang='lat' dir='ltr'>quas</span> <span class='ocrx_word' id='word_1_12' title='bbox 663 864 835 927; x_wconf 90' lang='lat' dir='ltr'>secundum</span> <span class='ocrx_word' id='word_1_13' title='bbox 853 865 1095 930; x_wconf 77' lang='lat' dir='ltr'>constitutiones</span> <span class='ocrx_word' id='word_1_14' title='bbox 1115 867 1243 931; x_wconf 80' lang='lat' dir='ltr'>Ordinis</span> 
     </span>
    </p>

    <p class='ocr_par' dir='ltr' id='par_1_4' title="bbox 152 956 1244 1048">
     <span class='ocr_line' id='line_1_4' title="bbox 152 956 1244 1048; baseline 0.004 -27"><span class='ocrx_word' id='word_1_15' title='bbox 152 957 310 1021; x_wconf 88' lang='lat' dir='ltr'>celebrant</span> <span class='ocrx_word' id='word_1_16' title='bbox 330 976 386 1039; x_wconf 93' lang='lat' dir='ltr'>pro</span> <span class='ocrx_word' id='word_1_17' title='bbox 407 956 495 1020; x_wconf 91' lang='lat' dir='ltr'>obitu</span> <span class='ocrx_word' id='word_1_18' title='bbox 518 956 693 1048; x_wconf 78' lang='lat' dir='ltr'>Pontifieis,</span> <span class='ocrx_word' id='word_1_19' title='bbox 715 957 894 1021; x_wconf 88' lang='lat' dir='ltr'>Oardinalis</span> <span class='ocrx_word' id='word_1_20' title='bbox 915 959 1118 1036; x_wconf 89' lang='lat' dir='ltr'>Protectoris,</span> <span class='ocrx_word' id='word_1_21' title='bbox 1141 962 1244 1043; x_wconf 85' lang='lat' dir='ltr'>Regis,</span> 
     </span>
    </p>

    <p class='ocr_par' dir='ltr' id='par_1_5' title="bbox 99 1049 1246 1225">
     <span class='ocr_line' id='line_1_5' title="bbox 154 1049 1246 1132; baseline 0.005 -19"><span class='ocrx_word' id='word_1_22' title='bbox 154 1051 359 1132; x_wconf 88' lang='lat' dir='ltr'>Superiorum</span> <span class='ocrx_word' id='word_1_23' title='bbox 407 1051 564 1129; x_wconf 87' lang='lat' dir='ltr'>majorum</span> <span class='ocrx_word' id='word_1_24' title='bbox 613 1049 752 1127; x_wconf 84' lang='lat' dir='ltr'>Ordinis,</span> <span class='ocrx_word' id='word_1_25' title='bbox 799 1051 997 1132; x_wconf 87' lang='lat' dir='ltr'>singulorum</span> <span class='ocrx_word' id='word_1_26' title='bbox 1045 1055 1246 1118; x_wconf 85' lang='lat' dir='ltr'>confratrum</span> 
     </span>
     <span class='ocr_line' id='line_1_6' title="bbox 99 1145 545 1225; baseline -0.025 -11"><span class='ocrx_word' id='word_1_27' title='bbox 99 1206 103 1214; x_wconf 90' lang='lat'>.</span> <span class='ocrx_word' id='word_1_28' title='bbox 152 1165 319 1225; x_wconf 88' lang='lat' dir='ltr'>eorumque</span> <span class='ocrx_word' id='word_1_29' title='bbox 340 1145 545 1225; x_wconf 84' lang='lat' dir='ltr'>parentum.³⁸</span> 
     </span>
    </p>

    <p class='ocr_par' dir='ltr' id='par_1_6' title="bbox 152 1237 1245 1508">
     <span class='ocr_line' id='line_1_7' title="bbox 194 1237 1245 1325; baseline 0.004 -24"><span class='ocrx_word' id='word_1_30' title='bbox 194 1238 259 1302; x_wconf 94' lang='lat' dir='ltr'>III.</span> <span class='ocrx_word' id='word_1_31' title='bbox 285 1238 433 1302; x_wconf 81' lang='lat' dir='ltr'>Sacerdos</span> <span class='ocrx_word' id='word_1_32' title='bbox 463 1239 516 1319; x_wconf 94' lang='lat' dir='ltr'>qui</span> <span class='ocrx_word' id='word_1_33' title='bbox 546 1242 652 1300; x_wconf 88' lang='lat' dir='ltr'>actum</span> <span class='ocrx_word' id='word_1_34' title='bbox 680 1237 841 1302; x_wconf 89' lang='lat' dir='ltr'>heroicum</span> <span class='ocrx_word' id='word_1_35' title='bbox 870 1238 947 1302; x_wconf 85' lang='lat' dir='ltr'>iecit</span> <span class='ocrx_word' id='word_1_36' title='bbox 982 1239 1159 1319; x_wconf 83' lang='lat' dir='ltr'>(offerendo</span> <span class='ocrx_word' id='word_1_37' title='bbox 1189 1262 1245 1325; x_wconf 91' lang='lat' dir='ltr'>per</span> 
     </span>
     <span class='ocr_line' id='line_1_8' title="bbox 152 1332 1243 1414; baseline 0.002 -17"><span class='ocrx_word' id='word_1_38' title='bbox 152 1353 264 1397; x_wconf 90' lang='lat' dir='ltr'>manus</span> <span class='ocrx_word' id='word_1_39' title='bbox 281 1333 317 1394; x_wconf 90' lang='lat' dir='ltr'>B.</span> <span class='ocrx_word' id='word_1_40' title='bbox 336 1332 379 1393; x_wconf 91' lang='lat' dir='ltr'>M.</span> <span class='ocrx_word' id='word_1_41' title='bbox 398 1332 437 1392; x_wconf 89' lang='lat' dir='ltr'>V.</span> <span class='ocrx_word' id='word_1_42' title='bbox 456 1333 562 1393; x_wconf 92' lang='lat' dir='ltr'>omnia</span> <span class='ocrx_word' id='word_1_43' title='bbox 577 1332 690 1393; x_wconf 87' lang='lat' dir='ltr'>merita</span> <span class='ocrx_word' id='word_1_44' title='bbox 707 1332 918 1396; x_wconf 84' lang='lat' dir='ltr'>satisfactoria</span> <span class='ocrx_word' id='word_1_45' title='bbox 934 1353 991 1414; x_wconf 89' lang='lat' dir='ltr'>pro</span> <span class='ocrx_word' id='word_1_46' title='bbox 1009 1335 1174 1399; x_wconf 82' lang='lat' dir='ltr'>animabus</span> <span class='ocrx_word' id='word_1_47' title='bbox 1191 1337 1243 1399; x_wconf 78' lang='lat' dir='ltr'>de</span> 
     </span>
     <span class='ocr_line' id='line_1_9' title="bbox 152 1425 1159 1508; baseline 0.002 -19"><span class='ocrx_word' id='word_1_48' title='bbox 152 1427 351 1500; x_wconf 83' lang='lat' dir='ltr'>iunctorum)</span> <span class='ocrx_word' id='word_1_49' title='bbox 375 1425 491 1506; x_wconf 81' lang='lat' dir='ltr'>gaudet</span> <span class='ocrx_word' id='word_1_50' title='bbox 510 1425 649 1506; x_wconf 91' lang='lat' dir='ltr'>quotidie</span> <span class='ocrx_word' id='word_1_51' title='bbox 669 1425 834 1506; x_wconf 87' lang='lat' dir='ltr'>privilegio</span> <span class='ocrx_word' id='word_1_52' title='bbox 852 1425 973 1489; x_wconf 86' lang='lat' dir='ltr'>Altaris</span> <span class='ocrx_word' id='word_1_53' title='bbox 991 1428 1159 1508; x_wconf 88' lang='lat' dir='ltr'>personali.</span> 
     </span>
    </p>

    <p class='ocr_par' dir='ltr' id='par_1_7' title="bbox 150 1519 1244 2537">
     <span class='ocr_line' id='line_1_10' title="bbox 194 1519 1243 1604; baseline 0.004 -22"><span class='ocrx_word' id='word_1_54' title='bbox 194 1520 253 1583; x_wconf 90' lang='lat' dir='ltr'>IV.</span> <span class='ocrx_word' id='word_1_55' title='bbox 276 1521 347 1582; x_wconf 88' lang='lat' dir='ltr'>“Ad</span> <span class='ocrx_word' id='word_1_56' title='bbox 373 1519 493 1582; x_wconf 83' lang='lat' dir='ltr'>Altaria</span> <span class='ocrx_word' id='word_1_57' title='bbox 520 1520 722 1601; x_wconf 89' lang='lat' dir='ltr'>privilegiati,</span> <span class='ocrx_word' id='word_1_58' title='bbox 749 1521 831 1601; x_wconf 90' lang='lat' dir='ltr'>quod</span> <span class='ocrx_word' id='word_1_59' title='bbox 856 1526 977 1598; x_wconf 88' lang='lat' dir='ltr'>vocant,</span> <span class='ocrx_word' id='word_1_60' title='bbox 1003 1523 1243 1604; x_wconf 86' lang='lat' dir='ltr'>Indulgentiam</span> 
     </span>
     <span class='ocr_line' id='line_1_11' title="bbox 150 1613 1244 1698; baseline 0.004 -22"><span class='ocrx_word' id='word_1_61' title='bbox 150 1613 336 1678; x_wconf 90' lang='lat' dir='ltr'>lucrandam</span> <span class='ocrx_word' id='word_1_62' title='bbox 368 1634 432 1677; x_wconf 96' lang='lat' dir='ltr'>non</span> <span class='ocrx_word' id='word_1_63' title='bbox 466 1614 602 1695; x_wconf 90' lang='lat' dir='ltr'>amplius</span> <span class='ocrx_word' id='word_1_64' title='bbox 636 1615 753 1695; x_wconf 88' lang='lat' dir='ltr'>requiri</span> <span class='ocrx_word' id='word_1_65' title='bbox 788 1617 822 1677; x_wconf 93' lang='lat' dir='ltr'>in</span> <span class='ocrx_word' id='word_1_66' title='bbox 857 1622 1018 1698; x_wconf 88' lang='lat' dir='ltr'>posterum</span> <span class='ocrx_word' id='word_1_67' title='bbox 1052 1617 1110 1679; x_wconf 89' lang='lat' dir='ltr'>sub</span> <span class='ocrx_word' id='word_1_68' title='bbox 1144 1637 1244 1698; x_wconf 88' lang='lat' dir='ltr'>poena</span> 
     </span>
     <span class='ocr_line' id='line_1_12' title="bbox 151 1708 1242 1791; baseline 0.003 -21"><span class='ocrx_word' id='word_1_69' title='bbox 151 1708 310 1771; x_wconf 89' lang='lat' dir='ltr'>nullitatis</span> <span class='ocrx_word' id='word_1_70' title='bbox 340 1708 469 1769; x_wconf 85' lang='lat' dir='ltr'>Missam</span> <span class='ocrx_word' id='word_1_71' title='bbox 497 1708 534 1771; x_wconf 76' lang='lat' dir='ltr'>ale</span> <span class='ocrx_word' id='word_1_72' title='bbox 564 1709 669 1787; x_wconf 91' lang='lat' dir='ltr'>requie</span> <span class='ocrx_word' id='word_1_73' title='bbox 697 1713 753 1770; x_wconf 89' lang='lat' dir='ltr'>aut</span> <span class='ocrx_word' id='word_1_74' title='bbox 780 1709 818 1771; x_wconf 92' lang='lat' dir='ltr'>de</span> <span class='ocrx_word' id='word_1_75' title='bbox 847 1710 928 1773; x_wconf 82' lang='lat' dir='ltr'>seria</span> <span class='ocrx_word' id='word_1_76' title='bbox 956 1710 1003 1772; x_wconf 79' lang='lat' dir='ltr'>vel</span> <span class='ocrx_word' id='word_1_77' title='bbox 1032 1711 1142 1791; x_wconf 86' lang='lat' dir='ltr'>vigilia</span> <span class='ocrx_word' id='word_1_78' title='bbox 1171 1732 1242 1773; x_wconf 91' lang='lat' dir='ltr'>cum</span> 
     </span>
     <span class='ocr_line' id='line_1_13' title="bbox 153 1801 1243 1882; baseline 0 -17"><span class='ocrx_word' id='word_1_79' title='bbox 153 1802 303 1865; x_wconf 87' lang='lat' dir='ltr'>Oratione</span> <span class='ocrx_word' id='word_1_80' title='bbox 329 1801 472 1864; x_wconf 84' lang='lat' dir='ltr'>defuncti</span> <span class='ocrx_word' id='word_1_81' title='bbox 500 1802 626 1882; x_wconf 88' lang='lat' dir='ltr'>propria</span> <span class='ocrx_word' id='word_1_82' title='bbox 653 1802 820 1879; x_wconf 83' lang='lat' dir='ltr'>celebrari3</span> <span class='ocrx_word' id='word_1_83' title='bbox 847 1803 879 1864; x_wconf 92' lang='lat' dir='ltr'>id</span> <span class='ocrx_word' id='word_1_84' title='bbox 906 1807 1013 1866; x_wconf 86' lang='lat' dir='ltr'>tamen</span> <span class='ocrx_word' id='word_1_85' title='bbox 1040 1803 1243 1868; x_wconf 84' lang='lat' dir='ltr'>laudabiliter</span> 
     </span>
     <span class='ocr_line' id='line_1_14' title="bbox 150 1894 1242 1977; baseline 0.003 -20"><span class='ocrx_word' id='word_1_86' title='bbox 150 1895 230 1972; x_wconf 87' lang='lat' dir='ltr'>fieri,</span> <span class='ocrx_word' id='word_1_87' title='bbox 257 1915 328 1958; x_wconf 93' lang='lat' dir='ltr'>cum</span> <span class='ocrx_word' id='word_1_88' title='bbox 355 1894 428 1956; x_wconf 88' lang='lat' dir='ltr'>licet</span> <span class='ocrx_word' id='word_1_89' title='bbox 454 1915 490 1957; x_wconf 93' lang='lat' dir='ltr'>ac</span> <span class='ocrx_word' id='word_1_90' title='bbox 516 1895 614 1971; x_wconf 88' lang='lat' dir='ltr'>decet,</span> <span class='ocrx_word' id='word_1_91' title='bbox 640 1896 767 1975; x_wconf 88' lang='lat' dir='ltr'>pictatis</span> <span class='ocrx_word' id='word_1_92' title='bbox 793 1897 896 1977; x_wconf 84' lang='lat' dir='ltr'>gratia</span> <span class='ocrx_word' id='word_1_93' title='bbox 922 1917 996 1977; x_wconf 87' lang='lat' dir='ltr'>erga</span> <span class='ocrx_word' id='word_1_94' title='bbox 1023 1896 1242 1973; x_wconf 89' lang='lat' dir='ltr'>defunctum,&#39;’</span> 
     </span>
     <span class='ocr_line' id='line_1_15' title="bbox 153 1988 1241 2072; baseline 0.001 -21"><span class='ocrx_word' id='word_1_95' title='bbox 153 1990 230 2051; x_wconf 91' lang='lat' dir='ltr'>Pius</span> <span class='ocrx_word' id='word_1_96' title='bbox 254 1989 284 2050; x_wconf 90' lang='lat' dir='ltr'>X</span> <span class='ocrx_word' id='word_1_97' title='bbox 306 1988 464 2052; x_wconf 90' lang='lat' dir='ltr'>declarare</span> <span class='ocrx_word' id='word_1_98' title='bbox 486 1989 635 2068; x_wconf 84' lang='lat' dir='ltr'>dignatus</span> <span class='ocrx_word' id='word_1_99' title='bbox 657 1994 704 2052; x_wconf 89' lang='lat' dir='ltr'>est</span> <span class='ocrx_word' id='word_1_100' title='bbox 727 1992 775 2050; x_wconf 77' lang='lat'>20.</span> <span class='ocrx_word' id='word_1_101' title='bbox 801 1989 873 2052; x_wconf 86' lang='lat' dir='ltr'>Feb.</span> <span class='ocrx_word' id='word_1_102' title='bbox 899 1990 1018 2051; x_wconf 78' lang='lat'>1913.³⁹</span> <span class='ocrx_word' id='word_1_103' title='bbox 1061 1989 1123 2064; x_wconf 85' lang='lat' dir='ltr'>Qui</span> <span class='ocrx_word' id='word_1_104' title='bbox 1148 1992 1241 2072; x_wconf 85' lang='lat' dir='ltr'>“qua-</span> 
     </span>
     <span class='ocr_line' id='line_1_16' title="bbox 150 2081 1242 2164; baseline 0.002 -20"><span class='ocrx_word' id='word_1_105' title='bbox 150 2102 282 2164; x_wconf 91' lang='lat' dir='ltr'>cumque</span> <span class='ocrx_word' id='word_1_106' title='bbox 311 2083 431 2146; x_wconf 85' lang='lat' dir='ltr'>ratione</span> <span class='ocrx_word' id='word_1_107' title='bbox 460 2081 698 2162; x_wconf 88' lang='lat' dir='ltr'>Indulgentiam</span> <span class='ocrx_word' id='word_1_108' title='bbox 727 2082 847 2145; x_wconf 85' lang='lat' dir='ltr'>Altaris</span> <span class='ocrx_word' id='word_1_109' title='bbox 877 2083 1074 2163; x_wconf 81' lang='lat' dir='ltr'>Priuilegiati</span> <span class='ocrx_word' id='word_1_110' title='bbox 1103 2104 1167 2147; x_wconf 92' lang='lat' dir='ltr'>non</span> <span class='ocrx_word' id='word_1_111' title='bbox 1196 2085 1242 2146; x_wconf 93' lang='lat' dir='ltr'>lu·</span> 
     </span>
     <span class='ocr_line' id='line_1_17' title="bbox 150 2175 1241 2259; baseline 0.001 -20"><span class='ocrx_word' id='word_1_112' title='bbox 150 2180 266 2251; x_wconf 86' lang='lat' dir='ltr'>cratur,</span> <span class='ocrx_word' id='word_1_113' title='bbox 285 2196 348 2240; x_wconf 91' lang='lat' dir='ltr'>non</span> <span class='ocrx_word' id='word_1_114' title='bbox 366 2181 468 2257; x_wconf 87' lang='lat' dir='ltr'>potest</span> <span class='ocrx_word' id='word_1_115' title='bbox 485 2176 664 2239; x_wconf 85' lang='lat' dir='ltr'>satisfacere</span> <span class='ocrx_word' id='word_1_116' title='bbox 681 2175 868 2257; x_wconf 90' lang='lat' dir='ltr'>applicando</span> <span class='ocrx_word' id='word_1_117' title='bbox 886 2176 981 2239; x_wconf 90' lang='lat' dir='ltr'>aliam</span> <span class='ocrx_word' id='word_1_118' title='bbox 1002 2177 1241 2259; x_wconf 87' lang='lat' dir='ltr'>Indulgentiam</span> 
     </span>
     <span class='ocr_line' id='line_1_18' title="bbox 150 2268 1241 2351; baseline 0.002 -20"><span class='ocrx_word' id='word_1_119' title='bbox 150 2270 324 2350; x_wconf 87' lang='lat' dir='ltr'>plenariam</span> <span class='ocrx_word' id='word_1_120' title='bbox 341 2269 510 2344; x_wconf 72' lang='lat' dir='ltr'>defunctis</span> <span class='ocrx_word' id='word_1_121' title='bbox 527 2289 583 2350; x_wconf 93' lang='lat' dir='ltr'>pro</span> <span class='ocrx_word' id='word_1_122' title='bbox 600 2268 712 2348; x_wconf 91' lang='lat' dir='ltr'>quibus</span> <span class='ocrx_word' id='word_1_123' title='bbox 729 2270 768 2331; x_wconf 88' lang='lat' dir='ltr'>ad</span> <span class='ocrx_word' id='word_1_124' title='bbox 786 2269 895 2333; x_wconf 85' lang='lat' dir='ltr'>Altare</span> <span class='ocrx_word' id='word_1_125' title='bbox 911 2271 1147 2351; x_wconf 89' lang='lat' dir='ltr'>privilegiatum</span> <span class='ocrx_word' id='word_1_126' title='bbox 1166 2271 1241 2334; x_wconf 91' lang='lat' dir='ltr'>cele·</span> 
     </span>
     <span class='ocr_line' id='line_1_19' title="bbox 152 2362 1241 2444; baseline 0.001 -20"><span class='ocrx_word' id='word_1_127' title='bbox 152 2364 240 2427; x_wconf 90' lang='lat' dir='ltr'>brare</span> <span class='ocrx_word' id='word_1_128' title='bbox 253 2362 431 2424; x_wconf 87' lang='lat' dir='ltr'>debuerat.&#39;’</span> <span class='ocrx_word' id='word_1_129' title='bbox 459 2364 490 2425; x_wconf 88' lang='lat' dir='ltr'>S.</span> <span class='ocrx_word' id='word_1_130' title='bbox 505 2363 538 2425; x_wconf 88' lang='lat' dir='ltr'>C.</span> <span class='ocrx_word' id='word_1_131' title='bbox 552 2362 623 2423; x_wconf 89' lang='lat' dir='ltr'>Ind.</span> <span class='ocrx_word' id='word_1_132' title='bbox 638 2365 665 2423; x_wconf 78' lang='lat'>2.</span> <span class='ocrx_word' id='word_1_133' title='bbox 679 2362 770 2440; x_wconf 88' lang='lat' dir='ltr'>Maji‚</span> <span class='ocrx_word' id='word_1_134' title='bbox 785 2365 873 2425; x_wconf 79' lang='lat'>1852.</span> <span class='ocrx_word' id='word_1_135' title='bbox 902 2362 994 2425; x_wconf 92' lang='lat' dir='ltr'>Hanc</span> <span class='ocrx_word' id='word_1_136' title='bbox 1008 2366 1241 2444; x_wconf 90' lang='lat' dir='ltr'>responsionem</span> 
     </span>
     <span class='ocr_line' id='line_1_20' title="bbox 150 2456 1032 2537; baseline -0.002 -17"><span class='ocrx_word' id='word_1_137' title='bbox 150 2478 214 2520; x_wconf 91' lang='lat' dir='ltr'>esse</span> <span class='ocrx_word' id='word_1_138' title='bbox 232 2458 446 2520; x_wconf 78' lang='lat' dir='ltr'>authenticam</span> <span class='ocrx_word' id='word_1_139' title='bbox 466 2457 573 2518; x_wconf 87' lang='lat' dir='ltr'>cadem</span> <span class='ocrx_word' id='word_1_140' title='bbox 595 2456 803 2537; x_wconf 84' lang='lat' dir='ltr'>Congregatio</span> <span class='ocrx_word' id='word_1_141' title='bbox 824 2456 1032 2519; x_wconf 85' lang='lat' dir='ltr'>declaravit.⁴⁰</span> 
     </span>
    </p>

    <p class='ocr_par' dir='ltr' id='par_1_8' title="bbox 149 2549 1240 3083">
     <span class='ocr_line' id='line_1_21' title="bbox 193 2549 1239 2631; baseline 0.001 -19"><span class='ocrx_word' id='word_1_142' title='bbox 193 2550 233 2614; x_wconf 90' lang='lat' dir='ltr'>V.</span> <span class='ocrx_word' id='word_1_143' title='bbox 258 2550 404 2631; x_wconf 61' lang='lat' dir='ltr'>Triprfata</span> <span class='ocrx_word' id='word_1_144' title='bbox 427 2551 542 2612; x_wconf 80' lang='lat' dir='ltr'>Missae</span> <span class='ocrx_word' id='word_1_145' title='bbox 570 2549 776 2629; x_wconf 76' lang='lat' dir='ltr'>Oroporioaoc</span> <span class='ocrx_word' id='word_1_146' title='bbox 801 2549 949 2611; x_wconf 88' lang='lat' dir='ltr'>celebrari</span> <span class='ocrx_word' id='word_1_147' title='bbox 974 2550 1088 2611; x_wconf 88' lang='lat' dir='ltr'>debent</span> <span class='ocrx_word' id='word_1_148' title='bbox 1112 2553 1152 2612; x_wconf 87' lang='lat'>30</span> <span class='ocrx_word' id='word_1_149' title='bbox 1177 2551 1239 2614; x_wconf 80' lang='lat' dir='ltr'>die</span> 
     </span>
     <span class='ocr_line' id='line_1_22' title="bbox 149 2643 1240 2725; baseline -0.001 -19"><span class='ocrx_word' id='word_1_150' title='bbox 149 2644 206 2706; x_wconf 89' lang='lat' dir='ltr'>bus</span> <span class='ocrx_word' id='word_1_151' title='bbox 233 2645 392 2707; x_wconf 80' lang='lat' dir='ltr'>continnIs</span> <span class='ocrx_word' id='word_1_152' title='bbox 420 2645 486 2705; x_wconf 87' lang='lat' dir='ltr'>siue</span> <span class='ocrx_word' id='word_1_153' title='bbox 516 2644 755 2721; x_wconf 87' lang='lat' dir='ltr'>interruptione,</span> <span class='ocrx_word' id='word_1_154' title='bbox 784 2643 829 2705; x_wconf 87' lang='lat' dir='ltr'>ita</span> <span class='ocrx_word' id='word_1_155' title='bbox 856 2648 893 2706; x_wconf 89' lang='lat' dir='ltr'>ut</span> <span class='ocrx_word' id='word_1_156' title='bbox 920 2643 1027 2706; x_wconf 90' lang='lat' dir='ltr'>eadem</span> <span class='ocrx_word' id='word_1_157' title='bbox 1055 2643 1107 2706; x_wconf 92' lang='lat' dir='ltr'>die</span> <span class='ocrx_word' id='word_1_158' title='bbox 1136 2644 1240 2725; x_wconf 90' lang='lat' dir='ltr'>plnres</span> 
     </span>
     <span class='ocr_line' id='line_1_23' title="bbox 151 2735 1238 2817; baseline 0 -17"><span class='ocrx_word' id='word_1_159' title='bbox 151 2739 265 2800; x_wconf 89' lang='lat' dir='ltr'>Missae</span> <span class='ocrx_word' id='word_1_160' title='bbox 296 2737 358 2798; x_wconf 94' lang='lat' dir='ltr'>dici</span> <span class='ocrx_word' id='word_1_161' title='bbox 389 2741 553 2817; x_wconf 88' lang='lat' dir='ltr'>nequeant.</span> <span class='ocrx_word' id='word_1_162' title='bbox 599 2736 728 2810; x_wconf 85' lang='lat' dir='ltr'>Quoties</span> <span class='ocrx_word' id='word_1_163' title='bbox 760 2735 909 2798; x_wconf 79' lang='lat' dir='ltr'>Sacerdos</span> <span class='ocrx_word' id='word_1_164' title='bbox 939 2736 1078 2817; x_wconf 91' lang='lat' dir='ltr'>aliquam</span> <span class='ocrx_word' id='word_1_165' title='bbox 1109 2737 1238 2800; x_wconf 85' lang='lat' dir='ltr'>Missam</span> 
     </span>
     <span class='ocr_line' id='line_1_24' title="bbox 151 2829 1236 2911; baseline -0.003 -17"><span class='ocrx_word' id='word_1_166' title='bbox 151 2832 353 2894; x_wconf 83' lang='lat' dir='ltr'>tricenariam</span> <span class='ocrx_word' id='word_1_167' title='bbox 387 2832 487 2911; x_wconf 85' lang='lat' dir='ltr'>legero</span> <span class='ocrx_word' id='word_1_168' title='bbox 519 2850 582 2890; x_wconf 93' lang='lat' dir='ltr'>non</span> <span class='ocrx_word' id='word_1_169' title='bbox 615 2833 717 2910; x_wconf 87' lang='lat' dir='ltr'>potest</span> <span class='ocrx_word' id='word_1_170' title='bbox 749 2829 847 2891; x_wconf 87' lang='lat' dir='ltr'>aliurn</span> <span class='ocrx_word' id='word_1_171' title='bbox 880 2829 1069 2893; x_wconf 87' lang='lat' dir='ltr'>substituere</span> <span class='ocrx_word' id='word_1_172' title='bbox 1102 2836 1236 2894; x_wconf 83' lang='lat' dir='ltr'>tenetur.</span> 
     </span>
     <span class='ocr_line' id='line_1_25' title="bbox 151 2922 1240 3005; baseline -0.001 -18"><span class='ocrx_word' id='word_1_173' title='bbox 151 2925 268 2990; x_wconf 90' lang='lat' dir='ltr'>Diebus</span> <span class='ocrx_word' id='word_1_174' title='bbox 284 2946 345 2986; x_wconf 93' lang='lat' dir='ltr'>non</span> <span class='ocrx_word' id='word_1_175' title='bbox 363 2924 523 3004; x_wconf 91' lang='lat' dir='ltr'>impeditis</span> <span class='ocrx_word' id='word_1_176' title='bbox 540 2922 740 2985; x_wconf 81' lang='lat' dir='ltr'>laudabiIItcr</span> <span class='ocrx_word' id='word_1_177' title='bbox 757 2922 854 2984; x_wconf 87' lang='lat' dir='ltr'>Missa</span> <span class='ocrx_word' id='word_1_178' title='bbox 870 2923 908 2986; x_wconf 92' lang='lat' dir='ltr'>de</span> <span class='ocrx_word' id='word_1_179' title='bbox 925 2923 1042 3004; x_wconf 85' lang='lat' dir='ltr'>Requie</span> <span class='ocrx_word' id='word_1_180' title='bbox 1059 2923 1121 3004; x_wconf 83' lang='lat' dir='ltr'>legi</span> <span class='ocrx_word' id='word_1_181' title='bbox 1139 2929 1240 3005; x_wconf 89' lang='lat' dir='ltr'>potest</span> 
     </span>
     <span class='ocr_line' id='line_1_26' title="bbox 150 3018 421 3083; baseline -0.007 0"><span class='ocrx_word' id='word_1_182' title='bbox 150 3020 204 3083; x_wconf 91' lang='lat' dir='ltr'>sed</span> <span class='ocrx_word' id='word_1_183' title='bbox 218 3039 281 3082; x_wconf 95' lang='lat' dir='ltr'>non</span> <span class='ocrx_word' id='word_1_184' title='bbox 295 3018 421 3082; x_wconf 85' lang='lat' dir='ltr'>debet.⁴¹</span> 
     </span>
    </p>

    <p class='ocr_par' dir='ltr' id='par_1_9' title="bbox 149 3110 1239 3380">
     <span class='ocr_line' id='line_1_27' title="bbox 193 3110 1239 3193; baseline 0.001 -19"><span class='ocrx_word' id='word_1_185' title='bbox 193 3112 397 3192; x_wconf 85' lang='lat' dir='ltr'>Indulgentia</span> <span class='ocrx_word' id='word_1_186' title='bbox 423 3112 542 3174; x_wconf 90' lang='lat' dir='ltr'>Altaris</span> <span class='ocrx_word' id='word_1_187' title='bbox 569 3110 755 3191; x_wconf 83' lang='lat' dir='ltr'>regulariter</span> <span class='ocrx_word' id='word_1_188' title='bbox 781 3130 837 3191; x_wconf 90' lang='lat' dir='ltr'>pro</span> <span class='ocrx_word' id='word_1_189' title='bbox 863 3129 927 3172; x_wconf 92' lang='lat' dir='ltr'>una</span> <span class='ocrx_word' id='word_1_190' title='bbox 952 3111 1068 3187; x_wconf 91' lang='lat' dir='ltr'>anima,</span> <span class='ocrx_word' id='word_1_191' title='bbox 1093 3131 1159 3175; x_wconf 92' lang='lat' dir='ltr'>non</span> <span class='ocrx_word' id='word_1_192' title='bbox 1184 3132 1239 3193; x_wconf 93' lang='lat' dir='ltr'>pro</span> 
     </span>
     <span class='ocr_line' id='line_1_28' title="bbox 150 3203 1238 3287; baseline -0.001 -20"><span class='ocrx_word' id='word_1_193' title='bbox 150 3206 294 3287; x_wconf 87' lang='lat' dir='ltr'>pluribus</span> <span class='ocrx_word' id='word_1_194' title='bbox 337 3205 555 3269; x_wconf 81' lang='lat' dir='ltr'>conceditur⁴²</span> <span class='ocrx_word' id='word_1_195' title='bbox 598 3209 629 3266; x_wconf 88' lang='lat' dir='ltr'>et</span> <span class='ocrx_word' id='word_1_196' title='bbox 671 3203 781 3265; x_wconf 87' lang='lat' dir='ltr'>“debet</span> <span class='ocrx_word' id='word_1_197' title='bbox 824 3224 843 3265; x_wconf 90' lang='lat' dir='ltr'>a</span> <span class='ocrx_word' id='word_1_198' title='bbox 884 3203 1043 3268; x_wconf 85' lang='lat' dir='ltr'>sacerdote</span> <span class='ocrx_word' id='word_1_199' title='bbox 1086 3204 1238 3286; x_wconf 89' lang='lat' dir='ltr'>applicari</span> 
     </span>
     <span class='ocr_line' id='line_1_29' title="bbox 149 3295 789 3380; baseline -0.008 -17"><span class='ocrx_word' id='word_1_200' title='bbox 149 3301 273 3363; x_wconf 88' lang='lat' dir='ltr'>animae</span> <span class='ocrx_word' id='word_1_201' title='bbox 289 3318 345 3379; x_wconf 93' lang='lat' dir='ltr'>pro</span> <span class='ocrx_word' id='word_1_202' title='bbox 361 3317 422 3380; x_wconf 92' lang='lat' dir='ltr'>qua</span> <span class='ocrx_word' id='word_1_203' title='bbox 439 3298 568 3360; x_wconf 90' lang='lat' dir='ltr'>Missam</span> <span class='ocrx_word' id='word_1_204' title='bbox 585 3295 750 3359; x_wconf 87' lang='lat' dir='ltr'>celebrat.&#39;&#39;</span> <span class='ocrx_word' id='word_1_205' title='bbox 762 3297 789 3331; x_wconf 83' lang='lat'>⁴³</span> 
     </span>
    </p>
   </div>
   <div class='ocr_carea' id='block_1_4' title="bbox 591 3481 795 3553">
    <p class='ocr_par' dir='ltr' id='par_1_10' title="bbox 591 3481 795 3553">
     <span class='ocr_line' id='line_1_30' title="bbox 591 3481 795 3553; baseline 0.005 -1"><span class='ocrx_word' id='word_1_206' title='bbox 591 3482 704 3552; x_wconf 74' lang='grc' dir='ltr'><strong>ΛΒΤ.</strong></span> <span class='ocrx_word' id='word_1_207' title='bbox 731 3481 795 3553; x_wconf 93' lang='lat' dir='ltr'>IV.</span> 
     </span>
    </p>
   </div>
   <div class='ocr_carea' id='block_1_5' title="bbox 366 3631 1018 3686">
    <p class='ocr_par' dir='ltr' id='par_1_11' title="bbox 366 3631 1018 3686">
     <span class='ocr_line' id='line_1_31' title="bbox 366 3631 1018 3686; baseline -0.005 1"><span class='ocrx_word' id='word_1_208' title='bbox 366 3636 416 3686; x_wconf 80' lang='lat' dir='ltr'>DE</span> <span class='ocrx_word' id='word_1_209' title='bbox 444 3632 558 3685; x_wconf 82' lang='lat' dir='ltr'>Mlssn</span> <span class='ocrx_word' id='word_1_210' title='bbox 586 3632 629 3682; x_wconf 92' lang='lat' dir='ltr'>IN</span> <span class='ocrx_word' id='word_1_211' title='bbox 656 3631 803 3682; x_wconf 79' lang='lat' dir='ltr'>ALIENA</span> <span class='ocrx_word' id='word_1_212' title='bbox 830 3631 1018 3684; x_wconf 80' lang='lat' dir='ltr'>EOOLESIA.</span> 
     </span>
    </p>
   </div>
   <div class='ocr_carea' id='block_1_6' title="bbox 148 3745 1238 4120">
    <p class='ocr_par' dir='ltr' id='par_1_12' title="bbox 148 3745 1238 4120">
     <span class='ocr_line' id='line_1_32' title="bbox 190 3745 1237 3829; baseline -0.011 -9"><span class='ocrx_word' id='word_1_213' title='bbox 190 3755 240 3820; x_wconf 79' lang='grc'>39.</span> <span class='ocrx_word' id='word_1_214' title='bbox 264 3755 401 3817; x_wconf 89' lang='lat' dir='ltr'>“Omnes</span> <span class='ocrx_word' id='word_1_215' title='bbox 424 3756 456 3814; x_wconf 87' lang='lat' dir='ltr'>et</span> <span class='ocrx_word' id='word_1_216' title='bbox 480 3747 597 3829; x_wconf 85' lang='lat' dir='ltr'>singuli</span> <span class='ocrx_word' id='word_1_217' title='bbox 624 3745 815 3821; x_wconf 85' lang='lat' dir='ltr'>Sacerdotes,</span> <span class='ocrx_word' id='word_1_218' title='bbox 839 3750 905 3808; x_wconf 87' lang='lat' dir='ltr'>tarn</span> <span class='ocrx_word' id='word_1_219' title='bbox 932 3745 1122 3824; x_wconf 88' lang='lat' dir='ltr'>Saeculares,</span> <span class='ocrx_word' id='word_1_220' title='bbox 1145 3767 1237 3828; x_wconf 88' lang='lat' dir='ltr'>quarn</span> 
     </span>
     <span class='ocr_line' id='line_1_33' title="bbox 150 3839 1237 3932; baseline -0.011 -17"><span class='ocrx_word' id='word_1_221' title='bbox 150 3851 329 3932; x_wconf 75' lang='lat' dir='ltr'>Regularea</span> <span class='ocrx_word' id='word_1_222' title='bbox 351 3847 390 3908; x_wconf 91' lang='lat' dir='ltr'>ad</span> <span class='ocrx_word' id='word_1_223' title='bbox 414 3843 585 3906; x_wconf 85' lang='lat' dir='ltr'>Ecclesiam</span> <span class='ocrx_word' id='word_1_224' title='bbox 608 3839 800 3905; x_wconf 87' lang='lat' dir='ltr'>confluentes</span> <span class='ocrx_word' id='word_1_225' title='bbox 823 3840 869 3903; x_wconf 92' lang='lat' dir='ltr'>vel</span> <span class='ocrx_word' id='word_1_226' title='bbox 893 3841 932 3903; x_wconf 87' lang='lat' dir='ltr'>ad</span> <span class='ocrx_word' id='word_1_227' title='bbox 956 3840 1139 3904; x_wconf 91' lang='lat' dir='ltr'>Oratorium</span> <span class='ocrx_word' id='word_1_228' title='bbox 1163 3841 1237 3923; x_wconf 86' lang='lat' dir='ltr'>pub</span> 
     </span>
     <span class='ocr_line' id='line_1_34' title="bbox 150 3935 1237 4020; baseline -0.008 -13"><span class='ocrx_word' id='word_1_229' title='bbox 150 3947 256 4019; x_wconf 91' lang='lat' dir='ltr'>licum,</span> <span class='ocrx_word' id='word_1_230' title='bbox 286 3943 398 4004; x_wconf 89' lang='lat' dir='ltr'>Missas</span> <span class='ocrx_word' id='word_1_231' title='bbox 427 3958 524 4020; x_wconf 92' lang='lat' dir='ltr'>qnum</span> <span class='ocrx_word' id='word_1_232' title='bbox 556 3935 753 4010; x_wconf 87' lang='lat' dir='ltr'>Sanctorum,</span> <span class='ocrx_word' id='word_1_233' title='bbox 783 3939 851 3997; x_wconf 91' lang='lat' dir='ltr'>tum</span> <span class='ocrx_word' id='word_1_234' title='bbox 882 3935 1061 4010; x_wconf 89' lang='lat' dir='ltr'>Beatorum,</span> <span class='ocrx_word' id='word_1_235' title='bbox 1091 3936 1150 3998; x_wconf 90' lang='lat' dir='ltr'>etsi</span> <span class='ocrx_word' id='word_1_236' title='bbox 1181 3936 1237 3999; x_wconf 80' lang='lat' dir='ltr'>Re</span> 
     </span>
     <span class='ocr_line' id='line_1_35' title="bbox 148 4028 1238 4120; baseline -0.008 -19"><span class='ocrx_word' id='word_1_237' title='bbox 148 4038 309 4120; x_wconf 81' lang='lat' dir='ltr'>gularium</span> <span class='ocrx_word' id='word_1_238' title='bbox 323 4034 476 4116; x_wconf 85' lang='lat' dir='ltr'>proprias,</span> <span class='ocrx_word' id='word_1_239' title='bbox 491 4031 619 4094; x_wconf 90' lang='lat' dir='ltr'>omnino</span> <span class='ocrx_word' id='word_1_240' title='bbox 634 4028 790 4091; x_wconf 90' lang='lat' dir='ltr'>celebrent</span> <span class='ocrx_word' id='word_1_241' title='bbox 805 4028 912 4090; x_wconf 90' lang='lat' dir='ltr'>Officio</span> <span class='ocrx_word' id='word_1_242' title='bbox 927 4028 1066 4091; x_wconf 90' lang='lat' dir='ltr'>eiusdem</span> <span class='ocrx_word' id='word_1_243' title='bbox 1083 4029 1238 4093; x_wconf 87' lang='lat' dir='ltr'>Ecclesiae</span> 
     </span>
    </p>
   </div>
   <div class='ocr_carea' id='block_1_7' title="bbox 150 4167 1235 4552">
    <p class='ocr_par' dir='ltr' id='par_1_13' title="bbox 150 4167 1235 4552">
     <span class='ocr_line' id='line_1_36' title="bbox 184 4167 1190 4227; baseline -0.009 1"><span class='ocrx_word' id='word_1_244' title='bbox 184 4183 210 4218; x_wconf 79' lang='lat'>⁸⁸</span> <span class='ocrx_word' id='word_1_245' title='bbox 229 4174 369 4227; x_wconf 76' lang='lat' dir='ltr'>Benedici.</span> <span class='ocrx_word' id='word_1_246' title='bbox 394 4171 471 4223; x_wconf 88' lang='lat' dir='ltr'>XIV.</span> <span class='ocrx_word' id='word_1_247' title='bbox 497 4172 537 4221; x_wconf 89' lang='grc'>15.</span> <span class='ocrx_word' id='word_1_248' title='bbox 561 4167 617 4219; x_wconf 88' lang='lat' dir='ltr'>Jul.</span> <span class='ocrx_word' id='word_1_249' title='bbox 640 4169 668 4219; x_wconf 87' lang='lat' dir='ltr'>et</span> <span class='ocrx_word' id='word_1_250' title='bbox 756 4173 781 4207; x_wconf 83' lang='lat'>⁴⁰</span> <span class='ocrx_word' id='word_1_251' title='bbox 801 4167 828 4219; x_wconf 85' lang='lat' dir='ltr'>S.</span> <span class='ocrx_word' id='word_1_252' title='bbox 848 4167 875 4218; x_wconf 85' lang='lat' dir='ltr'>O.</span> <span class='ocrx_word' id='word_1_253' title='bbox 895 4167 956 4218; x_wconf 89' lang='lat' dir='ltr'>Ind.</span> <span class='ocrx_word' id='word_1_254' title='bbox 975 4168 1017 4218; x_wconf 80' lang='lat'>24.</span> <span class='ocrx_word' id='word_1_255' title='bbox 1036 4168 1093 4219; x_wconf 92' lang='lat' dir='ltr'>Jul.</span> <span class='ocrx_word' id='word_1_256' title='bbox 1114 4170 1190 4219; x_wconf 86' lang='grc'><strong>1885.</strong></span> 
     </span>
     <span class='ocr_line' id='line_1_37' title="bbox 150 4242 1235 4320; baseline -0.009 -14"><span class='ocrx_word' id='word_1_257' title='bbox 150 4256 191 4307; x_wconf 90' lang='grc'><strong>19.</strong></span> <span class='ocrx_word' id='word_1_258' title='bbox 212 4254 286 4320; x_wconf 86' lang='lat' dir='ltr'>Sept.</span> <span class='ocrx_word' id='word_1_259' title='bbox 309 4252 384 4313; x_wconf 79' lang='lat'>1742,</span> <span class='ocrx_word' id='word_1_260' title='bbox 403 4255 454 4301; x_wconf 87' lang='lat' dir='ltr'>etc.</span> <span class='ocrx_word' id='word_1_261' title='bbox 755 4243 829 4294; x_wconf 81' lang='lat'>⁴10.</span> <span class='ocrx_word' id='word_1_262' title='bbox 851 4243 877 4294; x_wconf 86' lang='lat' dir='ltr'>S.</span> <span class='ocrx_word' id='word_1_263' title='bbox 899 4243 973 4295; x_wconf 88' lang='lat' dir='ltr'>Offie.</span> <span class='ocrx_word' id='word_1_264' title='bbox 999 4242 1085 4306; x_wconf 85' lang='lat' dir='ltr'>(Sect.</span> <span class='ocrx_word' id='word_1_265' title='bbox 1107 4245 1140 4296; x_wconf 89' lang='lat' dir='ltr'>de</span> <span class='ocrx_word' id='word_1_266' title='bbox 1161 4243 1235 4306; x_wconf 73' lang='lat' dir='ltr'>Ino.)</span> 
     </span>
     <span class='ocr_line' id='line_1_38' title="bbox 184 4321 936 4387; baseline -0.016 -5"><span class='ocrx_word' id='word_1_267' title='bbox 184 4337 211 4372; x_wconf 77' lang='lat'>⁸⁰</span> <span class='ocrx_word' id='word_1_268' title='bbox 229 4330 258 4382; x_wconf 87' lang='lat' dir='ltr'>O.</span> <span class='ocrx_word' id='word_1_269' title='bbox 278 4329 306 4380; x_wconf 82' lang='lat' dir='ltr'>S.</span> <span class='ocrx_word' id='word_1_270' title='bbox 327 4327 401 4378; x_wconf 78' lang='lat' dir='ltr'>ome.</span> <span class='ocrx_word' id='word_1_271' title='bbox 427 4324 512 4387; x_wconf 84' lang='lat' dir='ltr'>(Sect.</span> <span class='ocrx_word' id='word_1_272' title='bbox 534 4324 567 4374; x_wconf 89' lang='lat' dir='ltr'>de</span> <span class='ocrx_word' id='word_1_273' title='bbox 588 4321 664 4379; x_wconf 73' lang='lat' dir='ltr'>ind.)</span> <span class='ocrx_word' id='word_1_274' title='bbox 722 4323 761 4371; x_wconf 83' lang='lat'>12.</span> <span class='ocrx_word' id='word_1_275' title='bbox 780 4321 842 4371; x_wconf 87' lang='lat' dir='ltr'>Dec.</span> <span class='ocrx_word' id='word_1_276' title='bbox 863 4321 936 4370; x_wconf 84' lang='lat'>1912.</span> 
     </span>
     <span class='ocr_line' id='line_1_39' title="bbox 151 4395 1205 4467; baseline -0.01 -8"><span class='ocrx_word' id='word_1_277' title='bbox 151 4406 367 4460; x_wconf 74' lang='lat' dir='ltr'>20.Feb.1913.</span> <span class='ocrx_word' id='word_1_278' title='bbox 388 4403 474 4467; x_wconf 79' lang='lat' dir='ltr'>(Acta</span> <span class='ocrx_word' id='word_1_279' title='bbox 488 4401 540 4466; x_wconf 84' lang='lat' dir='ltr'>Ap.</span> <span class='ocrx_word' id='word_1_280' title='bbox 556 4399 618 4450; x_wconf 85' lang='lat' dir='ltr'>Sed.</span> <span class='ocrx_word' id='word_1_281' title='bbox 635 4398 668 4448; x_wconf 91' lang='lat' dir='ltr'>V.</span> <span class='ocrx_word' id='word_1_282' title='bbox 755 4403 781 4435; x_wconf 78' lang='lat'>⁴²</span> <span class='ocrx_word' id='word_1_283' title='bbox 801 4398 872 4447; x_wconf 83' lang='lat' dir='ltr'>Acta</span> <span class='ocrx_word' id='word_1_284' title='bbox 893 4395 919 4447; x_wconf 83' lang='lat' dir='ltr'>S.</span> <span class='ocrx_word' id='word_1_285' title='bbox 939 4397 1019 4448; x_wconf 85' lang='lat' dir='ltr'>Sedls</span> <span class='ocrx_word' id='word_1_286' title='bbox 1040 4397 1124 4448; x_wconf 83' lang='lat' dir='ltr'>XIII.</span> <span class='ocrx_word' id='word_1_287' title='bbox 1148 4399 1205 4449; x_wconf 90' lang='grc'><strong>139.</strong></span> 
     </span>
     <span class='ocr_line' id='line_1_40' title="bbox 151 4472 1205 4552; baseline -0.012 -13"><span class='ocrx_word' id='word_1_288' title='bbox 151 4486 225 4552; x_wconf 80' lang='lat'>122.)</span> <span class='ocrx_word' id='word_1_289' title='bbox 755 4478 781 4512; x_wconf 84' lang='lat'>⁴³</span> <span class='ocrx_word' id='word_1_290' title='bbox 801 4472 827 4523; x_wconf 83' lang='lat' dir='ltr'>S.</span> <span class='ocrx_word' id='word_1_291' title='bbox 848 4472 877 4523; x_wconf 86' lang='lat' dir='ltr'>O.</span> <span class='ocrx_word' id='word_1_292' title='bbox 899 4473 959 4523; x_wconf 88' lang='lat' dir='ltr'>Ind.</span> <span class='ocrx_word' id='word_1_293' title='bbox 982 4473 1021 4523; x_wconf 83' lang='lat'>19.</span> <span class='ocrx_word' id='word_1_294' title='bbox 1042 4473 1106 4525; x_wconf 87' lang='lat' dir='ltr'>Dec.</span> <span class='ocrx_word' id='word_1_295' title='bbox 1130 4477 1205 4527; x_wconf 86' lang='grc'><strong>1885.</strong></span> 
     </span>
    </p>
   </div>
   <div class='ocr_carea' id='block_1_8' title="bbox 0 0 1406 4890">
    <p class='ocr_par' dir='ltr' id='par_1_14' title="bbox 0 0 1406 4890">
     <span class='ocr_line' id='line_1_41' title="bbox 0 0 1406 4890; baseline 0 1"><span class='ocrx_word' id='word_1_296' title='bbox 0 0 1406 4890; x_wconf 95' lang='lat' dir='ltr'> </span> 
     </span>
    </p>
   </div>
  </div>
 </body>
</html>
