2804 4890
168 735 232 803 332
508 745 563 801 DE
581 745 753 803 SABBA'PO
774 746 932 803 SANCTO.

173 920 213 984 ad
231 938 330 987 oornu
348 917 548 1003 Epistolae;''
568 921 616 983 vel
634 942 653 984 a
671 941 797 986 scamno
817 920 957 985 ascendit
975 942 1031 1004 per
1049 920 1167 1004 gradem
1186 922 1264 987 late

173 1013 262 1080 rales.
300 1011 372 1077 “Ibi
388 1013 454 1079 alta
469 1035 541 1079 voce
557 1015 635 1096 legit
651 1015 816 1079 duodecim
835 1016 1030 1097 Prophetias,
1048 1015 1214 1081 Oratione's
1231 1021 1264 1079 et

171 1111 305 1174 Tractus
325 1108 536 1191 genuflectens
557 1130 628 1173 curn
648 1110 803 1187 omnibus,
824 1110 902 1174 dum
921 1115 995 1174 ante
1015 1111 1192 1187 Orationes,
1212 1131 1265 1177 ex·

174 1205 264 1282 cepta
280 1200 405 1277 ultima,
424 1199 520 1265 dicit:
538 1201 717 1266 Flectomoa
735 1222 846 1283 peona,
866 1206 898 1264 et
916 1201 1047 1266 clericus
1066 1220 1197 1282 surgens
1216 1220 1264 1264 re·

174 1294 323 1376 spondet:
337 1295 484 1359 montel*

217 1389 246 1452 2.
269 1387 454 1471 “Completa
466 1387 580 1451 ultima
595 1389 755 1465 Oratione,
770 1388 937 1452 Celebrans
951 1387 1036 1452 facta
1049 1387 1166 1451 ibidem
1181 1407 1265 1451 reve·

174 1479 309 1558 rentia,'’
329 1482 349 1545 i.
370 1501 396 1544 e.
417 1481 632 1558 inclinatione,
653 1480 780 1557 “Ornet
800 1482 961 1546 descendit
980 1481 1021 1544 ad
1040 1480 1209 1544 scabellum
1231 1482 1265 1542 in

174 1574 269 1656 plano
286 1572 457 1655 EpistoIae,
474 1580 506 1639 et
523 1575 654 1655 deponit
671 1575 830 1655 planetam
848 1581 880 1638 et
897 1574 1105 1655 manipulum.
1152 1574 1186 1636 Si
1206 1573 1265 1635 Ec·

176 1666 269 1732 clesia
308 1667 454 1731 habuerit
494 1668 614 1732 iontem
656 1668 899 1749 baptismalem,⁵
942 1667 1108 1730 Celebrans
1150 1666 1266 1747 accipit

176 1759 313 1842 pluviale
329 1760 510 1825 violaceum.
550 1761 585 1823 Si
601 1767 707 1824 autem
724 1762 846 1824 fontem
861 1781 926 1826 non
942 1761 1045 1837 habet,
1061 1758 1182 1823 accedit
1198 1758 1267 1821 sine

175 1853 281 1918 casula
297 1859 371 1920 ante
388 1853 499 1918 Altare
516 1872 573 1936 pro
590 1854 737 1918 Litaniis.

483 2123 520 2190 B.
548 2123 594 2188 De
613 2125 790 2188 anetione
810 2124 956 2188 Solemni.

218 2312 290 2378 207.
311 2312 472 2379 Diaconos
497 2317 527 2380 et
551 2312 768 2377 Subdiocoous
793 2313 887 2376 simul
912 2335 984 2376 cum
1009 2312 1193 2378 celebrante
1218 2334 1267 2377 ac·

178 2408 295 2471 cedunt
314 2428 369 2489 per
387 2407 503 2487 gradus
524 2407 667 2470 laterales
687 2407 725 2468 ad
746 2427 842 2468 cornu
864 2407 1032 2487 Epistolae.
1078 2407 1170 2469 Infra
1191 2408 1267 2470 Pro-

178 2502 300 2583 phetias
326 2501 372 2563 vel
398 2501 531 2563 Tractus
556 2501 733 2562 consistunt
758 2521 776 2562 a
801 2500 919 2563 dextris
946 2500 1139 2562 Celebrantis
1165 2505 1200 2562 ut
1227 2500 1267 2561 ad

179 2594 371 2670 Introitum;
391 2594 430 2656 ad
452 2594 616 2656 Orationes
637 2614 708 2654 voro
728 2598 810 2654 retro
830 2598 900 2674 post
921 2593 1137 2657 Celebrantem
1158 2593 1206 2655 uti
1227 2592 1267 2654 ad

179 2687 344 2751 Orationes
362 2689 396 2749 in
414 2687 519 2748 Missa.
565 2687 641 2748 Post
661 2687 802 2758 Oramus,
821 2693 948 2766 excepto
967 2687 1090 2760 ultimo,
1110 2685 1269 2748 Diaconos

179 2786 301 2844 cantat:
314 2782 493 2844 Flectomoa
506 2800 619 2860 penam
631 2799 797 2859 omnesque
811 2779 1026 2859 genuflectunt
1040 2783 1167 2859 excepto
1181 2777 1268 2843 Cele-

179 2873 299 2948 brante,
315 2873 548 2936 subdiaconus:
564 2874 677 2936 Leonte
692 2893 859 2952 omnesque
873 2878 1017 2952 surgunt.

222 2966 543 3030 atiamentarius
572 2986 628 3046 pro
657 2986 777 3046 quoquo
808 2966 976 3046 Prophetis
1005 2967 1166 3030 Lectoram
1194 2984 1269 3027 cum

180 3060 384 3124 inclinatione
403 3060 528 3135 invitat,
548 3061 600 3140 qui
621 3059 715 3120 simul
736 3080 806 3121 cum
828 3059 882 3120 illo
902 3059 1043 3139 procedit
1061 3059 1101 3120 ad
1121 3057 1213 3139 legile
1234 3059 1270 3120 in

177 3153 281 3218 medio
304 3153 511 3234 Presbyterio,
536 3153 639 3234 ibique
662 3153 912 3234 genuflexionem
936 3154 974 3216 ad
1000 3152 1108 3215 Altare
1133 3157 1163 3214 et
1188 3171 1271 3214 reve-

176 3248 310 3310 rentiam
330 3246 370 3310 ad
388 3248 519 3309 chorum
539 3244 672 3321 iaciunt,
692 3251 722 3309 et
743 3245 855 3308 Lector
876 3246 1077 3325 Prophetiam
1099 3245 1269 3324 integram⁶

180 3344 286 3401 cantat
307 3338 452 3401 manibus
473 3339 511 3401 ad
534 3337 650 3400 librum
672 3337 841 3417 appositis;
863 3337 956 3398 simul
981 3336 1169 3398 “Celebrans
1191 3336 1270 3415 legit

179 3452 229 3496 eas
253 3431 406 3494 submissa
429 3430 531 3494 voce.''
543 3432 555 3465 ⁷

219 3524 342 3599 Lector,
359 3526 420 3587 nisi
436 3530 581 3587 cantetur
596 3526 739 3598 'Procius
756 3528 898 3603 expectat
913 3530 986 3585 ootc
1002 3523 1108 3602 Legile
1124 3530 1155 3586 et
1171 3542 1268 3602 genu·

179 3618 278 3682 flectit
292 3620 331 3681 ad
347 3620 526 3681 Flectomos
541 3639 653 3698 penaio.
669 3638 703 3678 ac
720 3619 838 3687 statim,
855 3616 990 3678 salutato
1008 3616 1109 3677 (thoro
1125 3621 1156 3676 et
1172 3615 1268 3675 comi-

180 3718 266 3774 tante
291 3711 552 3785 Caeremoniario‚
577 3711 753 3772 revertitur.

223 3805 458 3887 Thorifcroriua
474 3810 503 3869 ct
519 3804 655 3883 acolythi
670 3803 797 3865 stolmnt
814 3803 850 3863 ad
868 3802 1068 3864 credentiam.

212 3990 296 4042 ⁸Seu
315 3990 362 4053 jos
382 3989 551 4056 baptizandi.
748 3988 907 4039 celebrator.
951 3987 1147 4038 lleficientibus
1172 3989 1268 4040 Lecto·

212 4068 276 4118 θΙ).
298 4068 375 4118 3104.
397 4074 421 4119 8.
748 4067 824 4116 ribus
856 4064 1002 4115 Celebrana
1034 4079 1081 4116 eas
1112 4066 1172 4117 alta
1203 4080 1269 4118 vose

212 4144 408 4209 'Prophetiae
440 4144 532 4194 omitti
564 4145 605 4196 vel
639 4160 693 4194 mu·
748 4143 823 4208 legit.

177 4222 253 4274 tilari
287 4236 341 4272 non
375 4227 498 4287 possunt,
533 4221 580 4271 nbi
615 4221 694 4273 hodie
