2804 4890
547 680 601 735 DE
624 680 910 737 Pnocnssmn's.

557 865 593 928 D.
626 866 671 930 lle
691 868 900 931 Processione.

375 1013 398 1058 1.
420 1013 459 1058 nc
482 1013 676 1058 runorrous
698 1014 824 1071 assoon
846 1016 872 1061 s.
896 1015 1082 1062 umrsrms.

228 1121 297 1184 163.
317 1123 502 1204 “Corrrpleta
521 1123 691 1186 Oratione*
710 1129 779 1203 post
797 1124 998 1186 candelarum
1017 1125 1273 1190 distributionem

185 1217 373 1279 “Celebrans
390 1218 508 1279 accedit
525 1218 563 1279 ad
581 1218 720 1280 inedium
736 1217 866 1294 Altaria,
884 1219 988 1299 ibique
1005 1220 1120 1299 accipit
1135 1240 1153 1281 a
1171 1220 1273 1299 primo

185 1310 296 1374 elerico
313 1311 472 1374 candelam
491 1331 660 1386 accensam,
677 1317 708 1373 et
725 1313 883 1393 exemplar
901 1312 996 1392 hujus
1014 1313 1207 1377 Memorialis
1225 1313 1272 1375 rel

186 1405 310 1467 Rituale
326 1425 382 1486 pro
398 1406 591 1486 Antiplronis
608 1408 639 1467 in
657 1407 850 1485 processione
866 1407 1039 1470 cantandis.
1084 1407 1150 1469 Alii
1167 1408 1272 1470 cleriei

184 1499 331 1563 similiter
360 1499 520 1580 accipiunt
549 1499 693 1561 candelas
723 1520 865 1562 accensas
895 1506 925 1562 et
954 1501 1145 1581 exemplaria
1173 1503 1271 1582 hujus

185 1591 352 1654 ltitualis.''

226 1691 253 1748 2.
277 1688 466 1750 “Celebrans
480 1689 573 1751 vertit
588 1710 620 1750 se
634 1690 673 1751 ad
689 1689 842 1770 populum
855 1695 886 1753 et
900 1689 979 1752 dicit
987 1710 996 1765 ;
1012 1691 1222 1754 Procedomus
1236 1690 1270 1754 in

182 1802 267 1862 pose,
284 1785 316 1844 et
333 1782 437 1843 clerici
457 1782 662 1861 respondent:
680 1785 721 1845 ln
741 1784 867 1846 nentina
886 1782 1016 1847 Christi.
1035 1784 1148 1847 Arnen.
1185 1783 1272 1847 Cele-

180 1877 273 1938 brans
289 1878 402 1957 incipit
417 1878 547 1940 recitare
562 1878 637 1939 Ant.
653 1879 791 1949 Adonin,
807 1883 918 1951 ete.,ut
935 1879 1030 1954 infra,
1045 1887 1076 1944 et
1092 1881 1273 1943 alternatim

182 1989 254 2030 cum
274 1969 394 2031 clericis
415 1969 474 2031 sibi
494 1969 712 2031 assistentibus
732 1970 867 2049 reliquas
887 1969 1088 2051 Antiphonas
1108 1989 1270 2051 proseque-

184 2062 266 2124 tur.”
311 2064 345 2123 Si
363 2063 468 2124 adsint
486 2068 637 2138 cantores,
656 2063 715 2143 ipsi
735 2064 882 2126 intonant
900 2070 931 2126 et
948 2071 1190 2144 prosequuntur.

224 2160 253 2218 3.
275 2157 464 2235 “Responsa
481 2164 644 2236 utsupra:
660 2158 701 2218 In
718 2158 843 2220 nomine
861 2157 989 2220 Obrisli.
1019 2159 1132 2228 Anien,
1148 2160 1270 2238 primus

181 2250 311 2314 clericus
327 2251 442 2330 accipit
461 2253 592 2313 Crucem
609 2249 885 2331 processionalem3
902 2258 933 2314 et
952 2252 1037 2314 facta
1053 2251 1270 2331 genuflexione

181 2344 296 2420 Alteri,
310 2347 404 2407 vertit
416 2366 447 2406 so
461 2345 498 2406 ad
513 2345 676 2424 populum,
689 2349 721 2407 et
733 2344 883 2424 procedit,
895 2345 987 2423 juxta
1000 2344 1269 2420 consuetudinem,

181 2438 228 2500 rcl
241 2446 330 2500 extro
344 2439 525 2511 Ecclesiam,
541 2439 586 2500 rel
603 2439 688 2499 intus
702 2437 855 2511 eundern,¹
871 2443 902 2500 et
916 2438 1027 2517 dirigit
1041 2437 1269 2519 processionem

180 2539 372 2612 sarraponte
389 2533 509 2608 dextra,
524 2539 554 2594 et
571 2532 683 2593 circuit
698 2539 728 2596 et
746 2532 827 2593 redit
843 2538 916 2594 ante
932 2531 1073 2594 Altare.''

221 2630 250 2687 4.
275 2627 505 2706 “Sirbseqnilnr
546 2626 711 2688 Celebrans
750 2629 832 2688 tecto
870 2626 983 2706 capite,
1022 2625 1145 2687 medius
1185 2624 1269 2688 inter

180 2721 316 2792 clericos,
341 2720 476 2782 recitans
499 2720 680 2783 alternatim
703 2740 775 2782 curn
798 2718 863 2782 eis''
885 2719 952 2782 scil.
975 2720 1003 2782 si
1025 2719 1174 2782 deficiant
1196 2738 1268 2781 can·

181 2818 271 2888 tores,
299 2816 481 2894 “sequentes
509 2813 717 2894 Antiphonas,
746 2813 886 2876 redactas
913 2813 952 2876 ad
980 2832 1096 2889 versus,
1122 2817 1159 2875 ut
1185 2831 1268 2876 eom-

179 2908 303 2969 modius
316 2907 515 2970 cantentur.’'
825 2903 835 2925 ⁰

625 3001 819 3085 Antiphone.

223 3128 290 3192 164.
320 3131 372 3208 (1)
400 3130 530 3193 adorno
551 3131 720 3191 llcnlornunr
744 3136 833 3191 liccam
853 3130 942 3201 Sion,
961 3133 992 3192 et
1009 3129 1131 3211 suscipe
1149 3131 1267 3210 Repem

181 3224 359 3285 Clarisiurn:

225 3319 277 3396 (2)
305 3317 328 3377 l
339 3319 502 3398 nrplcciere
519 3316 665 3388 Marione,
682 3338 758 3398 princ
775 3323 820 3380 cst
837 3316 976 3379 ccelesiis
991 3321 1098 3397 porto:

225 3414 278 3485 (3)
309 3412 381 3491 Ipso
404 3412 485 3472 enirn
511 3414 616 3490 portat
640 3411 753 3490 Repenr
779 3408 895 3489 pieriae
918 3410 992 3472 nesi
1014 3407 1161 3472 lerninis:

226 3507 278 3577 (l)
307 3504 457 3565 aulicam
485 3503 589 3582 l'irpo,
610 3502 767 3565 adducens
791 3502 933 3566 manibus
953 3501 1073 3564 Filium
1095 3507 1167 3565 ante
1189 3502 1266 3565 luci·

177 3600 278 3678 fcrrnn
295 3600 455 3677 perlitum:

226 3696 277 3767 (5)
307 3693 402 3768 Quem
435 3691 589 3773 occipiens
620 3691 746 3753 Simeon
780 3692 812 3752 in
841 3691 933 3753 crinas
960 3709 1043 3761 suos,
1073 3689 1266 3771 praedicavit

177 3785 312 3866 populis.
336 3787 508 3849 Dominum.
533 3807 602 3849 erim
628 3806 691 3847 esse
716 3786 794 3851 siloe
819 3790 848 3847 et
873 3783 992 3855 inertia
1016 3788 1047 3847 et
1069 3784 1264 3847 Salvatorem

180 3880 298 3942 sinnicii.

578 3974 652 4035 alia
666 3974 861 4053 Aniiplrona.

225 4106 277 4177 (ll)
305 4103 496 4181 Responsura
530 4100 648 4181 acecpit
680 4099 806 4163 b'irncon
838 4121 856 4161 n
887 4098 1013 4180 Spiritu
1043 4100 1169 4169 Sonclo,
1201 4120 1265 4163 non

180 4195 315 4258 cisnrnnr
338 4218 369 4255 sc
392 4200 533 4267 mortem,
554 4195 615 4257 nisi
635 4193 751 4257 videret
773 4194 934 4256 Christum.
954 4192 1102 4255 Domini:

225 4292 277 4368 (7)
306 4290 347 4352 Ε(
369 4311 439 4352 cunr
461 4288 643 4350 inducerent
664 4309 794 4368 puerum
817 4287 847 4349 in
872 4289 1172 4369 lcmplnn1,occcpil
1193 4308 1263 4353 eum

179 4384 208 4447 in
231 4387 319 4448 rdnos
335 4405 416 4452 arcos,
435 4387 464 4445 et
482 4381 640 4445 benedicit
658 4382 770 4450 Dentri,
788 4386 818 4443 cl
837 4382 934 4443 dicit:

327 4513 334 4543 ι
358 4504 453 4560 Potius
485 4503 560 4555 intus
591 4502 724 4564 ambitum
757 4502 902 4565 Ecclesiae.
938 4498 1111 4561 Martinucci.
