2804 4890
180 620 242 687 236
379 629 433 689 nn
456 632 584 689 ssusu
606 632 791 688 arrasam
815 635 864 686 nr
887 631 1073 689 mrsrlco.

183 802 265 866 nulli
289 803 467 884 subjectum
489 803 582 866 habet
604 802 840 866 dominium.’'¹⁰
887 803 996 877 Quoad
1020 803 1125 865 “solus
1147 802 1275 866 Altissi-

180 896 271 960 mus''
287 897 328 964 af.
347 896 461 978 Ephes.
481 901 510 974 1,
528 898 605 959 20.ιι

226 987 374 1068 Hymnus
394 987 554 1069 angelicus
573 987 611 1050 ob
631 986 734 1050 laudis
753 986 995 1050 exsultationem
1014 991 1046 1052 et
1064 986 1222 1051 laetitiam
1241 987 1274 1048 in

184 1083 291 1147 Missis
315 1084 528 1164 poenitentiae
553 1088 585 1145 et
610 1082 714 1144 luctus
740 1087 833 1163 atque
860 1083 894 1144 in
920 1082 1010 1146 feriis
1034 1086 1124 1147 extra
1149 1085 1275 1164 tempus

182 1176 326 1259 paschale
342 1177 564 1241 convenienter
579 1176 749 1240 omittitur.

225 1395 295 1460 136.
317 1393 458 1460 (tellecta
478 1395 687 1478 (=collectio,
702 1416 811 1477 graece
825 1396 968 1476 cydaris)
988 1395 1150 1461 derivatur
1164 1417 1202 1459 ex
1217 1415 1272 1458 an·

181 1491 271 1571 tiquo
284 1511 343 1553 usu
359 1491 578 1566 Stationum,¹²
594 1491 640 1554 vel
654 1513 691 1555 ex
705 1514 750 1567 eo,
764 1493 867 1571 “quod
883 1492 1043 1568 Sacerdos,
1057 1493 1111 1573 qui
1126 1493 1274 1572 fungitur

183 1584 223 1648 ad
238 1584 340 1648 Deum
355 1585 510 1665 legatione
524 1606 581 1667 pro
596 1586 722 1666 populo,
737 1587 904 1666 petitiones
920 1587 1063 1648 omnium
1078 1587 1112 1648 in
1127 1588 1171 1649 eis
1187 1586 1273 1649 colli-

182 1682 237 1759 gat
249 1682 280 1742 et
294 1678 519 1742 concludat.’'¹³
556 1679 744 1759 Plerumque
759 1681 903 1742 consistit
917 1684 1061 1760 quatuor,
1077 1701 1156 1761 resp.
1172 1680 1274 1741 tribus

180 1771 324 1852 partibus
349 1772 459 1835 saltem
487 1772 651 1853 implicitis
685 1774 792 1852 (juxta
820 1777 836 1834 1
865 1775 947 1836 Tim.
976 1777 1005 1849 2,
1034 1775 1091 1851 1):
1119 1774 1274 1837 “Obsecro

188 1912 195 1926 .
225 1913 232 1926 .
256 1864 323 1926 fieri
341 1865 576 1941 obsecrationes,
594 1866 759 1939 orationes,
777 1866 1013 1946 postulationes,
1031 1867 1207 1946 gratiarum
1224 1886 1272 1927 ar-

181 1956 322 2022 tiones:''
350 1959 400 2038 (a)
427 1959 568 2023 oratione
589 1978 642 2022 seu
666 1959 836 2022 elevatione
858 1960 973 2021 mentis
995 1959 1035 2021 ad
1059 1959 1172 2033 Deum,
1194 1980 1220 2022 e.
1242 1980 1271 2040 g.

182 2050 380 2133 omnipotens
396 2057 427 2117 et
442 2052 617 2115 misericors
633 2053 727 2124 Deua,
743 2053 790 2117 vel
806 2052 941 2115 Domine
957 2052 1062 2125 Deua·
1084 2054 1135 2132 (b)
1156 2054 1273 2134 gratia·

182 2165 254 2208 rum
271 2147 403 2223 actione,
421 2146 485 2211 sive
502 2167 559 2228 pro
576 2148 724 2227 mysterio
742 2147 811 2225 ejus
829 2147 908 2222 diei,
921 2166 946 2210 e.
964 2167 994 2228 g.
1014 2147 1069 2229 qui
1087 2147 1181 2210 cordo
1198 2146 1273 2226 fide·

183 2238 262 2302 lium
280 2239 313 2303 S.
332 2240 473 2322 Spiritus
490 2246 559 2315 etc,
577 2242 640 2304 sive
658 2261 714 2321 pro
730 2240 831 2322 gloria
848 2241 894 2304 vel
913 2241 1019 2322 aliqua
1035 2242 1138 2322 gratia
1157 2241 1274 2305 Sancto

182 2333 305 2411 collata,
319 2336 365 2398 vel
380 2336 450 2414 ejus
465 2336 685 2399 intercessione
699 2336 787 2398 nobis
802 2356 961 2403 concessa:
983 2335 1031 2413 (c)
1051 2335 1273 2416 postulatione,

179 2447 291 2509 nempe
307 2429 460 2501 beneficii,
477 2429 562 2503 doni,
579 2450 604 2491 e.
621 2449 651 2510 g.
669 2429 841 2504 charitatis,
858 2429 1061 2504 humilitatis,
1078 2429 1274 2492 liberationis

179 2521 311 2583 amalis
339 2523 496 2600 (concede,
520 2527 654 2601 praesta,
677 2522 751 2597 etc.)
778 2521 901 2599 adjecta
926 2521 1035 2584 Sancti
1059 2522 1273 2596 invocatione3

185 2612 239 2691 (d)
273 2613 483 2676 obsecratione
512 2614 575 2676 Per
602 2613 776 2674 Dominum
804 2616 958 2684 nostrum,
986 2617 1043 2676 etc.
1095 2613 1180 2688 Quae
1210 2619 1273 2676 tres

182 2712 287 2785 partes
303 2705 424 2769 diverso
441 2726 530 2786 saepe
546 2705 656 2767 ordine
673 2707 705 2766 in
724 2705 870 2768 Collectis
887 2711 1058 2785 ponuntur,
1076 2727 1101 2769 e.
1119 2727 1148 2787 g.
1167 2710 1272 2786 postu-

182 2798 259 2863 latio
276 2799 451 2879 gratiarnm
469 2799 585 2861 actioni
605 2798 762 2878 praecedit
785 2798 852 2877 (Da
868 2799 968 2871 nobis,
987 2819 1183 2880 quaesumus,
1202 2797 1272 2860 imi-

181 2893 242 2956 tari
261 2891 345 2972 quod
364 2890 504 2963 rotimus,
523 2893 613 2972 etc).

224 2981 419 3059 aepistola
470 2983 653 3063 plerumque
685 3003 722 3045 ex
754 2983 987 3063 Apostolorum,
1019 2984 1203 3064 praesertim
1238 2984 1270 3047 S.

183 3076 274 3140 Pauli
295 3076 470 3156 desumpta,
489 3077 573 3140 unde
592 3077 720 3139 “Lectio
739 3097 775 3138 cr
793 3076 964 3157 Apostolo'’
983 3078 1029 3140 uel
1050 3076 1271 3158 “Apostolus''

182 3170 240 3232 Uti
260 3168 422 3232 Israelitae
441 3170 576 3231 sabbatis
596 3169 759 3232 lectionem
780 3190 817 3232 ex
837 3170 924 3231 libris
945 3170 1062 3249 Moysis
1081 3175 1113 3233 et
1134 3171 1270 3251 Prophe-

182 3269 286 3327 tarum
325 3263 578 3344 praemittebant,
618 3265 663 3325 ita
700 3263 738 3324 ab
777 3262 1000 3342 Apostolorum
1040 3264 1232 3344 temporibus
1246 3266 1270 3298 ¹⁴

183 3357 299 3432 fideles,
326 3356 471 3437 dispositi
499 3377 555 3438 per
581 3357 721 3437 praevias
749 3356 914 3430 orationes,
942 3357 1075 3418 lectione
1104 3357 1135 3419 S.
1166 3356 1270 3438 Scrip-

181 3455 271 3515 turae
291 3452 528 3513 instruebantur
545 3455 577 3513 et
596 3450 863 3531 praeparabantur
881 3451 918 3511 ad
943 3450 1150 3523 Sacrificium,
1169 3452 1271 3531 primo

184 3545 413 3625 Prophetarum
446 3552 476 3608 et
509 3543 731 3623 Apostolorum
762 3563 843 3611 socc,
876 3542 988 3604 ‹lcinde
1019 3543 1118 3623 ipsius
1151 3543 1267 3603 Christi

183 3639 327 3719 Magistri
354 3659 410 3720 per
434 3638 679 3718 Evangelium.¹⁵
728 3636 846 3697 Sericm
872 3636 1087 3715 Epistolarum
1112 3642 1143 3699 et
1170 3637 1270 3697 Evan-

182 3735 336 3814 geliorum
356 3753 411 3814 per
431 3733 508 3795 anni
528 3731 720 3794 curriculum
743 3730 774 3792 S.
799 3730 1011 3808 Hieronymus
1032 3731 1219 3793 auctoritate
1240 3736 1271 3793 et

185 3828 333 3889 mandato
367 3826 399 3889 S.
432 3826 559 3887 Damasi
593 3823 759 3885 ordinavit.
814 3823 862 3883 Ex
894 3822 983 3884 libris
1016 3823 1267 3896 Proverbiorum,

183 3922 394 3993 Ecclesiastes,
419 3919 609 3999 Sapientiae,
632 3917 754 3979 Cantici
780 3917 983 3979 Canticorum
1006 3921 1038 3980 et
1060 3916 1269 3978 Ecclesiastici

181 4014 384 4096 depromptae
408 4013 557 4092 leguntur
581 4010 675 4074 titulo
699 4009 806 4074 Lectio
832 4009 905 4072 libri
928 4010 1269 4091 Sapientiae-Aptis-

181 4110 260 4171 sime
274 4107 481 4188 respondetur
495 4107 528 4168 in
543 4105 606 4167 fine
621 4104 687 4168 Deo
703 4102 829 4184 oratius.
874 4103 979 4177 “Quid
994 4108 1040 4166 est
1056 4123 1079 4164 s.
1097 4102 1270 4182 Scriptura,

216 4307 242 4342 ¹⁰
260 4301 340 4352 Dion.
362 4299 453 4351 Carth.
789 4303 814 4335 ¹³
833 4297 877 4347 Cf.
896 4300 909 4348 l
926 4297 984 4347 Cor.
1004 4299 1044 4360 14,
1061 4299 1101 4347 26.

217 4385 241 4417 ¹¹
262 4377 355 4428 Innoc.
373 4376 429 4426 III.
791 4379 816 4411 1⁴
836 4374 905 4423 l'ida
929 4388 1020 4438 supra,
1043 4388 1069 4423 n.
1096 4374 1153 4437 134,
1179 4375 1201 4423 1.

217 4459 243 4496 ²⁸
262 4453 306 4506 Cf.
329 4453 404 4517 (libr,
427 4451 590 4517 Messopter.
789 4457 814 4489 ¹⁵
834 4449 860 4500 S.
881 4451 1005 4501 Thomas.
