2804 4890
151 681 205 737 DE
223 681 408 738 PATRONO
429 681 481 736 ET
498 680 689 736 TITULARI
709 678 929 736 ECCLESIAE
950 675 1158 733 PROPRIAE.
1181 665 1241 728 393

541 1369 732 1447 CAPUT
759 1367 846 1447 III.

270 1560 328 1617 DE
354 1559 538 1619 obruens
563 1560 648 1616 VEL
674 1560 818 1618 FESTIS
845 1557 1128 1617 SPECIALIBUS.

553 1770 557 1777 ’
610 1773 725 1845 ΛΒΤ.
751 1774 781 1845 Ι.

221 1965 271 2015 DE
289 1965 465 2018 Parsouo
484 1968 531 2017 ET
550 1967 731 2017 TITULARI
751 1965 956 2017 ECCLESIAE
976 1964 1172 2017 PROPRIAE.

188 2135 259 2200 248.
295 2139 470 2201 “Titularis
495 2140 661 2214 Ecclesiae,
685 2142 738 2219 qui
763 2140 859 2203 etiam
883 2138 1035 2220 appellari
1059 2138 1243 2219 quandoque

153 2231 231 2295 solet
254 2231 411 2295 Patronus
435 2233 600 2306 Ecclesiae,
624 2233 833 2313 distinguitur
856 2253 873 2294 a
898 2233 1035 2295 Patrono
1057 2232 1143 2307 Loci,
1165 2237 1243 2313 puts

155 2321 312 2399 Civitatis,
328 2323 523 2399 Provinciae,
540 2325 639 2403 Regni
655 2332 712 2387 ete.
729 2324 883 2386 Titularis
898 2325 994 2400 enirn,
1009 2325 1073 2386 sive
1089 2322 1246 2384 Patronus

155 2415 309 2479 Ecclesiae
326 2419 353 2479 is
367 2418 486 2480 dicitur
501 2418 557 2479 sub
574 2420 665 2497 cujus
682 2420 819 2493 nomine,
835 2438 888 2480 seu
906 2417 1001 2482 titulo
1015 2417 1155 2482 Ecclesia
1170 2418 1243 2480 fun·

155 2507 228 2572 data
246 2512 303 2584 est,
323 2515 354 2571 et
373 2530 391 2571 a
411 2530 472 2590 quo
492 2509 678 2590 appellatur.
720 2511 879 2573 Patronus
900 2514 1005 2572 autem
1023 2510 1099 2572 Loci
1121 2509 1246 2589 proprie

155 2601 182 2662 is
199 2606 256 2677 est,
275 2621 367 2681 quem
386 2608 471 2664 certa
490 2602 620 2678 Civitas,
640 2602 807 2678 Dioecesis,
827 2603 1004 2678 Provincia,
1024 2603 1167 2683 Regnum
1187 2605 1244 2664 etc.

153 2694 212 2756 sibi
229 2694 346 2775 delegit
365 2695 449 2759 velut
467 2696 658 2775 singularem
677 2696 716 2759 ad
735 2696 838 2760 Deum
858 2697 1042 2772 Patronum,
1060 2697 1190 2758 servatis
1208 2697 1241 2758 in

153 2787 307 2865 ejusmodi
329 2787 478 2851 electione
499 2788 615 2869 regulis
638 2791 669 2850 in
691 2789 823 2853 Decreto
843 2809 893 2852 sa:
915 2810 980 2851 me:
1001 2789 1123 2852 Urbani
1145 2789 1241 2851 VIII.

72 2878 80 2889 '
154 2879 217 2942 diei
242 2883 281 2940 23
309 2880 429 2953 Martii,
457 2885 546 2955 1630,
572 2881 744 2944 statutis.'’1
793 2882 950 2946 Patronus
976 2883 1075 2962 igitur
1104 2881 1243 2962 [praeter

154 2992 259 3033 casum
295 2973 437 3052 specialis
474 2974 591 3037 indulti
628 2974 753 3054 Apost.]
793 2975 894 3037 valide
929 2996 992 3037 non
1027 2976 1242 3043 constituitur.

154 3065 216 3126 nisi
233 3065 382 3128 electione
400 3066 507 3146 populi
526 3088 597 3128 cum
615 3087 757 3146 expresso
774 3087 925 3130 consensu
946 3068 1091 3149 Episcopi
1109 3073 1139 3130 et
1158 3068 1242 3131 Cleri

154 3175 275 3219 necnon
295 3157 517 3236 approbatione
540 3158 570 3219 S.
595 3159 629 3220 R.
652 3158 920 3239 Congregationis.

196 3253 223 3310 2.
256 3250 317 3311 “In
341 3251 500 3330 quibusvis
523 3251 670 3313 Ecclesiis
694 3253 888 3333 publicisque
912 3253 1076 3323 Oratoriis,
1100 3254 1145 3317 vel
1171 3274 1241 3316 con·

153 3345 280 3404 serratis
301 3344 348 3405 vel
368 3344 478 3406 saltem
500 3344 680 3407 solemniter
700 3346 881 3419 benedictis,
903 3347 1068 3408 relativum
1088 3346 1242 3408 Titularis

155 3435 283 3497 Festum
310 3437 477 3515 quotannis
503 3442 549 3500 est
577 3438 775 3499 recolendum
802 3438 859 3499 sub
886 3438 949 3499 ritu
976 3439 1095 3518 duplici
1123 3440 1242 3519 primae

153 3526 259 3590 classis
275 3548 346 3590 cum
363 3533 494 3591 octava²
518 3578 524 3590 .
549 3578 555 3591 .
581 3530 642 3591 Pro
661 3530 807 3592 Ecclesiis
823 3536 855 3592 et
871 3530 1025 3591 Oratoriis
1042 3531 1185 3610 publicis.
1202 3531 1241 3593 ad

153 3618 297 3681 effectum
317 3620 492 3683 celebrandi
514 3620 705 3683 Titularium
731 3623 830 3696 Festa,
851 3622 921 3683 illae
940 3640 1043 3682 sacrae
1062 3621 1151 3682 aedes
1170 3626 1244 3682 sunt

154 3711 387 3792 intelligendae,
419 3734 497 3793 quae
529 3735 585 3794 pro
618 3712 724 3775 Missis
754 3713 946 3775 celebrandis
977 3715 1132 3794 sacrisque
1162 3713 1243 3779 aliis.

151 3806 247 3868 etiam
274 3805 523 3881 solemnioribus,
549 3806 765 3868 functionibus
790 3807 975 3887 peragendis
1001 3809 1038 3870 ab
1066 3807 1243 3869 Ordinariia

152 3898 290 3962 locorum
316 3900 500 3975 destinatae,
526 3900 572 3962 vel
598 3904 818 3962 consecrantur
842 3900 889 3962 vel
915 3898 1096 3962 solemniter
1120 3898 1244 3964 benedi-

152 3996 278 4066 cuntur,
301 3996 336 4054 ut
359 3991 484 4072 publico
509 3991 650 4054 fidelium
674 3993 744 4053 usui
768 3992 864 4055 libere
885 3992 956 4073 plus
979 3994 1121 4055 minusve
1143 3992 1243 4054 deser-

152 4085 248 4147 viant.
295 4085 427 4148 Relativi
451 4085 606 4146 Titularis
630 4086 756 4147 Festum
780 4106 797 4147 a
821 4090 886 4149 toto
908 4085 999 4147 clero
1026 4085 1092 4163 (cui
1116 4085 1244 4149 “eadem

154 4176 292 4241 Ecclesia
317 4178 525 4259 proprisset,
549 4182 604 4240 aut
630 4178 750 4240 ratione
773 4177 925 4253 beneficii,
950 4183 1005 4241 aut
1029 4179 1150 4241 ratione
1175 4179 1244 4239 sub·

152 4270 366 4351 iectionis''³),
384 4275 409 4336 si
426 4271 577 4344 extiterit,
594 4274 640 4336 rel
657 4293 674 4334 a
692 4270 856 4334 Sacerdote
874 4271 1002 4335 Rectore
1021 4271 1176 4337 Ecclesiae
1190 4276 1245 4335 aut

187 4422 243 4474 ιι).
260 4425 337 4474 eoas.
760 4424 815 4476 sn.
840 4425 864 4477 a.
889 4425 946 4478 ru.
971 4426 1047 4494 ress,
1070 4443 1097 4481 n.
1121 4427 1237 4482 esaar

187 4499 253 4552 aar.
272 4500 300 4552 c.
321 4499 362 4551 rr.
380 4500 453 4551 aaa
473 4500 513 4551 rr.
533 4516 558 4552 n.
579 4501 638 4552 aaa.
