<?xml version="1.0" encoding="UTF-8"?>
<!DOCTYPE html PUBLIC "-//W3C//DTD XHTML 1.0 Transitional//EN"
    "http://www.w3.org/TR/xhtml1/DTD/xhtml1-transitional.dtd">
<html xmlns="http://www.w3.org/1999/xhtml" xml:lang="en" lang="en">
 <head>
  <title>
</title>
<meta http-equiv="Content-Type" content="text/html;charset=utf-8" />
  <meta name='ocr-system' content='tesseract 3.04.00' />
  <meta name='ocr-capabilities' content='ocr_page ocr_carea ocr_par ocr_line ocrx_word'/>
</head>
<body>
  <div class='ocr_page' id='page_1' title='image "./compendiumsacra00wapegoog_0435.png"; bbox 0 0 2804 4890; ppageno 0'>
   <div class='ocr_carea' id='block_1_1' title="bbox 169 637 996 705">
    <p class='ocr_par' dir='ltr' id='par_1_1' title="bbox 169 637 996 705">
     <span class='ocr_line' id='line_1_1' title="bbox 169 637 996 705; baseline 0.006 -5"><span class='ocrx_word' id='word_1_1' title='bbox 169 637 231 700; x_wconf 79' lang='lat'>418</span> <span class='ocrx_word' id='word_1_2' title='bbox 440 646 494 701; x_wconf 80' lang='lat' dir='ltr'>Da</span> <span class='ocrx_word' id='word_1_3' title='bbox 513 644 707 705; x_wconf 80' lang='lat' dir='ltr'><strong>VESPERIS</strong></span> <span class='ocrx_word' id='word_1_4' title='bbox 728 646 996 705; x_wconf 83' lang='lat' dir='ltr'><strong>SOLEMNIBUS.</strong></span> 
     </span>
    </p>
   </div>
   <div class='ocr_carea' id='block_1_2' title="bbox 170 807 1266 1541">
    <p class='ocr_par' dir='ltr' id='par_1_2' title="bbox 170 807 1265 985">
     <span class='ocr_line' id='line_1_2' title="bbox 170 807 1265 894; baseline 0 -22"><span class='ocrx_word' id='word_1_5' title='bbox 170 810 275 874; x_wconf 90' lang='lat' dir='ltr'>locum</span> <span class='ocrx_word' id='word_1_6' title='bbox 289 830 383 873; x_wconf 88' lang='lat' dir='ltr'>suum</span> <span class='ocrx_word' id='word_1_7' title='bbox 400 807 494 888; x_wconf 86' lang='lat' dir='ltr'>redit,</span> <span class='ocrx_word' id='word_1_8' title='bbox 510 808 630 874; x_wconf 82' lang='lat' dir='ltr'>faciam</span> <span class='ocrx_word' id='word_1_9' title='bbox 645 811 763 876; x_wconf 85' lang='lat' dir='ltr'>iterum</span> <span class='ocrx_word' id='word_1_10' title='bbox 778 811 885 874; x_wconf 87' lang='lat' dir='ltr'>Altari</span> <span class='ocrx_word' id='word_1_11' title='bbox 900 810 1161 894; x_wconf 83' lang='lat' dir='ltr'>genuflexionem</span> <span class='ocrx_word' id='word_1_12' title='bbox 1200 810 1265 872; x_wconf 83' lang='lat' dir='ltr'>An·</span> 
     </span>
     <span class='ocr_line' id='line_1_3' title="bbox 171 903 834 985; baseline 0.002 -21"><span class='ocrx_word' id='word_1_13' title='bbox 171 903 320 984; x_wconf 91' lang='lat' dir='ltr'>tiphonae</span> <span class='ocrx_word' id='word_1_14' title='bbox 336 907 465 967; x_wconf 88' lang='lat' dir='ltr'>cantum</span> <span class='ocrx_word' id='word_1_15' title='bbox 481 903 682 985; x_wconf 77' lang='lat' dir='ltr'><strong>prosequitur</strong></span> <span class='ocrx_word' id='word_1_16' title='bbox 697 903 834 967; x_wconf 83' lang='lat' dir='ltr'>chorua.⁸</span> 
     </span>
    </p>

    <p class='ocr_par' dir='ltr' id='par_1_3' title="bbox 170 995 1266 1541">
     <span class='ocr_line' id='line_1_4' title="bbox 211 995 1266 1079; baseline 0.001 -21"><span class='ocrx_word' id='word_1_17' title='bbox 211 999 242 1060; x_wconf 87' lang='lat'>4.</span> <span class='ocrx_word' id='word_1_18' title='bbox 266 996 302 1059; x_wconf 85' lang='lat' dir='ltr'>Si</span> <span class='ocrx_word' id='word_1_19' title='bbox 318 996 381 1059; x_wconf 93' lang='lat' dir='ltr'>duo</span> <span class='ocrx_word' id='word_1_20' title='bbox 398 995 603 1059; x_wconf 87' lang='lat' dir='ltr'>Pluvialistae</span> <span class='ocrx_word' id='word_1_21' title='bbox 618 995 746 1073; x_wconf 80' lang='lat' dir='ltr'>adsunt,</span> <span class='ocrx_word' id='word_1_22' title='bbox 762 998 866 1079; x_wconf 90' lang='lat' dir='ltr'>prima</span> <span class='ocrx_word' id='word_1_23' title='bbox 881 997 1065 1079; x_wconf 79' lang='lat' dir='ltr'><strong>antiphona,</strong></span> <span class='ocrx_word' id='word_1_24' title='bbox 1081 998 1218 1078; x_wconf 78' lang='lat' dir='ltr'>hymnus</span> <span class='ocrx_word' id='word_1_25' title='bbox 1235 1002 1266 1060; x_wconf 91' lang='lat' dir='ltr'>et</span> 
     </span>
     <span class='ocr_line' id='line_1_5' title="bbox 170 1088 1266 1172; baseline 0 -20"><span class='ocrx_word' id='word_1_26' title='bbox 170 1088 345 1169; x_wconf 82' lang='lat' dir='ltr'><strong>antiphona</strong></span> <span class='ocrx_word' id='word_1_27' title='bbox 361 1088 402 1151; x_wconf 90' lang='lat' dir='ltr'>ad</span> <span class='ocrx_word' id='word_1_28' title='bbox 417 1088 604 1170; x_wconf 76' lang='lat' dir='ltr'>Mapnifioat</span> <span class='ocrx_word' id='word_1_29' title='bbox 620 1110 639 1153; x_wconf 91' lang='lat' dir='ltr'>a</span> <span class='ocrx_word' id='word_1_30' title='bbox 656 1090 759 1172; x_wconf 91' lang='lat' dir='ltr'>primo</span> <span class='ocrx_word' id='word_1_31' title='bbox 775 1088 964 1154; x_wconf 80' lang='lat' dir='ltr'>Pluuialiata</span> <span class='ocrx_word' id='word_1_32' title='bbox 981 1090 1160 1154; x_wconf 82' lang='lat' dir='ltr'>Celebranti</span> <span class='ocrx_word' id='word_1_33' title='bbox 1178 1108 1266 1172; x_wconf 85' lang='lat' dir='ltr'>prae-</span> 
     </span>
     <span class='ocr_line' id='line_1_6' title="bbox 171 1181 1266 1265; baseline -0.002 -21"><span class='ocrx_word' id='word_1_34' title='bbox 171 1183 345 1258; x_wconf 88' lang='lat' dir='ltr'>intonatur,</span> <span class='ocrx_word' id='word_1_35' title='bbox 369 1181 506 1264; x_wconf 87' lang='lat' dir='ltr'>reliquae</span> <span class='ocrx_word' id='word_1_36' title='bbox 527 1182 719 1263; x_wconf 74' lang='lat' dir='ltr'>antiphonae</span> <span class='ocrx_word' id='word_1_37' title='bbox 741 1204 760 1247; x_wconf 95' lang='lat' dir='ltr'>a</span> <span class='ocrx_word' id='word_1_38' title='bbox 783 1182 964 1246; x_wconf 79' lang='lat' dir='ltr'>cantoribus</span> <span class='ocrx_word' id='word_1_39' title='bbox 985 1181 1266 1265; x_wconf 85' lang='lat' dir='ltr'>praeintonantur3</span> 
     </span>
     <span class='ocr_line' id='line_1_7' title="bbox 171 1274 1265 1359; baseline 0 -24"><span class='ocrx_word' id='word_1_40' title='bbox 171 1276 198 1337; x_wconf 84' lang='lat' dir='ltr'>ai</span> <span class='ocrx_word' id='word_1_41' title='bbox 211 1279 345 1357; x_wconf 92' lang='lat' dir='ltr'>quatuor</span> <span class='ocrx_word' id='word_1_42' title='bbox 357 1276 404 1340; x_wconf 89' lang='lat' dir='ltr'>vel</span> <span class='ocrx_word' id='word_1_43' title='bbox 418 1295 471 1340; x_wconf 82' lang='lat' dir='ltr'>aex</span> <span class='ocrx_word' id='word_1_44' title='bbox 484 1274 690 1340; x_wconf 83' lang='lat' dir='ltr'>Pluuialiatae</span> <span class='ocrx_word' id='word_1_45' title='bbox 703 1274 820 1356; x_wconf 83' lang='lat' dir='ltr'>adsint,</span> <span class='ocrx_word' id='word_1_46' title='bbox 833 1275 970 1358; x_wconf 87' lang='lat' dir='ltr'>reliquae</span> <span class='ocrx_word' id='word_1_47' title='bbox 983 1282 1117 1357; x_wconf 90' lang='lat' dir='ltr'>quatuor</span> <span class='ocrx_word' id='word_1_48' title='bbox 1131 1275 1265 1359; x_wconf 78' lang='lat' dir='ltr'>psalmo</span> 
     </span>
     <span class='ocr_line' id='line_1_8' title="bbox 172 1366 1266 1450; baseline 0.001 -22"><span class='ocrx_word' id='word_1_49' title='bbox 172 1387 243 1429; x_wconf 93' lang='lat' dir='ltr'>rum</span> <span class='ocrx_word' id='word_1_50' title='bbox 269 1367 461 1449; x_wconf 81' lang='lat' dir='ltr'>antiphonae</span> <span class='ocrx_word' id='word_1_51' title='bbox 490 1368 528 1430; x_wconf 93' lang='lat' dir='ltr'>ab</span> <span class='ocrx_word' id='word_1_52' title='bbox 558 1368 672 1431; x_wconf 91' lang='lat' dir='ltr'>ultimo</span> <span class='ocrx_word' id='word_1_53' title='bbox 706 1370 834 1450; x_wconf 83' lang='lat' dir='ltr'>(quarto</span> <span class='ocrx_word' id='word_1_54' title='bbox 862 1369 910 1433; x_wconf 87' lang='lat' dir='ltr'>vel</span> <span class='ocrx_word' id='word_1_55' title='bbox 939 1369 1042 1448; x_wconf 83' lang='lat' dir='ltr'>sexto)</span> <span class='ocrx_word' id='word_1_56' title='bbox 1077 1366 1266 1431; x_wconf 82' lang='lat' dir='ltr'>Pluvialista</span> 
     </span>
     <span class='ocr_line' id='line_1_9' title="bbox 171 1461 443 1541; baseline 0 -19"><span class='ocrx_word' id='word_1_57' title='bbox 171 1461 443 1541; x_wconf 85' lang='lat' dir='ltr'>praeintonantur.</span> 
     </span>
    </p>
   </div>
   <div class='ocr_carea' id='block_1_3' title="bbox 590 1642 840 1718">
    <p class='ocr_par' dir='ltr' id='par_1_4' title="bbox 590 1642 840 1718">
     <span class='ocr_line' id='line_1_10' title="bbox 590 1642 840 1718; baseline 0.016 -4"><span class='ocrx_word' id='word_1_58' title='bbox 590 1643 706 1715; x_wconf 67' lang='lat' dir='ltr'>Aah.</span> <span class='ocrx_word' id='word_1_59' title='bbox 730 1642 840 1718; x_wconf 84' lang='lat' dir='ltr'><strong>VIII.</strong></span> 
     </span>
    </p>
   </div>
   <div class='ocr_carea' id='block_1_4' title="bbox 206 1833 1231 1964">
    <p class='ocr_par' dir='ltr' id='par_1_5' title="bbox 206 1833 1231 1964">
     <span class='ocr_line' id='line_1_11' title="bbox 206 1833 1231 1891; baseline 0.004 -5"><span class='ocrx_word' id='word_1_60' title='bbox 206 1835 258 1888; x_wconf 76' lang='lat' dir='ltr'>nn</span> <span class='ocrx_word' id='word_1_61' title='bbox 279 1833 547 1888; x_wconf 77' lang='lat' dir='ltr'><strong>PLUVIALISTIS</strong></span> <span class='ocrx_word' id='word_1_62' title='bbox 569 1835 641 1887; x_wconf 81' lang='lat' dir='ltr'>SEU</span> <span class='ocrx_word' id='word_1_63' title='bbox 662 1835 960 1890; x_wconf 77' lang='lat' dir='ltr'><strong>ASSISTENTIBUS</strong></span> <span class='ocrx_word' id='word_1_64' title='bbox 980 1835 1026 1889; x_wconf 84' lang='lat' dir='ltr'>IN</span> <span class='ocrx_word' id='word_1_65' title='bbox 1046 1835 1231 1891; x_wconf 73' lang='lat' dir='ltr'>vaspaals</span> 
     </span>
     <span class='ocr_line' id='line_1_12' title="bbox 585 1909 850 1964; baseline 0 -2"><span class='ocrx_word' id='word_1_66' title='bbox 585 1909 850 1964; x_wconf 65' lang='lat' dir='ltr'>sonauufflusa</span> 
     </span>
    </p>
   </div>
   <div class='ocr_carea' id='block_1_5' title="bbox 172 2044 1266 2263">
    <p class='ocr_par' dir='ltr' id='par_1_6' title="bbox 172 2044 1266 2263">
     <span class='ocr_line' id='line_1_13' title="bbox 214 2044 1266 2166; baseline -0.003 -18"><span class='ocrx_word' id='word_1_67' title='bbox 214 2081 286 2148; x_wconf 68' lang='lat'>285.</span> <span class='ocrx_word' id='word_1_68' title='bbox 309 2083 489 2149; x_wconf 81' lang='lat' dir='ltr'>Procedant</span> <span class='ocrx_word' id='word_1_69' title='bbox 506 2044 706 2163; x_wconf 73' lang='lat' dir='ltr'>“Pieebyteri</span> <span class='ocrx_word' id='word_1_70' title='bbox 724 2083 915 2166; x_wconf 86' lang='lat' dir='ltr'>pluvialibus</span> <span class='ocrx_word' id='word_1_71' title='bbox 932 2084 1035 2166; x_wconf 90' lang='lat' dir='ltr'>parati</span> <span class='ocrx_word' id='word_1_72' title='bbox 1053 2084 1121 2147; x_wconf 93' lang='lat' dir='ltr'>bini</span> <span class='ocrx_word' id='word_1_73' title='bbox 1138 2071 1170 2149; x_wconf 78' lang='lat' dir='ltr'>et</span> <span class='ocrx_word' id='word_1_74' title='bbox 1187 2083 1266 2160; x_wconf 90' lang='lat' dir='ltr'>bini,</span> 
     </span>
     <span class='ocr_line' id='line_1_14' title="bbox 172 2175 1266 2263; baseline -0.002 -23"><span class='ocrx_word' id='word_1_75' title='bbox 172 2184 205 2242; x_wconf 89' lang='lat' dir='ltr'>et</span> <span class='ocrx_word' id='word_1_76' title='bbox 223 2176 336 2238; x_wconf 91' lang='lat' dir='ltr'>ultimo</span> <span class='ocrx_word' id='word_1_77' title='bbox 356 2177 422 2240; x_wconf 87' lang='lat' dir='ltr'>loco</span> <span class='ocrx_word' id='word_1_78' title='bbox 443 2176 619 2251; x_wconf 73' lang='lat' dir='ltr'>Calabram,</span> <span class='ocrx_word' id='word_1_79' title='bbox 637 2176 770 2263; x_wconf 90' lang='lat' dir='ltr'>pluviali</span> <span class='ocrx_word' id='word_1_80' title='bbox 790 2175 921 2238; x_wconf 87' lang='lat' dir='ltr'>indutus</span> <span class='ocrx_word' id='word_1_81' title='bbox 942 2177 1063 2239; x_wconf 82' lang='lat' dir='ltr'>medius</span> <span class='ocrx_word' id='word_1_82' title='bbox 1086 2178 1168 2241; x_wconf 89' lang='lat' dir='ltr'>inter</span> <span class='ocrx_word' id='word_1_83' title='bbox 1187 2177 1266 2239; x_wconf 82' lang='lat' dir='ltr'>duos</span> 
     </span>
    </p>
   </div>
   <div class='ocr_carea' id='block_1_6' title="bbox 169 2267 1266 3638">
    <p class='ocr_par' dir='ltr' id='par_1_7' title="bbox 172 2267 1266 2535">
     <span class='ocr_line' id='line_1_15' title="bbox 172 2267 1266 2350; baseline -0.001 -19"><span class='ocrx_word' id='word_1_84' title='bbox 172 2288 211 2331; x_wconf 90' lang='lat' dir='ltr'>ex</span> <span class='ocrx_word' id='word_1_85' title='bbox 229 2268 323 2332; x_wconf 88' lang='lat' dir='ltr'>diotia</span> <span class='ocrx_word' id='word_1_86' title='bbox 343 2267 554 2348; x_wconf 82' lang='lat' dir='ltr'>Presbyteris;</span> <span class='ocrx_word' id='word_1_87' title='bbox 574 2268 629 2349; x_wconf 93' lang='lat' dir='ltr'>qui</span> <span class='ocrx_word' id='word_1_88' title='bbox 647 2267 786 2331; x_wconf 87' lang='lat' dir='ltr'>fimbrias</span> <span class='ocrx_word' id='word_1_89' title='bbox 807 2267 978 2332; x_wconf 85' lang='lat' dir='ltr'>anteriores</span> <span class='ocrx_word' id='word_1_90' title='bbox 997 2268 1146 2350; x_wconf 84' lang='lat' dir='ltr'>pluvialis</span> <span class='ocrx_word' id='word_1_91' title='bbox 1167 2268 1266 2350; x_wconf 77' lang='lat' dir='ltr'>ipsius</span> 
     </span>
     <span class='ocr_line' id='line_1_16' title="bbox 172 2360 1266 2443; baseline -0.004 -18"><span class='ocrx_word' id='word_1_92' title='bbox 172 2381 342 2443; x_wconf 86' lang='lat' dir='ltr'>parumper</span> <span class='ocrx_word' id='word_1_93' title='bbox 361 2361 501 2436; x_wconf 74' lang='lat' dir='ltr'>elevant,</span> <span class='ocrx_word' id='word_1_94' title='bbox 521 2360 623 2440; x_wconf 87' lang='lat' dir='ltr'>parati</span> <span class='ocrx_word' id='word_1_95' title='bbox 643 2381 714 2423; x_wconf 90' lang='lat' dir='ltr'>vero</span> <span class='ocrx_word' id='word_1_96' title='bbox 734 2360 908 2440; x_wconf 77' lang='lat' dir='ltr'>procedunt</span> <span class='ocrx_word' id='word_1_97' title='bbox 927 2361 1074 2422; x_wconf 85' lang='lat' dir='ltr'>manibus</span> <span class='ocrx_word' id='word_1_98' title='bbox 1094 2360 1214 2441; x_wconf 84' lang='lat' dir='ltr'>junctis</span> <span class='ocrx_word' id='word_1_99' title='bbox 1234 2363 1266 2422; x_wconf 89' lang='lat' dir='ltr'>et</span> 
     </span>
     <span class='ocr_line' id='line_1_17' title="bbox 172 2452 483 2535; baseline 0 -18"><span class='ocrx_word' id='word_1_100' title='bbox 172 2458 316 2535; x_wconf 77' lang='lat' dir='ltr'>cooperto</span> <span class='ocrx_word' id='word_1_101' title='bbox 338 2452 483 2534; x_wconf 80' lang='lat' dir='ltr'>capite.”²</span> 
     </span>
    </p>

    <p class='ocr_par' dir='ltr' id='par_1_8' title="bbox 169 2545 1266 3638">
     <span class='ocr_line' id='line_1_18' title="bbox 215 2545 1263 2626; baseline -0.004 -18"><span class='ocrx_word' id='word_1_102' title='bbox 215 2551 242 2609; x_wconf 76' lang='lat'>2.</span> <span class='ocrx_word' id='word_1_103' title='bbox 266 2547 350 2609; x_wconf 86' lang='lat' dir='ltr'>Ante</span> <span class='ocrx_word' id='word_1_104' title='bbox 367 2546 486 2615; x_wconf 77' lang='lat' dir='ltr'>Altam,</span> <span class='ocrx_word' id='word_1_105' title='bbox 503 2546 604 2625; x_wconf 74' lang='lat' dir='ltr'>cupito</span> <span class='ocrx_word' id='word_1_106' title='bbox 621 2545 751 2620; x_wconf 68' lang='lat' dir='ltr'>(lelanto,</span> <span class='ocrx_word' id='word_1_107' title='bbox 768 2546 983 2624; x_wconf 72' lang='lat' dir='ltr'>genuflectuut</span> <span class='ocrx_word' id='word_1_108' title='bbox 1004 2547 1034 2607; x_wconf 89' lang='lat' dir='ltr'>in</span> <span class='ocrx_word' id='word_1_109' title='bbox 1052 2547 1156 2626; x_wconf 88' lang='lat' dir='ltr'>plano,</span> <span class='ocrx_word' id='word_1_110' title='bbox 1173 2545 1220 2607; x_wconf 79' lang='lat' dir='ltr'>uel</span> <span class='ocrx_word' id='word_1_111' title='bbox 1238 2545 1263 2604; x_wconf 83' lang='lat' dir='ltr'>si</span> 
     </span>
     <span class='ocr_line' id='line_1_19' title="bbox 172 2636 1266 2713; baseline -0.003 -11"><span class='ocrx_word' id='word_1_112' title='bbox 172 2637 414 2702; x_wconf 81' lang='lat' dir='ltr'>Sanctissimum</span> <span class='ocrx_word' id='word_1_113' title='bbox 433 2639 467 2700; x_wconf 93' lang='lat' dir='ltr'>in</span> <span class='ocrx_word' id='word_1_114' title='bbox 483 2638 682 2701; x_wconf 87' lang='lat' dir='ltr'>tabernaculo</span> <span class='ocrx_word' id='word_1_115' title='bbox 699 2658 762 2698; x_wconf 93' lang='lat' dir='ltr'>non</span> <span class='ocrx_word' id='word_1_116' title='bbox 781 2636 873 2712; x_wconf 82' lang='lat' dir='ltr'>adsit,</span> <span class='ocrx_word' id='word_1_117' title='bbox 891 2636 1047 2699; x_wconf 87' lang='lat' dir='ltr'>inclinant</span> <span class='ocrx_word' id='word_1_118' title='bbox 1065 2637 1105 2700; x_wconf 93' lang='lat' dir='ltr'>ad</span> <span class='ocrx_word' id='word_1_119' title='bbox 1123 2638 1266 2713; x_wconf 80' lang='lat' dir='ltr'>Crucem,</span> 
     </span>
     <span class='ocr_line' id='line_1_20' title="bbox 170 2729 1264 2812; baseline -0.005 -18"><span class='ocrx_word' id='word_1_120' title='bbox 170 2738 203 2794; x_wconf 85' lang='lat' dir='ltr'>ot</span> <span class='ocrx_word' id='word_1_121' title='bbox 221 2731 465 2812; x_wconf 75' lang='lat' dir='ltr'>genuflectentes</span> <span class='ocrx_word' id='word_1_122' title='bbox 485 2751 504 2792; x_wconf 93' lang='lat' dir='ltr'>a</span> <span class='ocrx_word' id='word_1_123' title='bbox 525 2729 675 2791; x_wconf 80' lang='lat' dir='ltr'>lateribus</span> <span class='ocrx_word' id='word_1_124' title='bbox 695 2729 889 2791; x_wconf 70' lang='lat' dir='ltr'>Celebrant-ia</span> <span class='ocrx_word' id='word_1_125' title='bbox 912 2730 943 2790; x_wconf 91' lang='lat' dir='ltr'>in</span> <span class='ocrx_word' id='word_1_126' title='bbox 968 2730 1075 2790; x_wconf 82' lang='lat' dir='ltr'>iulium</span> <span class='ocrx_word' id='word_1_127' title='bbox 1097 2729 1197 2809; x_wconf 85' lang='lat' dir='ltr'>gradu</span> <span class='ocrx_word' id='word_1_128' title='bbox 1220 2751 1264 2790; x_wconf 82' lang='lat' dir='ltr'>ro-</span> 
     </span>
     <span class='ocr_line' id='line_1_21' title="bbox 171 2821 1265 2903; baseline -0.004 -18"><span class='ocrx_word' id='word_1_129' title='bbox 171 2825 272 2887; x_wconf 81' lang='lat' dir='ltr'>oitant</span> <span class='ocrx_word' id='word_1_130' title='bbox 292 2823 391 2903; x_wconf 80' lang='lat' dir='ltr'>Aperi</span> <span class='ocrx_word' id='word_1_131' title='bbox 411 2822 555 2885; x_wconf 81' lang='lat' dir='ltr'>Domine.</span> <span class='ocrx_word' id='word_1_132' title='bbox 598 2821 710 2883; x_wconf 77' lang='lat' dir='ltr'>Postea</span> <span class='ocrx_word' id='word_1_133' title='bbox 731 2825 866 2898; x_wconf 66' lang='lat' dir='ltr'>srirgunt</span> <span class='ocrx_word' id='word_1_134' title='bbox 886 2826 916 2883; x_wconf 89' lang='lat' dir='ltr'>et</span> <span class='ocrx_word' id='word_1_135' title='bbox 938 2822 1070 2900; x_wconf 83' lang='lat' dir='ltr'>repetita</span> <span class='ocrx_word' id='word_1_136' title='bbox 1093 2822 1265 2884; x_wconf 80' lang='lat' dir='ltr'>reverentia</span> 
     </span>
     <span class='ocr_line' id='line_1_22' title="bbox 170 2912 1265 2994; baseline -0.004 -16"><span class='ocrx_word' id='word_1_137' title='bbox 170 2915 211 2978; x_wconf 88' lang='lat' dir='ltr'>ad</span> <span class='ocrx_word' id='word_1_138' title='bbox 229 2915 338 2979; x_wconf 85' lang='lat' dir='ltr'>Altnre</span> <span class='ocrx_word' id='word_1_139' title='bbox 355 2914 495 2978; x_wconf 81' lang='lat' dir='ltr'>salutant</span> <span class='ocrx_word' id='word_1_140' title='bbox 514 2914 652 2979; x_wconf 78' lang='lat' dir='ltr'>uirorum.</span> <span class='ocrx_word' id='word_1_141' title='bbox 671 2915 759 2993; x_wconf 83' lang='lat' dir='ltr'>prius</span> <span class='ocrx_word' id='word_1_142' title='bbox 776 2935 794 2974; x_wconf 88' lang='lat' dir='ltr'>a</span> <span class='ocrx_word' id='word_1_143' title='bbox 811 2919 898 2994; x_wconf 85' lang='lat' dir='ltr'>parte</span> <span class='ocrx_word' id='word_1_144' title='bbox 917 2914 949 2973; x_wconf 89' lang='lat' dir='ltr'>in</span> <span class='ocrx_word' id='word_1_145' title='bbox 969 2934 1028 2993; x_wconf 86' lang='lat' dir='ltr'>qua</span> <span class='ocrx_word' id='word_1_146' title='bbox 1048 2918 1107 2975; x_wconf 77' lang='lat' dir='ltr'>stat</span> <span class='ocrx_word' id='word_1_147' title='bbox 1129 2912 1265 2991; x_wconf 78' lang='lat' dir='ltr'>dignior,</span> 
     </span>
     <span class='ocr_line' id='line_1_23' title="bbox 170 3005 1264 3085; baseline -0.004 -14"><span class='ocrx_word' id='word_1_148' title='bbox 170 3009 364 3072; x_wconf 82' lang='lat' dir='ltr'>comitantur</span> <span class='ocrx_word' id='word_1_149' title='bbox 382 3006 596 3069; x_wconf 82' lang='lat' dir='ltr'>Celebrantonr</span> <span class='ocrx_word' id='word_1_150' title='bbox 615 3006 653 3068; x_wconf 83' lang='lat' dir='ltr'>nd</span> <span class='ocrx_word' id='word_1_151' title='bbox 672 3005 774 3068; x_wconf 77' lang='lat' dir='ltr'>saloni</span> <span class='ocrx_word' id='word_1_152' title='bbox 795 3005 898 3084; x_wconf 84' lang='lat' dir='ltr'>ibique</span> <span class='ocrx_word' id='word_1_153' title='bbox 916 3009 1011 3073; x_wconf 81' lang='lat' dir='ltr'>stunt,</span> <span class='ocrx_word' id='word_1_154' title='bbox 1029 3006 1091 3067; x_wconf 87' lang='lat' dir='ltr'>duo</span> <span class='ocrx_word' id='word_1_155' title='bbox 1110 3006 1229 3085; x_wconf 85' lang='lat' dir='ltr'>priores</span> <span class='ocrx_word' id='word_1_156' title='bbox 1246 3026 1264 3067; x_wconf 92' lang='lat' dir='ltr'>a</span> 
     </span>
     <span class='ocr_line' id='line_1_24' title="bbox 169 3097 1264 3178; baseline -0.003 -14"><span class='ocrx_word' id='word_1_157' title='bbox 169 3100 321 3165; x_wconf 82' lang='lat' dir='ltr'>lateribus</span> <span class='ocrx_word' id='word_1_158' title='bbox 337 3099 417 3178; x_wconf 84' lang='lat' dir='ltr'>ejua,</span> <span class='ocrx_word' id='word_1_159' title='bbox 433 3098 544 3177; x_wconf 83' lang='lat' dir='ltr'>reliqui</span> <span class='ocrx_word' id='word_1_160' title='bbox 562 3102 634 3160; x_wconf 84' lang='lat' dir='ltr'>ante</span> <span class='ocrx_word' id='word_1_161' title='bbox 650 3119 720 3159; x_wconf 83' lang='lat' dir='ltr'>nuru</span> <span class='ocrx_word' id='word_1_162' title='bbox 741 3097 878 3159; x_wconf 68' lang='lat' dir='ltr'>faciebus</span> <span class='ocrx_word' id='word_1_163' title='bbox 894 3097 931 3160; x_wconf 86' lang='lat' dir='ltr'>ad</span> <span class='ocrx_word' id='word_1_164' title='bbox 951 3098 1082 3159; x_wconf 69' lang='lat' dir='ltr'>invicem</span> <span class='ocrx_word' id='word_1_165' title='bbox 1099 3099 1264 3163; x_wconf 74' lang='lat' dir='ltr'>conversis,</span> 
     </span>
     <span class='ocr_line' id='line_1_25' title="bbox 170 3189 1265 3266; baseline -0.003 -12"><span class='ocrx_word' id='word_1_166' title='bbox 170 3193 215 3258; x_wconf 84' lang='lat' dir='ltr'>ita</span> <span class='ocrx_word' id='word_1_167' title='bbox 229 3196 265 3256; x_wconf 92' lang='lat' dir='ltr'>ut</span> <span class='ocrx_word' id='word_1_168' title='bbox 279 3213 335 3255; x_wconf 83' lang='lat' dir='ltr'>neo</span> <span class='ocrx_word' id='word_1_169' title='bbox 349 3192 453 3254; x_wconf 89' lang='lat' dir='ltr'>Altari</span> <span class='ocrx_word' id='word_1_170' title='bbox 467 3211 523 3251; x_wconf 80' lang='lat' dir='ltr'>nac</span> <span class='ocrx_word' id='word_1_171' title='bbox 538 3190 715 3252; x_wconf 55' lang='lat' dir='ltr'>celebranti</span> <span class='ocrx_word' id='word_1_172' title='bbox 732 3195 817 3266; x_wconf 71' lang='lat' dir='ltr'>targa</span> <span class='ocrx_word' id='word_1_173' title='bbox 832 3189 949 3252; x_wconf 80' lang='lat' dir='ltr'>directe</span> <span class='ocrx_word' id='word_1_174' title='bbox 962 3193 1094 3253; x_wconf 75' lang='lat' dir='ltr'>vortant.</span> <span class='ocrx_word' id='word_1_175' title='bbox 1132 3190 1265 3264; x_wconf 87' lang='lat' dir='ltr'>Quando</span> 
     </span>
     <span class='ocr_line' id='line_1_26' title="bbox 171 3281 1264 3368; baseline -0.004 -19"><span class='ocrx_word' id='word_1_176' title='bbox 171 3285 292 3368; x_wconf 87' lang='lat' dir='ltr'>primus</span> <span class='ocrx_word' id='word_1_177' title='bbox 317 3285 475 3347; x_wconf 81' lang='lat' dir='ltr'>Assistens</span> <span class='ocrx_word' id='word_1_178' title='bbox 501 3281 705 3360; x_wconf 81' lang='lat' dir='ltr'>antiphonam</span> <span class='ocrx_word' id='word_1_179' title='bbox 734 3282 1000 3362; x_wconf 84' lang='lat' dir='ltr'>praeiutonaverit</span> <span class='ocrx_word' id='word_1_180' title='bbox 1024 3303 1153 3363; x_wconf 84' lang='lat' dir='ltr'>eamque</span> <span class='ocrx_word' id='word_1_181' title='bbox 1179 3281 1264 3346; x_wconf 81' lang='lat' dir='ltr'>Cole-</span> 
     </span>
     <span class='ocr_line' id='line_1_27' title="bbox 170 3373 1265 3450; baseline -0.003 -11"><span class='ocrx_word' id='word_1_182' title='bbox 170 3380 264 3442; x_wconf 83' lang='lat' dir='ltr'>brans</span> <span class='ocrx_word' id='word_1_183' title='bbox 285 3375 484 3450; x_wconf 79' lang='lat' dir='ltr'>intonaverit,</span> <span class='ocrx_word' id='word_1_184' title='bbox 509 3376 621 3436; x_wconf 78' lang='lat' dir='ltr'>iterum</span> <span class='ocrx_word' id='word_1_185' title='bbox 645 3374 859 3435; x_wconf 64' lang='lat' dir='ltr'>ualelrrantom</span> <span class='ocrx_word' id='word_1_186' title='bbox 882 3373 1020 3436; x_wconf 84' lang='lat' dir='ltr'>salutant</span> <span class='ocrx_word' id='word_1_187' title='bbox 1042 3380 1072 3436; x_wconf 83' lang='lat' dir='ltr'>ut</span> <span class='ocrx_word' id='word_1_188' title='bbox 1094 3375 1265 3437; x_wconf 71' lang='lat' dir='ltr'>eomitante</span> 
     </span>
     <span class='ocr_line' id='line_1_28' title="bbox 172 3464 1265 3546; baseline -0.006 -10"><span class='ocrx_word' id='word_1_189' title='bbox 172 3471 423 3536; x_wconf 81' lang='lat' dir='ltr'>Caeremoniario</span> <span class='ocrx_word' id='word_1_190' title='bbox 449 3467 600 3530; x_wconf 73' lang='lat' dir='ltr'>accedunt</span> <span class='ocrx_word' id='word_1_191' title='bbox 626 3465 664 3527; x_wconf 88' lang='lat' dir='ltr'>ad</span> <span class='ocrx_word' id='word_1_192' title='bbox 691 3464 777 3526; x_wconf 70' lang='lat' dir='ltr'>erulos</span> <span class='ocrx_word' id='word_1_193' title='bbox 803 3485 884 3540; x_wconf 83' lang='lat' dir='ltr'>suae,</span> <span class='ocrx_word' id='word_1_194' title='bbox 910 3466 1045 3546; x_wconf 87' lang='lat' dir='ltr'>quaein</span> <span class='ocrx_word' id='word_1_195' title='bbox 1073 3465 1265 3546; x_wconf 84' lang='lat' dir='ltr'>presbyterio</span> 
     </span>
     <span class='ocr_line' id='line_1_29' title="bbox 170 3559 760 3638; baseline -0.014 -12"><span class='ocrx_word' id='word_1_196' title='bbox 170 3570 244 3628; x_wconf 84' lang='lat' dir='ltr'>ante</span> <span class='ocrx_word' id='word_1_197' title='bbox 259 3562 369 3625; x_wconf 84' lang='lat' dir='ltr'>Altare</span> <span class='ocrx_word' id='word_1_198' title='bbox 385 3562 442 3623; x_wconf 86' lang='lat' dir='ltr'>hoo</span> <span class='ocrx_word' id='word_1_199' title='bbox 458 3559 567 3621; x_wconf 83' lang='lat' dir='ltr'>ordine</span> <span class='ocrx_word' id='word_1_200' title='bbox 581 3560 760 3638; x_wconf 90' lang='lat' dir='ltr'>ponuntur:</span> 
     </span>
    </p>
   </div>
   <div class='ocr_carea' id='block_1_7' title="bbox 322 3691 1107 3819">
    <p class='ocr_par' dir='ltr' id='par_1_9' title="bbox 322 3691 1107 3819">
     <span class='ocr_line' id='line_1_30' title="bbox 322 3691 1107 3752; baseline -0.013 0"><span class='ocrx_word' id='word_1_201' title='bbox 322 3702 370 3752; x_wconf 88' lang='lat' dir='ltr'>Vl.</span> <span class='ocrx_word' id='word_1_202' title='bbox 531 3696 580 3749; x_wconf 87' lang='lat' dir='ltr'>lv.</span> <span class='ocrx_word' id='word_1_203' title='bbox 862 3691 913 3743; x_wconf 89' lang='grc' dir='ltr'><strong>ΙΙΙ.</strong></span> <span class='ocrx_word' id='word_1_204' title='bbox 1077 3696 1107 3744; x_wconf 85' lang='lat' dir='ltr'>V.</span> 
     </span>
     <span class='ocr_line' id='line_1_31' title="bbox 823 3793 1102 3819; baseline 0.007 -2"><span class='ocrx_word' id='word_1_205' title='bbox 823 3793 834 3817; x_wconf 68' lang='lat' dir='ltr'>e</span> <span class='ocrx_word' id='word_1_206' title='bbox 854 3794 857 3811; x_wconf 87' lang='lat'>·</span> <span class='ocrx_word' id='word_1_207' title='bbox 1085 3793 1102 3819; x_wconf 79' lang='lat' dir='ltr'>n</span> 
     </span>
    </p>
   </div>
   <div class='ocr_carea' id='block_1_8' title="bbox 167 3919 1261 4098">
    <p class='ocr_par' dir='ltr' id='par_1_10' title="bbox 167 3919 1261 4098">
     <span class='ocr_line' id='line_1_32' title="bbox 211 3919 1261 4006; baseline -0.009 -17"><span class='ocrx_word' id='word_1_208' title='bbox 211 3926 283 3991; x_wconf 90' lang='lat' dir='ltr'>Duo</span> <span class='ocrx_word' id='word_1_209' title='bbox 304 3923 422 4006; x_wconf 75' lang='lat' dir='ltr'>priores</span> <span class='ocrx_word' id='word_1_210' title='bbox 445 3919 649 3983; x_wconf 79' lang='lat' dir='ltr'>Pluvialistae</span> <span class='ocrx_word' id='word_1_211' title='bbox 671 3919 778 3982; x_wconf 76' lang='lat' dir='ltr'>audant</span> <span class='ocrx_word' id='word_1_212' title='bbox 801 3942 818 3983; x_wconf 90' lang='lat' dir='ltr'>a</span> <span class='ocrx_word' id='word_1_213' title='bbox 841 3919 991 3983; x_wconf 87' lang='lat' dir='ltr'>lateribus</span> <span class='ocrx_word' id='word_1_214' title='bbox 1013 3920 1208 3984; x_wconf 85' lang='lat' dir='ltr'>Celebrantis</span> <span class='ocrx_word' id='word_1_215' title='bbox 1229 3920 1261 3980; x_wconf 92' lang='lat' dir='ltr'>in</span> 
     </span>
     <span class='ocr_line' id='line_1_33' title="bbox 167 4015 452 4098; baseline -0.021 -16"><span class='ocrx_word' id='word_1_216' title='bbox 167 4038 266 4082; x_wconf 80' lang='lat' dir='ltr'>cornu</span> <span class='ocrx_word' id='word_1_217' title='bbox 284 4015 452 4098; x_wconf 77' lang='lat' dir='ltr'>Epistolae.</span> 
     </span>
    </p>
   </div>
   <div class='ocr_carea' id='block_1_9' title="bbox 166 4166 1265 4385">
    <p class='ocr_par' dir='ltr' id='par_1_11' title="bbox 166 4166 1265 4385">
     <span class='ocr_line' id='line_1_34' title="bbox 205 4166 1264 4240; baseline -0.007 -15"><span class='ocrx_word' id='word_1_218' title='bbox 205 4173 259 4228; x_wconf 76' lang='lat' dir='ltr'>⁸Si</span> <span class='ocrx_word' id='word_1_219' title='bbox 290 4176 352 4240; x_wconf 84' lang='lat' dir='ltr'>poat</span> <span class='ocrx_word' id='word_1_220' title='bbox 382 4170 503 4237; x_wconf 73' lang='lat' dir='ltr'>psalmos</span> <span class='ocrx_word' id='word_1_221' title='bbox 535 4169 688 4234; x_wconf 87' lang='lat' dir='ltr'>antiphona</span> <span class='ocrx_word' id='word_1_222' title='bbox 745 4183 828 4232; x_wconf 76' lang='lat' dir='ltr'>noque</span> <span class='ocrx_word' id='word_1_223' title='bbox 861 4166 998 4218; x_wconf 74' lang='lat' dir='ltr'>Diaconos</span> <span class='ocrx_word' id='word_1_224' title='bbox 1032 4183 1116 4232; x_wconf 76' lang='lat' dir='ltr'>neque</span> <span class='ocrx_word' id='word_1_225' title='bbox 1150 4167 1264 4218; x_wconf 77' lang='lat' dir='ltr'>Subdin-</span> 
     </span>
     <span class='ocr_line' id='line_1_35' title="bbox 166 4242 1265 4318; baseline -0.01 -16"><span class='ocrx_word' id='word_1_226' title='bbox 166 4267 215 4318; x_wconf 87' lang='lat' dir='ltr'>per</span> <span class='ocrx_word' id='word_1_227' title='bbox 244 4250 383 4313; x_wconf 69' lang='lat' dir='ltr'>Organum</span> <span class='ocrx_word' id='word_1_228' title='bbox 414 4245 568 4307; x_wconf 80' lang='lat' dir='ltr'>resumitur,</span> <span class='ocrx_word' id='word_1_229' title='bbox 598 4256 689 4294; x_wconf 77' lang='lat' dir='ltr'>omues</span> <span class='ocrx_word' id='word_1_230' title='bbox 744 4243 855 4294; x_wconf 78' lang='lat' dir='ltr'>ronus’&#39;</span> <span class='ocrx_word' id='word_1_231' title='bbox 876 4258 934 4293; x_wconf 80' lang='lat' dir='ltr'>oum</span> <span class='ocrx_word' id='word_1_232' title='bbox 957 4243 1113 4294; x_wconf 75' lang='lat' dir='ltr'>Dalmatica</span> <span class='ocrx_word' id='word_1_233' title='bbox 1134 4247 1161 4296; x_wconf 84' lang='lat' dir='ltr'>at</span> <span class='ocrx_word' id='word_1_234' title='bbox 1183 4242 1265 4292; x_wconf 80' lang='lat' dir='ltr'>Tuni-</span> 
     </span>
     <span class='ocr_line' id='line_1_36' title="bbox 167 4319 1264 4385; baseline -0.007 -6"><span class='ocrx_word' id='word_1_235' title='bbox 167 4327 276 4379; x_wconf 86' lang='lat' dir='ltr'>intarim</span> <span class='ocrx_word' id='word_1_236' title='bbox 302 4326 376 4375; x_wconf 85' lang='lat' dir='ltr'>illam</span> <span class='ocrx_word' id='word_1_237' title='bbox 402 4323 536 4373; x_wconf 81' lang='lat' dir='ltr'>arrbmiaaa</span> <span class='ocrx_word' id='word_1_238' title='bbox 561 4337 624 4370; x_wconf 73' lang='lat' dir='ltr'>rore</span> <span class='ocrx_word' id='word_1_239' title='bbox 651 4335 687 4369; x_wconf 80' lang='lat' dir='ltr'>re·</span> <span class='ocrx_word' id='word_1_240' title='bbox 744 4322 819 4371; x_wconf 78' lang='lat' dir='ltr'>ralla.</span> <span class='ocrx_word' id='word_1_241' title='bbox 842 4319 874 4369; x_wconf 83' lang='lat' dir='ltr'>D.</span> <span class='ocrx_word' id='word_1_242' title='bbox 899 4319 980 4382; x_wconf 81' lang='grc'>1194;</span> <span class='ocrx_word' id='word_1_243' title='bbox 1003 4323 1030 4370; x_wconf 84' lang='lat' dir='ltr'>et</span> <span class='ocrx_word' id='word_1_244' title='bbox 1053 4321 1077 4369; x_wconf 85' lang='lat'>8.</span> <span class='ocrx_word' id='word_1_245' title='bbox 1099 4319 1165 4371; x_wconf 87' lang='lat' dir='ltr'>Jun.</span> <span class='ocrx_word' id='word_1_246' title='bbox 1189 4319 1264 4385; x_wconf 86' lang='grc'>1911,</span> 
     </span>
    </p>
   </div>
   <div class='ocr_carea' id='block_1_10' title="bbox 164 4397 1103 4542">
    <p class='ocr_par' dir='ltr' id='par_1_12' title="bbox 164 4397 1103 4542">
     <span class='ocr_line' id='line_1_37' title="bbox 164 4397 907 4477; baseline -0.013 -20"><span class='ocrx_word' id='word_1_247' title='bbox 164 4407 259 4477; x_wconf 75' lang='lat' dir='ltr'>patere</span> <span class='ocrx_word' id='word_1_248' title='bbox 282 4402 390 4454; x_wconf 83' lang='lat' dir='ltr'>debent.</span> <span class='ocrx_word' id='word_1_249' title='bbox 741 4413 765 4447; x_wconf 89' lang='lat' dir='ltr'>n.</span> <span class='ocrx_word' id='word_1_250' title='bbox 787 4398 863 4447; x_wconf 85' lang='grc'><strong>4271.</strong></span> <span class='ocrx_word' id='word_1_251' title='bbox 883 4397 907 4447; x_wconf 85' lang='grc'>3.</span> 
     </span>
     <span class='ocr_line' id='line_1_38' title="bbox 200 4470 1103 4542; baseline -0.004 -15"><span class='ocrx_word' id='word_1_252' title='bbox 200 4478 288 4530; x_wconf 79' lang='lat' dir='ltr'>r“In</span> <span class='ocrx_word' id='word_1_253' title='bbox 312 4477 442 4542; x_wconf 73' lang='lat' dir='ltr'>vesperis</span> <span class='ocrx_word' id='word_1_254' title='bbox 466 4490 518 4529; x_wconf 86' lang='lat' dir='ltr'>nou</span> <span class='ocrx_word' id='word_1_255' title='bbox 542 4473 688 4529; x_wconf 77' lang='lat' dir='ltr'>adhibetur</span> <span class='ocrx_word' id='word_1_256' title='bbox 780 4474 877 4523; x_wconf 63' lang='lat' dir='ltr'>atuor.</span> <span class='ocrx_word' id='word_1_257' title='bbox 901 4472 950 4538; x_wconf 79' lang='lat' dir='ltr'>up.</span> <span class='ocrx_word' id='word_1_258' title='bbox 972 4470 1011 4522; x_wconf 93' lang='lat' dir='ltr'>II.</span> <span class='ocrx_word' id='word_1_259' title='bbox 1033 4471 1103 4534; x_wconf 90' lang='grc'>3,1.</span> 
     </span>
    </p>
   </div>
   <div class='ocr_carea' id='block_1_11' title="bbox 0 0 1406 4890">
    <p class='ocr_par' dir='ltr' id='par_1_13' title="bbox 0 0 1406 4890">
     <span class='ocr_line' id='line_1_39' title="bbox 0 0 1406 4890; baseline 0 0"><span class='ocrx_word' id='word_1_260' title='bbox 0 0 1406 4890; x_wconf 95' lang='lat' dir='ltr'> </span> 
     </span>
    </p>
   </div>
  </div>
 </body>
</html>
