2804 4890
149 1383 208 1444 EX
238 1383 553 1446 PRAEFATIONE
582 1385 803 1448 AUCTORIS
831 1385 891 1447 AD
920 1386 946 1446 Ι.
976 1380 1240 1446 EDITIONEM.

151 1603 192 1753 Ι
225 1601 330 1663 ITUS
355 1602 569 1667 ROMANUS
594 1607 723 1667 omnino
747 1626 846 1687 purus
870 1607 928 1668 hoc
950 1605 1031 1665 libro
1055 1603 1240 1683 exponitur,

268 1715 306 1757 ex
337 1696 477 1759 fontibus
507 1719 561 1761 seu
591 1699 681 1761 libris
711 1699 867 1780 liturgicis
898 1699 1056 1761 Romanae
1086 1697 1241 1759 Ecclesiae

155 1789 312 1870 ipsissima
341 1790 445 1871 legum
474 1793 696 1874 liturgicarum
726 1794 817 1856 verba
845 1795 995 1868 citantur,
1026 1793 1060 1853 in
1089 1795 1241 1871 quantum

155 1885 236 1948 ratio
251 1886 440 1965 compendii,
457 1888 674 1968 perspicuitas,
692 1908 766 1950 usus
783 1889 940 1969 practicus
957 1887 1124 1968 permittit.
1169 1885 1242 1947 Om-

154 1979 218 2054 nia,
244 1999 322 2059 quae
347 1981 506 2044 citationis
533 1981 632 2062 signis
663 1982 698 2063 [“
720 1981 756 2062 ’Ἴ
787 1983 855 2044 sine
880 1983 940 2044 loci
966 1981 1057 2044 citati
1082 1979 1243 2042 notatione

154 2073 351 2150 exhibentur,
371 2074 410 2136 ad
431 2074 558 2137 verbum
577 2075 743 2156 desumpta
762 2081 836 2138 sunt
855 2096 892 2138 ex
912 2075 967 2138 illo
985 2075 1066 2137 libro
1086 2073 1243 2154 liturgico,

155 2167 195 2228 ad
212 2187 304 2248 quem
322 2168 453 2231 materia
470 2173 604 2232 tractata
621 2171 768 2250 pertinet,
786 2190 897 2250 nempe
914 2190 971 2250 pro
990 2168 1151 2231 Sacrificio
1169 2166 1243 2227 Mis-

155 2281 207 2323 sae
221 2281 260 2323 ex
276 2261 398 2323 Missali
415 2262 565 2338 Romano,
582 2284 638 2343 pro
656 2264 763 2326 Officio
779 2264 886 2326 divino
902 2284 939 2325 ex
957 2263 1116 2325 Breviorio
1134 2262 1244 2322 Roma-

151 2374 204 2431 no,
218 2375 276 2436 pro
291 2355 502 2419 Sacramentis
516 2365 546 2420 et
564 2357 848 2420 Sacramentalibus
861 2362 918 2420 etc.
935 2354 1195 2419 administrandis
1208 2375 1246 2417 ex

153 2447 277 2511 RItuali
297 2448 455 2526 Romano;
475 2449 641 2529 aliquoties
659 2451 755 2513 etiam
774 2471 811 2513 ex
832 2450 1058 2512 Caeremoniali
1080 2449 1247 2529 Episcopo-

150 2560 222 2602 rum
233 2548 265 2604 et
278 2541 456 2604 Pontifieali
471 2542 628 2617 Romano;
640 2563 678 2604 ex
690 2542 866 2605 Memoriali
880 2542 1011 2603 Rituum
1024 2561 1081 2621 pro
1092 2539 1248 2620 aliquibus

151 2634 434 2714 praestantioribus
449 2655 472 2697 s.
489 2635 706 2698 functionibus
721 2635 932 2715 persolvendis
948 2639 981 2698 in
999 2634 1174 2697 minoribus
1189 2633 1248 2696 Ec-

152 2725 258 2788 clesiis
284 2727 514 2806 parochialibus
539 2730 628 2807 jussu
656 2728 817 2791 Benedicti
846 2728 944 2789 XIII.
972 2728 1159 2792 edito...

201 2818 288 2892 Quae
326 2824 485 2898 praeterea
521 2821 561 2882 ad
601 2820 764 2898 Liturgiae
803 2821 1028 2899 expositionem
1067 2819 1248 2891 traduntur,

156 2914 347 2975 auctoritate
361 2913 550 2992 scriptorum
565 2934 671 2975 rerum
686 2913 906 2993 liturgicarum
922 2914 1124 2997 probatorum
1140 2911 1248 2974 nitun-

158 3011 232 3081 tur;
253 3005 358 3087 quales
380 3011 455 3068 sunt
478 3006 554 3068 Pius
577 3007 777 3081 bladinueei,
802 3007 833 3069 S.
858 3005 1117 3087 Congregationis
1140 3005 1248 3068 Caere-

158 3100 307 3163 monialis
338 3100 530 3162 Secretarius
559 3105 590 3162 et
619 3100 796 3163 Pontifieiis
826 3099 1037 3163 Caeremoniis
1067 3099 1249 3163 Praefectus

164 3191 332 3273 (Manuale
348 3193 379 3255 S.
397 3193 484 3255 Caer.
502 3198 519 3254 6
535 3193 594 3256 rol.
609 3215 636 3255 a.
655 3196 767 3273 1880),
782 3194 833 3256 Al.
851 3193 896 3256 De
913 3194 1015 3274 Carpo
1035 3192 1249 3272 (Caeremoni-

156 3287 218 3362 ale,
232 3294 263 3349 et
276 3286 356 3349 Bibl.
370 3287 512 3367 liturg),
527 3287 572 3350 Ile
587 3287 700 3355 Herdt.
718 3288 768 3365 (S.
783 3288 945 3365 liturgiae
960 3279 1081 3362 Prax'is,
1094 3292 1124 3349 et
1140 3287 1251 3348 Praxis

162 3382 360 3443 Pontificalis
393 3401 447 3444 seu
483 3380 724 3443 (¹aerenaonialis
758 3381 861 3460 Epise.
895 3383 1080 3461 expositio),
1116 3381 1252 3442 Sclrober

161 3476 196 3538 S.
217 3474 371 3555 Alphonsi
392 3475 435 3535 M.
456 3474 495 3536 de
512 3474 643 3554 Ligouri
663 3474 717 3536 lib.
738 3476 876 3539 Caerem.
898 3475 953 3549 M,
973 3475 1099 3538 Forniei
1126 3474 1250 3552 (instit.

159 3569 305 3647 liturg),
319 3567 560 3641 Romsee-Hazd,
575 3568 709 3646 Bouxry,
725 3568 1097 3642 Selineider-Ielinikul1l‚
1112 3568 1252 3644 O’Kane,

162 3661 288 3736 Probst,
319 3661 450 3736 Biekell,
481 3661 672 3737 Hartmann,
705 3662 810 3737 Sutor,
842 3662 954 3736 Falise,
985 3663 1095 3725 Adone
1125 3667 1156 3726 et
1186 3661 1252 3738 alii,

160 3760 287 3837 praeter
306 3756 498 3835 antiquiores
519 3756 700 3835 praecipuos
722 3756 1040 3830 Garantum-llerati,
1063 3756 1174 3830 Quarti
1195 3761 1252 3819 ete.

207 3848 257 3911 Nc
282 3869 305 3910 s.
333 3849 470 3911 actiones
498 3849 586 3928 quasi
611 3847 830 3911 “mechaniee’'
858 3854 1058 3929 peragantur,
1086 3871 1161 3912 neve
1188 3871 1253 3912 eor-

161 3943 234 4026 pori
259 3943 326 4005 sine
351 3943 456 4004 anima
482 3941 706 4018 assimilentur,
732 3963 840 4005 sensus
865 3964 888 4004 s.
915 3944 1036 4004 rituum
1062 3944 1156 4005 simul
1182 3965 1254 4006 cum

164 4037 250 4100 notis
271 4036 439 4112 historicis,
462 4037 643 4117 praesertim
668 4057 723 4116 pro
748 4036 907 4098 Sacrificio
931 4037 1054 4103 Missae.
1077 4038 1254 4119 exponitur.

164 4130 335 4211 Sapienter
360 4130 444 4193 enim
471 4129 585 4193 statuit
612 4128 790 4191 Concilium
818 4129 1001 4192 Plenarium
1030 4132 1257 4194 Baltimorense

163 4225 313 4287 Tertium
338 4223 470 4287 Decreto
497 4227 573 4285 lta:
597 4219 658 4284 “In
683 4224 773 4303 praxi
798 4224 1064 4287 caeremoniarum
1089 4227 1258 4303 diligenter

163 4323 371 4382 exerceantur
391 4315 514 4392 clerici;
535 4316 656 4379 rituum
677 4337 837 4380 sacrorum
860 4317 1025 4400 explicatio
1050 4323 1194 4384 tradatur
1215 4320 1259 4383 eia

164 4411 319 4478 historico
333 4415 364 4475 et
381 4410 542 4493 mystico.’'
