2804 4890
424 692 477 746 DE
500 691 658 748 ouulcru
680 693 966 750 CELEBRANTIS.
1186 681 1241 743 131

514 1456 703 1534 CAPUT
756 1457 883 1534 VIII.

488 1682 546 1736 DE
565 1682 690 1737 ussssn
709 1682 911 1740 SOLEMNL

612 1888 727 1960 ART.
753 1888 783 1960 Ι.

441 2071 492 2122 ΒΕ
513 2071 665 2123 OFFICIO
687 2073 956 2125 CELEBRANTIS.

197 2237 246 2301 82.
271 2238 437 2302 Celebrans
456 2261 480 2301 s.
501 2239 693 2321 paramentis
714 2239 846 2303 indutus
865 2241 1002 2321 cooperit
1022 2243 1134 2322 caput3
1154 2239 1243 2321 signo

155 2332 229 2395 dato
259 2340 352 2414 caput
383 2333 511 2414 detegit,
542 2334 674 2397 inclinat
706 2333 801 2395 Cruci
832 2334 878 2395 vel
911 2334 1041 2413 imagini
1074 2334 1243 2409 sacristiae,

155 2447 256 2489 saeros
283 2427 444 2490 ministros
469 2427 619 2490 resalutat
645 2432 676 2489 ct
701 2431 796 2508 caput
820 2428 991 2507 cooperit.l
1038 2427 1088 2488 Ad
1113 2428 1243 2504 januam

154 2521 256 2601 capite
280 2521 402 2585 detecto
426 2541 538 2600 aquam
562 2520 758 2584 benedictam
781 2521 906 2602 accipit,
930 2521 992 2582 nisi
1017 2527 1089 2582 ante
1115 2520 1244 2582 Missam

155 2614 213 2676 fiat
235 2615 372 2695 aspersio
397 2635 494 2695 aquae
519 2615 706 2678 benedictae.

198 2712 226 2769 2.
249 2708 333 2770 Ante
359 2709 467 2770 Altarc
494 2708 622 2788 deponit
648 2708 795 2785 biretum,
822 2709 869 2771 vel
895 2709 1045 2790 deprimit
1071 2708 1244 2789 caputium,

155 2803 181 2863 si
200 2821 236 2863 eo
254 2804 397 2877 utatur,²
415 2809 445 2865 et
462 2801 646 2882 genuflectit
666 2804 699 2863 in
716 2803 821 2882 plano,
839 2803 884 2864 vel
903 2804 929 2864 si
950 2802 1192 2865 Sanctissimum
1210 2802 1245 2863 in

156 2894 355 2958 tabernaculo
378 2916 441 2958 non
463 2899 647 2971 asservetur,
671 2896 827 2976 profunde
850 2896 993 2972 inclinat,
1015 2899 1057 2971 et,
1080 2896 1114 2957 in
1137 2894 1245 2957 Domi·

155 2988 235 3049 uicis
253 2989 336 3049 lacta
352 2990 528 3069 aspersione
545 3009 652 3068 aquae,
671 2990 801 3051 Sacrum
818 2990 988 3053 exorditur.

197 3081 247 3142 Ad
274 3074 359 3144 tutis
382 3084 498 3162 fratres
522 3088 553 3144 ct
579 3105 631 3145 coa
654 3083 770 3162 fratrea
796 3104 828 3146 se
853 3082 997 3163 paullum
1021 3086 1180 3146 convertet
1204 3081 1244 3144 ad

155 3173 332 3237 Diaconum
357 3180 389 3237 et
417 3175 659 3237 Subdiaconum.

199 3271 227 3328 3.
251 3267 327 3330 Post
343 3269 478 3330 Oramus
497 3274 524 3332 te
542 3270 578 3331 fit
596 3269 767 3332 incensatio
784 3269 921 3331 Altaria:
940 3270 1003 3332 Ter
1019 3270 1092 3332 tlrus
1108 3269 1245 3350 imponIt

157 3362 190 3423 in
214 3362 412 3424 thuribulum
435 3362 559 3437 dicens3
582 3365 629 3425 Ab
654 3364 709 3427 illo
733 3363 934 3435 benedicaris,
958 3361 992 3425 in
1015 3364 1106 3443 cujus
1129 3365 1244 3426 honore

155 3455 349 3519 cremaberis.
395 3456 507 3518 Amen.
555 3456 636 3518 Dein
661 3456 783 3520 reddito
807 3455 959 3520 cochleari
984 3458 1108 3537 signum
1135 3456 1245 3518 Crucis

153 3550 273 3614 format
298 3570 392 3632 super
418 3551 605 3628 incensum,l
630 3553 759 3615 sinistra
785 3571 879 3633 super
904 3552 1013 3615 Altero
1040 3552 1151 3633 posite.
1189 3550 1249 3616 Ac·

155 3649 246 3721 cepto
267 3642 429 3703 thuribulo
451 3642 644 3722 genuflectit,
666 3644 794 3705 sinistra
815 3663 909 3724 super
931 3642 1040 3704 Altare
1062 3644 1174 3723 posita,
1197 3643 1244 3705 vel

155 3734 252 3798 Cruci
283 3736 427 3812 inclinat,
459 3737 485 3797 si
519 3735 576 3798 SS.
612 3735 851 3799 Sacramentum
882 3737 917 3798 in
950 3737 1150 3800 tabernaculo
1182 3755 1245 3798 non

155 3835 340 3905 asservetur,
360 3836 391 3893 ct
411 3831 513 3893 tribus
532 3830 678 3891 ductibus
704 3830 926 3912 (simplicibus,
947 3851 1011 3894 non
1032 3829 1239 3910 duplicando)

155 3922 288 3987 Crucem
309 3924 468 4000 incensat3
489 3923 562 3985 dein
583 3923 692 3988 Altare
715 3925 854 3987 incensat
876 3928 959 3986 recta
980 3924 1064 3987 linea
1090 3924 1169 4002 (non
1191 3943 1247 4004 per

154 4016 283 4080 modum
302 4016 509 4097 semicirculi)
532 4022 570 4079 ut
587 4017 672 4080 infra
688 4017 729 4079 ad
748 4017 964 4093 Offertorium,
981 4017 1062 4079 nihil
1080 4017 1197 4094 dicens,
1215 4023 1246 4080 ct

154 4111 222 4192 ipse
238 4112 428 4174 incensatur.

188 4297 282 4348 ¹Non
298 4297 413 4363 imponit
430 4297 575 4348 incensum.
726 4296 839 4359 salutat,
871 4297 1006 4347 inclinans
1035 4310 1130 4347 versus
1160 4297 1247 4347 Eran-

188 4380 200 4414 2
220 4374 249 4423 si
268 4374 363 4425 Clerus
381 4375 408 4424 in
427 4374 597 4440 presbyterio
616 4373 672 4435 jam
727 4374 789 4436 gelli
809 4379 837 4423 et
856 4374 998 4439 Epistolae
1016 4386 1108 4424 cornu.

150 4452 236 4516 adsit,
249 4452 356 4503 detecto
369 4452 446 4517 prius
459 4451 551 4516 capite.
564 4452 674 4499 chorum
762 4457 773 4487 ³
794 4451 826 4501 D.
845 4452 922 4502 2515.
944 4454 983 4501 10.
