2804 4890
154 661 214 722 492
275 669 329 726 DE
352 669 493 727 FUNOT.
519 671 627 726 PAST.
653 672 931 729 SACRAMENTIS
954 673 1148 731 ADNEXIS.

604 930 720 1003 ART.
741 932 792 1003 II.

150 1107 476 1166 DE‘VISI'I'A'I'IONE
506 1114 554 1164 ΕΤ
581 1115 680 1165 CURA
709 1115 954 1167 INFIRMORUM
982 1115 1031 1167 ΕΤ
1057 1114 1109 1167 ΒΕ
1137 1113 1251 1168 MODO

488 1207 659 1258 JUVANDI
678 1206 906 1259 MORIENTES.

186 1376 256 1441 aba.
280 1377 437 1442 “Sedulus
461 1380 503 1442 sit
527 1383 634 1460 pastor
655 1381 833 1442 animarum
859 1382 893 1442 in
917 1378 1083 1442 visitandis
1107 1377 1251 1440 infirmis

150 1477 182 1535 ct
207 1471 455 1552 agonizantibus,
481 1473 577 1534 etiam
604 1478 768 1553 postquam
796 1473 908 1535 ultima
935 1476 1118 1552 receperunt
1144 1490 1249 1532 sacra-

153 1563 303 1627 mentam
358 1564 619 1644 “ingravescente
652 1565 759 1628 morbo
792 1564 951 1628 Parochus
983 1564 1146 1626 infirmum
1179 1563 1246 1625 tre-

151 1658 299 1737 quentius
314 1657 453 1719 visitabit
468 1664 499 1720 et
513 1657 552 1720 ad
568 1657 701 1719 salutem
717 1657 886 1737 diligenter
899 1659 1008 1735 juvare
1024 1678 1087 1719 non
1104 1657 1250 1727 desinet;

152 1749 351 1830 monebitque
386 1751 523 1812 instante
557 1750 695 1829 periculo
730 1770 762 1812 se
793 1749 960 1812 confestim
995 1750 1108 1825 vocari,
1142 1753 1180 1811 ut
1212 1749 1249 1810 in

152 1845 291 1921 tempore
307 1847 430 1922 praesto
447 1843 489 1904 sit
505 1840 697 1903 morienti.''²

194 1937 221 1994 2.
246 1933 337 1996 Hanc
359 1935 636 2014 praescriptionem
658 1935 795 1996 Ritualis
818 1936 906 1998 Rom.
928 1934 1030 1997 adhuc
1050 1932 1188 2012 obligare
1214 1932 1248 1994 S.

152 2024 246 2088 Cone.
274 2025 482 2106 congregatio
509 2026 694 2088 declaravit:
723 2027 924 2103 “Quaeritur,
953 2028 979 2089 Ι.
1009 2048 1049 2089 an
1075 2029 1249 2089 teneantur

151 2118 285 2181 Parochi
306 2119 422 2199 aliique
442 2121 621 2181 animarum
641 2139 749 2181 euram
770 2122 922 2199 gerentes,
945 2118 1142 2181 moribundis
1162 2117 1249 2181 adsi·

150 2215 241 2287 stere,
260 2212 356 2273 etiam
375 2212 403 2274 si
420 2232 471 2275 eos
493 2212 703 2273 Sacramentis
721 2213 781 2274 rite
799 2211 996 2275 munierint?
1037 2259 1045 2275 .
1086 2258 1094 2273 .
1136 2259 1144 2272 .
1184 2210 1248 2274 VI.

152 2305 203 2366 An
219 2304 257 2366 ad
275 2310 411 2366 mentem
432 2305 462 2366 S.
482 2304 585 2365 Caroli
600 2305 784 2365 ⁴Borrornaci
802 2306 879 2367 dunc
896 2310 1015 2366 tantem
1032 2304 1249 2366 admittantur

152 2416 260 2459 causae
291 2397 328 2457 ab
358 2396 547 2474 obligatione
579 2395 774 2457 moribundis
805 2396 977 2458 adsistendi
1010 2396 1248 2474 dispensantes;

151 2490 317 2551 necessitas
336 2487 478 2550 videlicet
498 2489 569 2550 aliis
590 2488 723 2549 infirmis
743 2490 943 2550 Sacramenta
964 2487 1177 2563 ministrandi,
1198 2488 1248 2549 sel

151 2580 230 2642 aliae
271 2579 459 2643 necessariae
489 2581 727 2659 occupationes?
770 2580 802 2642 S.
835 2580 870 2642 (l.
904 2581 1018 2659 Congr.
1059 2579 1250 2660 respondere

152 2672 289 2735 censuit:
328 2674 484 2734 Statariam
522 2672 818 2752 praescriptionibus
856 2674 993 2735 lettaniae
1028 2673 1172 2738 Romani.
1214 2675 1248 2734 in

152 2765 280 2845 reliquis
300 2766 441 2828 consulat
463 2765 607 2845 probatos
629 2764 813 2826 auctorest

194 2861 222 2920 3.
246 2858 313 2918 “Eo
332 2859 447 2918 fortius
466 2857 687 2936 obligationem
708 2858 902 2920 assistentiae
921 2857 1087 2936 ejusmodi,
1105 2858 1170 2920 sive
1191 2878 1249 2938 per

152 2951 267 3029 seipsos
284 2951 348 3012 sive
366 2969 421 3029 per
437 2949 514 3011 alios
532 2948 734 3028 peragendae,
752 2969 862 3025 nrgcrc
882 2951 1035 3012 Paroclros
1053 2949 1154 3029 quoad
1174 2948 1249 3012 illos

153 3044 245 3104 morti
262 3042 429 3121 proximos,
445 3042 497 3120 qui
514 3061 609 3120 qurmi
626 3043 734 3103 vitiose
751 3042 952 3104 liabitualiter
970 3042 1114 3111 vinerint,
1130 3043 1248 3119 majori

151 3133 296 3213 indigent
309 3132 427 3195 auxilio
444 3135 477 3194 in
492 3137 630 3196 extrema
647 3134 742 3210 lucta,
758 3139 794 3195 ut
810 3134 986 3212 malignum
1002 3135 1122 3198 hostem
1137 3135 1248 3215 profli-

151 3247 224 3306 gare
242 3226 373 3288 valeant.
415 3226 446 3287 S.
466 3226 500 3287 C.
520 3227 799 3303 (longrcgatiimom
818 3227 886 3290 ideo
906 3228 1009 3288 forsan
1030 3226 1165 3289 noluisse
1181 3249 1248 3291 ccr-

151 3326 216 3381 tam
238 3319 446 3381 determinare
468 3339 610 3380 normam
634 3320 664 3378 in
688 3319 826 3393 snlijccta
849 3321 997 3384 matoria:
1019 3321 1092 3399 quia
1114 3341 1188 3382 cum
1209 3342 1248 3382 ex

151 3412 249 3474 altera
273 3417 361 3492 parte
384 3416 502 3472 certum
527 3411 566 3473 sit
590 3432 668 3470 <iiius
692 3410 861 3471 nilsistondi
890 3411 1084 3472 moribundis
1106 3411 1249 3489 obligare

153 3504 307 3566 Parodios
329 3504 384 3565 sub
407 3506 513 3583 gravi:
538 3502 694 3565 exaltem
718 3524 788 3564 vcro
810 3503 1030 3566 difficillimum
1054 3505 1095 3566 sit
1119 3524 1249 3569 enunie-

152 3618 219 3659 rnre
240 3618 337 3667 casua,
359 3598 390 3657 in
413 3597 524 3677 quilius
545 3595 720 3657 animarum
743 3603 880 3676 pastores
902 3597 996 3658 levari
1018 3599 1055 3659 ab
1075 3599 1132 3659 hoc
1152 3619 1249 3661 onere

151 3695 280 3769 possunt
297 3695 363 3751 tum
382 3711 398 3750 a
416 3688 551 3770 propriis
568 3689 824 3755 circumstantiis,
841 3696 909 3751 tum
926 3711 943 3751 a
960 3694 1044 3751 statu
1063 3690 1247 3751 moribundi

150 3785 278 3862 ejusque
307 3782 476 3844 moralibus
503 3780 752 3862 ‹paralitatiluis.”⁴

192 3879 220 3937 4.
245 3875 372 3951 Quoties
404 3880 510 3955 postor
537 3874 712 3935 arrianorum
747 3874 905 3951 irifiruiurn
942 3876 1065 3937 visitare
1097 3879 1250 3940 tenerur?

152 3967 271 4030 Statuit
291 3968 416 4030 Rituale
435 3969 540 4029 Rom:
560 3967 675 4028 “Ultro
693 3967 729 4029 ad
752 3966 840 4028 illum
860 3968 1001 4030 accedat:
1022 3968 1161 4048 illudque
1181 3989 1247 4031 non

150 4060 242 4121 semel
272 4064 395 4122 tantum
425 4061 474 4121 sod
503 4058 635 4140 arreptus.
664 4064 816 4138 quatenns
844 4080 921 4139 opns
951 4060 1058 4123 fuerit.
1107 4061 1156 4122 Ad
1186 4064 1249 4127 hoc

150 4152 283 4229 juvabit,
309 4153 492 4232 praesertim
519 4153 550 4213 in
578 4151 692 4231 amplis
719 4152 883 4232 parochiis
910 4156 1108 4232 aegrotorum
1135 4160 1247 4219 notam

182 4333 233 4384 ¹0.
252 4334 293 4385 Pl.
311 4334 384 4385 Bait.
404 4334 442 4384 Π.
462 4351 487 4385 n.
508 4338 564 4386 ils.
755 4337 811 4385 ³93
832 4336 915 4388 ltart.
938 4337 1012 4387 1878.

183 4410 259 4460 ²Rit.
288 4411 362 4460 Rom.
391 4409 464 4460 Ordo
491 4412 561 4461 actm.
591 4412 666 4462 Extr.
755 4413 858 4462 *Δηοῖ
890 4415 923 4464 ad
954 4413 1031 4462 llerr.
1063 4413 1089 4461 in
1120 4411 1183 4464 Art.
1217 4413 1246 4467 S.

147 4484 227 4537 Unci.
247 4485 275 4535 in
294 4486 353 4537 fine.
718 4489 805 4543 aistis,
826 4490 876 4538 vol.
898 4489 933 4538 xi.
955 4505 979 4551 p.
1004 4489 1059 4538 189.
