2804 4890
285 688 371 750 APP.
393 689 435 751 ll.
480 691 535 752 DE
558 694 790 754 DALMATIOA
812 693 1123 758 scrumosum.
1192 692 1255 757 569

160 881 246 944 reges
263 863 398 944 Angliae
415 866 506 946 viget.
545 862 674 930 Saeculo
690 863 749 928 1v.
767 860 944 927 Dalmatica
960 864 1091 927 cessavit
1108 882 1173 928 esse
1191 882 1253 925 ves-

159 956 201 1018 tis
213 955 365 1020 laicorum
377 963 409 1021 et
421 963 543 1022 retenta
555 959 621 1020 fuit
633 979 651 1021 a
663 958 737 1020 solis
749 959 904 1021 ministris
915 958 1035 1020 altaris.
1070 958 1161 1019 Tunc
1174 956 1252 1019 varii

159 1068 279 1130 quoque
304 1055 433 1114 ornatus
461 1051 627 1132 paullatim
654 1049 851 1131 superadditi
878 1053 962 1114 sunt.
1013 1050 1144 1114 Saeculo
1171 1049 1251 1111 Xll.

158 1141 261 1203 forma
278 1141 476 1222 aliquatenus
494 1150 617 1207 mutata
635 1146 709 1220 fuit,
728 1150 823 1225 prout
841 1146 874 1205 in
894 1147 988 1221 veste,
1004 1162 1083 1224 quae
1101 1141 1139 1204 ab
1159 1142 1252 1204 initio

158 1233 293 1296 indivisa
318 1242 350 1298 et
374 1235 510 1299 rotunda
535 1238 649 1313 fuerat,
675 1238 808 1299 scissura
834 1238 868 1297 in
894 1238 991 1300 latere
1014 1234 1252 1311 admittebatur,

158 1327 234 1406 quin
253 1346 324 1390 vero
340 1327 427 1390 infra
445 1328 572 1391 brachia
589 1350 643 1392 seu
660 1330 717 1392 sub
736 1330 868 1392 manicis
887 1329 1070 1410 conjunctio
1088 1350 1161 1392 cnm
1179 1327 1250 1392 reli-

156 1421 226 1499 quis
240 1420 382 1505 partibus
396 1418 576 1483 solveretur.
614 1423 716 1484 Simul
733 1422 866 1487 inferior
881 1443 954 1504 pars
969 1422 1161 1504 amplificata
1175 1421 1250 1498 fuit,

156 1531 216 1592 quo
232 1513 357 1575 facilius
372 1513 512 1575 ministri
527 1533 629 1575 merus
644 1515 823 1577 functiones
837 1535 977 1580 exercere
992 1517 1139 1578 valerent.
1166 1515 1249 1575 Tan-

155 1605 227 1668 dem
244 1605 467 1668 recentioribus
485 1606 678 1686 temporibus
693 1607 795 1670 adhuc
813 1608 944 1672 ulterior
962 1609 1096 1671 mutatio
1114 1627 1145 1669 se
1164 1607 1249 1686 inge·

156 1698 250 1760 rebat.
295 1699 377 1762 Loco
398 1700 482 1763 enim
505 1700 700 1761 manicarum
724 1702 819 1780 pauni
842 1701 1058 1782 dependebant
1081 1708 1112 1764 et
1134 1699 1249 1763 excisio

155 1790 189 1852 in
207 1791 357 1854 anteriori
375 1796 464 1872 parte
484 1810 589 1853 versus
608 1792 770 1854 brachium
789 1794 960 1856 accedebat.
1003 1793 1029 1854 N
1035 1794 1119 1874 egari
1138 1791 1249 1872 nequit

154 1883 209 1946 has
234 1882 471 1948 reformationes
492 1885 598 1966 potius
620 1885 864 1949 deformationes
888 1889 994 1949 fuisse.

195 1980 224 2037 4.
249 1976 321 2040 Non
337 1981 460 2040 constat
475 1977 622 2057 praecise,
638 1998 699 2059 quo
715 1984 854 2059 tempore
873 1978 1049 2041 Dalmatica
1067 1979 1161 2041 vestis
1177 1996 1247 2058 pro

154 2068 223 2149 pria
239 2069 441 2133 diaconorum
459 2070 543 2132 facta
558 2070 609 2133 sit.
647 2071 696 2132 Ab
713 2072 806 2132 initio
821 2071 904 2133 solus
923 2072 1080 2133 Romanus
1098 2069 1248 2133 Pontifex

152 2180 221 2224 eam
242 2161 401 2224 induebat.
443 2161 597 2241 Deinceps
617 2183 674 2243 per
693 2163 825 2243 speciale
847 2162 1007 2226 indultum
1029 2163 1246 2244 Apostolicum

154 2255 248 2317 variis
264 2255 417 2335 episcopis
434 2273 510 2316 usus
525 2274 686 2318 concessus
705 2256 769 2317 fuit
787 2261 817 2318 et
836 2261 942 2336 postea
959 2256 1108 2318 diaconis.
1148 2255 1246 2315 Tuni-

152 2346 239 2423 cella‚
270 2349 318 2409 uti
349 2347 484 2423 videtur,
515 2354 585 2429 post
614 2348 772 2410 saeculum
804 2348 1005 2409 undecimum
1039 2347 1245 2409 Subdiaconis

152 2440 310 2520 assignata
336 2444 391 2503 est.
440 2442 542 2503 Antea
569 2441 633 2502 sola
659 2440 740 2503 Alba
767 2441 814 2503 vel
841 2438 973 2503 Planeta
996 2440 1113 2521 plicata
1140 2438 1246 2502 induti

152 2533 364 2594 ministerium
393 2553 486 2594 suum
512 2538 723 2595 exercuerant.

195 2628 223 2687 5.
247 2625 385 2687 Ornatus
408 2627 474 2705 jam
498 2625 674 2706 antiquitus
700 2624 893 2689 Dalmaticae
916 2629 948 2689 et
972 2624 1154 2689 Tunicellae
1176 2624 1245 2687 dari

151 2722 387 2781 consueverunt.
426 2718 478 2781 Sic
498 2718 638 2780 fimbriae
671 2719 704 2779 in
724 2717 856 2780 manicis
874 2725 905 2783 et
924 2718 1066 2780 scissuris
1085 2718 1246 2799 appositae

152 2809 355 2886 habebantur,
375 2811 450 2873 item
470 2810 558 2874 flocci
576 2814 609 2873 et
625 2811 780 2891 ligaturae
801 2811 833 2872 in
851 2811 999 2873 humeris.

195 2907 222 2964 6.
247 2903 318 2967 Non
338 2902 462 2965 videtur
479 2904 610 2965 existere
628 2902 770 2984 specialis
789 2903 913 2966 rubrica
931 2905 969 2966 de
988 2904 1130 2979 materia,
1149 2925 1166 2967 e
1185 2923 1245 2984 qna

152 2995 328 3058 Dalmatica
347 3000 377 3058 et
396 2995 559 3059 Tunicella
577 2997 643 3058 sint
659 2995 878 3067 conficiendae,
896 2997 947 3059 sed
967 2996 1159 3061 consuetudo
1175 3015 1245 3059 nec·

152 3108 215 3151 nou
234 3089 315 3162 finis,
334 3089 384 3148 cui
403 3088 577 3150 inserviunt
599 3088 737 3165 (laetitia
754 3094 785 3150 et
803 3088 1011 3167 sollemnitas)
1035 3094 1153 3166 vetant,
1171 3108 1244 3170 quo-

151 3183 257 3243 minus
277 3181 483 3243 conficiantur
501 3201 517 3242 e
537 3182 668 3243 materia
689 3181 742 3241 vili
770 3180 868 3258 (lana,
888 3183 1032 3261 gossv'pio
1050 3183 1140 3260 etc).

195 3278 221 3336 l.
242 3273 418 3336 Dalmatica
432 3278 465 3336 et
479 3271 643 3335 'Punicellu
661 3272 817 3334 Diaconos
830 3280 860 3336 ct
879 3272 1095 3337 Subdiaconus
1109 3278 1245 3337 utuntur

152 3369 185 3428 in
204 3366 299 3428 Missa
319 3365 472 3433 sollemni.
492 3368 566 3429 item
585 3367 618 3427 in
639 3365 914 3428 Benedictionibus
930 3371 962 3429 et
982 3368 1244 3442 Processiouibus,

151 3460 276 3540 quando
298 3458 448 3521 sacerdoti
473 3459 664 3521 ministrant.
710 3459 862 3537 rlernpore
886 3480 956 3520 vero
978 3458 1141 3521 Adventus
1163 3461 1243 3533 Qua-

151 3552 343 3631 dragesimae
378 3553 521 3631 (excepta
551 3551 616 3613 Ill.
646 3550 811 3611 Dominica
842 3551 1004 3612 Adventus
1032 3558 1062 3613 et
1094 3552 1151 3613 IV.
1184 3551 1243 3614 Do·

151 3646 268 3706 minica
284 3643 561 3723 Quadragesimae)
584 3643 764 3706 ministrare
780 3643 892 3705 debent
909 3645 943 3704 iu
959 3642 1094 3724 planetis
1110 3643 1244 3723 plicatis.

152 3738 302 3800 Attamen
330 3739 404 3800 haec
432 3735 555 3799 rubrica
583 3736 664 3797 valet
689 3735 727 3798 de
754 3734 828 3797 solis
857 3735 972 3813 Missis,
1000 3755 1078 3816 quae
1105 3740 1179 3798 sunt
1206 3737 1244 3798 de

151 3833 291 3912 tempore
311 3835 343 3895 et
364 3851 426 3891 non
447 3831 485 3892 de
507 3826 613 3890 Missis
635 3828 747 3890 votivis
768 3833 799 3890 et
822 3826 953 3892 festivis.

193 3926 222 3986 8.
246 3923 335 3986 Inter
367 3922 580 3985 Processiones
609 3924 735 3982 tantum
764 3920 843 3984 duae
873 3920 1038 3999 habentur,
1069 3922 1103 3984 in
1132 3921 1244 4002 quibus

151 4014 329 4079 Dalmatica
357 4019 388 4078 et
417 4014 582 4077 Tunicella
610 4034 674 4076 non
704 4016 917 4090 assumuntur,
947 4034 988 4078 sc.
1019 4014 1179 4077 Processio
1210 4016 1243 4076 in

152 4109 319 4172 Dominica
343 4107 524 4170 Palmarum
548 4107 634 4169 etin
659 4106 740 4169 festo
765 4106 1000 4170 Purificationis
1023 4110 1051 4170 2.
1078 4107 1150 4171 Feb.
1173 4113 1245 4189 post

152 4202 405 4265 Benedictionem
431 4199 641 4262 candelarum.

193 4299 221 4357 9.
246 4294 284 4355 ln
315 4292 536 4356 Benedictione
564 4292 621 4354 SS.
652 4292 857 4359 Sacramenti.
886 4312 964 4374 quae
991 4292 1028 4355 fit
1055 4298 1198 4373 separata
1225 4313 1244 4357 a

151 4389 259 4458 Missa,
280 4407 375 4466 quum
399 4386 537 4447 ministri
561 4386 723 4453 assistunt.
746 4405 866 4463 semper
889 4384 1066 4448 Dalmatica
1089 4390 1122 4449 et
1144 4388 1242 4450 ‘Puni-

150 4481 229 4545 cella
243 4479 449 4551 adliibentur3
465 4479 490 4539 si
508 4498 578 4540 vero
600 4479 644 4557 (v.
661 4499 691 4560 g.
706 4483 844 4558 ternpore
863 4477 1040 4551 Adventus)
1064 4479 1243 4543 immediate
