2804 4890
511 664 566 721 Da
588 665 768 722 SABBATO
791 665 956 725 SANOTO.

559 1233 749 1313 CAPUT
783 1237 908 1314 XIX.

514 1432 569 1498 11
588 1434 768 1497 suasuro
788 1433 949 1498 sauoro.

647 1639 762 1710 ΛΒΤ.
786 1641 816 1711 Ι.

221 1823 271 1874 ΒΕ
293 1822 588 1875 PRAEPABANDIS
609 1823 683 1875 PRO
704 1823 878 1876 OMNIBUS
901 1823 927 1875 S.
950 1824 1243 1877 FUNO'PIONIBUS.

231 1994 303 2059 200.
325 1995 446 2060 “Extra
470 2001 594 2079 portam
619 1994 858 2078 principalem?
885 1994 918 2057 in
943 1997 1025 2060 atrio
1049 2017 1104 2059 seu
1128 1998 1163 2057 in
1187 1997 1276 2058 aditu

190 2108 274 2169 rpso:

236 2183 287 2262 (a)
315 2183 446 2246 “Mensa
465 2203 537 2245 euru
557 2182 683 2245 mantili
703 2183 783 2256 albo,
803 2187 835 2247 et
855 2202 1052 2262 supeream:

236 2277 289 2356 (b)
317 2277 444 2357 “Legile
471 2296 604 2357 parvum
631 2296 703 2337 cunr
732 2275 863 2337 Missali.

236 2371 285 2450 (1)
313 2371 448 2432 “Patere
468 2368 646 2450 argentea,''
666 2370 714 2430 vel
733 2371 880 2448 argenteo
901 2370 1001 2431 colore
1021 2368 1164 2445 obducta,
1184 2369 1280 2431 “eum

188 2466 325 2545 quinque
341 2463 477 2544 globulis
494 2463 612 2524 incensi
621 2482 630 2538 ;

236 2560 290 2637 (d)
317 2557 553 2619 “Thuribulum
574 2560 605 2618 et
626 2554 770 2617 navicula
792 2575 863 2617 eum
885 2557 986 2617 tbure.

232 2653 281 2730 (e)
309 2651 394 2712 “Vas
408 2671 504 2731 aquae
517 2648 696 2713 benedictae
708 2669 780 2711 eum
792 2648 964 2729 aspersorio
973 2649 1003 2724 ;''
1016 2650 1077 2710 nisi
1091 2650 1165 2711 haee
1183 2648 1273 2727 (c-e)

188 2765 207 2806 a
226 2745 347 2808 clericis
368 2747 542 2824 portentur.

236 2839 283 2916 (f)
311 2836 526 2917 “blanipulus,
543 2836 623 2899 stola
639 2841 671 2899 et
686 2835 856 2897 dalmatica
871 2835 934 2898 albi
951 2833 1093 2897 coloris.''

231 2931 293 2993 Pro
315 2931 414 2993 officio
435 2929 566 2992 solemni
590 2929 770 3009 manipulus
794 2930 947 2990 violaceus
972 2927 1171 2990 Subdiaeoni.

236 3024 289 3103 (p)
317 3024 473 3085 “Interna
491 3043 562 3085 cum
580 3022 729 3086 candela''
748 3027 779 3085 et
798 3026 976 3085 ramentum
995 3021 1217 3101 sulphuratum
1237 3020 1278 3083 ad

188 3117 420 3179 accendendum
444 3116 559 3179 lumen.

236 3212 289 3289 (b)
318 3209 421 3272 “Item
456 3230 551 3290 prope
586 3230 725 3271 mensam
759 3209 856 3288 tripes
888 3228 960 3270 curn
994 3207 1112 3269 foculo¹
1146 3207 1180 3268 in
1215 3227 1278 3289 quo

188 3303 334 3366 carbones
352 3303 539 3365 accendendi
557 3323 614 3382 pro
632 3324 708 3364 novo
725 3301 828 3382 igne.’'

235 3396 280 3476 (i)
307 3397 476 3476 “Foreipes
494 3395 655 3457 ferreae.''²

234 3491 288 3570 (lc)
316 3490 469 3552 “Arundo
490 3494 600 3551 ornata
621 3510 691 3549 euru
713 3489 813 3550 tribus
834 3487 972 3550 candelis
994 3488 1027 3547 in
1048 3486 1277 3549 summitate.''³

230 3587 257 3645 2.
281 3584 342 3645 “lo
357 3584 464 3645 Alteri
480 3583 610 3661 mojori:
630 3583 681 3659 (11)
703 3581 827 3659 Duplex
844 3583 876 3641 in
893 3602 928 3642 eo
946 3579 1083 3640 Pallium
1105 3579 1277 3658 [1111111111]-

187 3677 307 3758 111111111,
333 3677 440 3739 album
466 3677 576 3737 subtus
602 3680 632 3736 et
659 3673 828 3736 violaceum
855 3671 1018 3753 desuper.''
1067 3672 1276 3734 Tabernaouli

186 3772 334 3835 ostiolum
353 3770 550 3850 relinquatur
568 3773 722 3847 apertum.

234 3866 286 3944 (b)
314 3864 395 3926 “Pes
418 3864 540 3942 ligneus
564 3861 609 3922 vel
634 3861 714 3923 basis
737 3880 910 3922 marmorea
932 3860 966 3919 in
989 3859 1085 3921 latere
1110 3858 1276 3938 Evangelii

187 3979 243 4039 pro
263 3957 417 4018 firmanda
436 3955 601 4017 arundine.

234 4052 282 4129 (c)
311 4049 438 4129 “Legile
459 4069 515 4126 pro
537 4045 727 4108 Praeconio'’
748 4066 852 4126 panno
873 4046 941 4107 albo
962 4051 1149 4108 contectum.

220 4190 230 4221 1
252 4180 367 4246 Ghaflng
381 4183 449 4232 dish.
756 4194 840 4242 aeque
865 4180 935 4229 inter
958 4196 985 4230 so
1010 4181 1129 4241 «limitas,
1152 4182 1221 4231 adeo
1244 4185 1277 4233 ut

220 4261 350 4323 2'1'011gg,
756 4258 888 4320 trianguli
925 4258 1075 4307 similitudo
1112 4259 1138 4306 in
1174 4260 1277 4310 vertice

220 4339 385 4388 st'unuelos
401 4340 508 4402 oportet
525 4336 656 4397 conjungi
676 4336 701 4383 in
756 4335 873 4384 oriatur:
914 4336 948 4384 1111
985 4336 1142 4398 mysterium
1180 4351 1277 4401 nempe

187 4420 240 4466 iura
265 4424 342 4480 purte
367 4421 392 4464 et
419 4414 483 4478 111ιί11
510 4429 591 4463 111111111
617 4413 700 4463 veluti
759 4413 881 4461 l'nitatis
906 4419 932 4462 et
960 4413 1107 4462 Trinitatis
1132 4429 1179 4477 1111
1205 4428 1276 4477 syrn-

183 4493 337 4551 ett'orruure,
347 4494 444 4542 exirule
459 4493 484 4540 iu
499 4497 554 4541 tres
568 4491 701 4556 distingui
756 4491 819 4539 bola
835 4490 1047 4555 exprimendum.
1089 4490 1235 4553 (Gavant.)
