2804 4890
182 617 244 683 456
305 629 357 686 DE
381 628 643 687 SANCTISSIMO
666 626 966 685 scennnls'rlns
988 625 1275 684 SAORAMENTO.

183 792 323 874 linguam
348 795 618 870 communicantis,
641 791 742 857 tribus
764 792 888 854 ultimis
911 791 1021 872 digitis
1043 790 1121 855 bene
1144 788 1275 852 clausis.

183 885 218 948 Si
242 885 409 967 aliquando
430 886 698 949 communicandis
723 891 845 966 tempus
868 884 1033 947 accedendi
1056 882 1274 966 praebendum

182 979 234 1055 sit,
251 978 400 1041 Sacerdos
416 984 580 1060 expectans
596 980 724 1041 interim
740 1000 771 1040 se
785 981 943 1042 convertat
960 979 999 1039 ad
1016 978 1134 1039 Altare.

225 1075 252 1133 ¹7.
275 1072 360 1135 “Ubi
377 1093 448 1136 vero
465 1091 572 1135 omnes
589 1072 887 1134 communicaverint
906 1070 1054 1133 Sacerdos
1073 1090 1214 1132 reversus
1231 1070 1275 1133 ad

182 1164 292 1228 Altare
313 1164 392 1228 dicit
401 1163 443 1226 :''⁸

224 1257 250 1320 O
275 1276 398 1321 sacrum
424 1257 610 1332 conuiuium,
635 1258 671 1320 in
696 1279 754 1340 quo
780 1257 926 1321 Christus
949 1257 1097 1331 sumitur,
1121 1257 1277 1322 recolitur

182 1349 332 1413 memorio
359 1349 513 1433 passionis
542 1352 620 1431 ejus,
650 1371 737 1413 mens
763 1350 915 1432 impletur
942 1351 1053 1431 pratia
1083 1356 1113 1414 et
1140 1353 1275 1434 futurae

182 1443 298 1522 pieriae
317 1444 406 1506 nabas
424 1443 540 1526 pipnus
559 1445 660 1507 datur.
704 1445 888 1525 (Alleluja.)

223 1535 264 1598 V.
285 1537 404 1599 Panem
426 1536 462 1598 de
484 1538 565 1599 coelo
586 1535 775 1618 praestitisti
795 1537 847 1600 eis.
895 1538 1078 1619 (Alleluia.)

224 1627 371 1690 Minister
390 1627 571 1707 respondet:
593 1629 693 1692 Omne
713 1630 973 1692 delectamentum
990 1630 1025 1693 in
1044 1648 1075 1694 se
1096 1631 1276 1694 limantem.

187 1719 381 1800 (Alleduja.)

223 1816 253 1875 8.
276 1813 351 1875 Mox
376 1813 524 1876 Sacerdos
549 1814 643 1876 dicit:

217 1904 257 1967 V.
279 1904 425 1978 Domine,
450 1907 757 1970 enucleationem
783 1929 892 1972 meam.

224 1997 261 2060 R.
283 1998 327 2061 Et
345 2000 462 2061 clausor
479 2021 566 2062 nicus
581 2001 622 2063 ad
641 2006 669 2064 tc
688 1999 801 2066 ueniat.

223 2088 265 2156 V.
285 2090 442 2155 Dominus
465 2091 633 2156 caducum.
679 2092 716 2156 R.
739 2094 781 2157 nu
807 2115 877 2157 cum
900 2094 1018 2177 spiritu
1042 2098 1107 2163 tm.

659 2377 801 2440 Oramus.

222 2534 318 2607 Deus,
337 2533 392 2615 qui
408 2530 498 2597 nobis
514 2534 570 2596 sub
590 2533 792 2596 Sacramenta
812 2533 951 2597 mirabili
966 2539 1023 2598 etc.
1065 2535 1128 2614 Oui
1145 2535 1225 2599 uiuis
1244 2542 1277 2600 et

181 2648 292 2707 repnas
314 2648 383 2689 cum
405 2627 470 2690 Deo
491 2627 539 2698 P,
559 2626 632 2688 etc.⁹

223 2721 376 2799 Tempore
396 2718 532 2799 paschali
555 2718 673 2779 dicitur
695 2718 820 2780 Oratio:

222 2811 379 2892 Spiritum
395 2810 493 2879 natm,
508 2810 654 2883 Domine,
670 2815 740 2873 tuae
757 2810 897 2874 caritatis
910 2811 1063 2895 infunde:
1076 2819 1113 2876 ut
1129 2834 1205 2895 quos
1218 2814 1277 2877 Sa-

180 2904 348 2968 cramentis
371 2902 566 2984 paschalibus
591 2901 725 2974 satiasti,
754 2908 806 2965 tua
831 2905 930 2984 facias
955 2905 1071 2986 pr'rtate
1098 2908 1276 2972 concordes.

179 2997 243 3059 Per
262 2996 435 3058 Dominum
459 2998 601 3057 nostrum
620 2995 732 3058 desum
755 2995 929 3070 Christum,
951 3004 1008 3061 etc.

222 3090 258 3151 R.
281 3090 393 3151 Arnen.

221 3181 291 3243 Hae
309 3199 414 3261 preces
433 3179 581 3243 dicendae
601 3184 675 3241 sunt
696 3178 782 3244 infra
802 3182 994 3244 ablutionem
1014 3190 1045 3247 et
1067 3185 1275 3248 extersionem

179 3274 390 3355 mmmmmD

221 3372 249 3429 9.
274 3367 391 3429 Statim
416 3386 451 3428 ac
478 3365 619 3428 sacerdos
645 3366 789 3446 deposuit
816 3365 961 3447 pyxidem
990 3389 1083 3449 snper
1110 3370 1212 3431 littori
1242 3378 1273 3433 et

178 3466 345 3542 antequam
360 3480 429 3523 earn
445 3459 592 3539 cooperit,
607 3458 827 3538 genuflectit.¹¹
845 3459 964 3522 Deinde
981 3464 1026 3523 “si
1044 3463 1170 3542 aliquod
1189 3464 1273 3541 irnp-

178 3560 319 3617 mentnm
335 3553 445 3629 digitis
461 3552 645 3617 adhaeserit.
664 3550 740 3611 illud
761 3553 789 3613 in
810 3553 953 3631 pyxidem
972 3556 1137 3633 deponat?
1154 3558 1272 3616 coniri-

176 3648 275 3710 cando
299 3647 416 3724 digitos
438 3665 531 3725 super
557 3643 653 3712 illam,
679 3643 800 3705 clandit
823 3646 979 3724 pyxidem,
1003 3647 1140 3725 “digitos
1164 3648 1271 3713 abluat

175 3744 207 3804 et
235 3738 423 3817 abstergat.''
477 3738 588 3799 Postea
619 3738 763 3816 “reponit
795 3737 1032 3801 Sacramentum
1065 3743 1097 3802 in
1129 3742 1271 3804 taberna-

176 3833 277 3910 culo‚’'
293 3831 474 3912 genriflectit
493 3835 524 3891 ct.
540 3829 733 3891 tabernaculi
750 3829 897 3892 ostiolum
914 3830 1072 3893 clumlit.¹²

211 3987 394 4053 ⁸Antiph0na
423 3984 444 4036 0
473 3998 579 4034 sarnum
609 3982 696 4033 conui-
748 3983 866 4045 longam,
925 3988 989 4034 ante
1048 3986 1270 4038 Βρῃρᾱῑρῇοῃρη,

174 4067 256 4128 vium,
282 4063 436 4114 Versiculos
457 4065 484 4113 et
507 4059 603 4111 Oratio
625 4059 698 4109 Deus
749 4058 919 4109 Sanctissimi
945 4076 1008 4111 vero
1034 4061 1149 4113 brevem.

175 4144 221 4206 qui
244 4141 322 4191 nobis
345 4143 409 4190 sant
431 4139 464 4189 de
489 4139 635 4202 praecepto
659 4149 696 4184 se·
783 4140 808 4173 1⁰
819 4134 851 4186 D.
873 4138 912 4186 14.
928 4137 992 4187 Jan.
1014 4138 1088 4199 1898,
1106 4155 1131 4188 n.
1149 4139 1226 4190 3975.
1245 4143 1260 4189 3

173 4219 290 4272 cundum
313 4231 410 4266 norum
434 4213 552 4264 Rituale.
573 4209 696 4271 Alleluia
748 4213 769 4261 1.

172 4297 285 4348 additur
299 4294 390 4357 Temp.
406 4291 500 4341 lucen.
514 4294 543 4340 et
554 4303 603 4354 per
616 4287 694 4337 Octa·
783 4293 806 4325 ¹1
819 4286 860 4339 ib.
880 4290 915 4339 ad
935 4289 958 4339 3.
979 4291 1002 4338 2.

171 4387 233 4424 vam
250 4371 329 4435 Corp.
346 4368 456 4418 Christi.
782 4368 806 4400 ¹²
817 4363 849 4414 D.
867 4366 943 4415 3116.

208 4448 307 4498 ⁹Nota
335 4447 382 4496 hoc
413 4443 470 4493 loco
497 4441 693 4492 conclusionem
