2804 4890
165 657 227 720 416
435 668 489 724 DE
509 670 702 727 VESPERIS
724 672 992 729 SOLEMNIBUS.

168 835 310 899 sacristia
329 836 476 917 deponit3
497 839 575 900 etsi
596 838 770 901 benedictio
794 840 992 902 Sanctissimi
1013 841 1171 921 sequatur,
1191 840 1262 920 post

167 927 321 991 Divinum
338 930 492 993 cecilium
513 932 681 994 revertitur
699 933 733 993 in
754 933 976 995 sanctuarium
996 953 1068 996 cum
1087 931 1262 997 ferentibus

168 1022 335 1085 intortitia.

211 1119 238 1177 5.
264 1115 297 1177 Si
313 1116 460 1178 assistant
475 1120 609 1197 quatuor
623 1118 671 1182 vel
686 1138 738 1181 sex
753 1117 969 1196 Pluvialistae,
983 1119 1106 1201 primus
1120 1119 1262 1181 incensat

169 1207 395 1284 Celehrantem,
414 1208 527 1273 deinde
546 1210 679 1273 ultimus
702 1211 850 1292 (quartus
868 1212 915 1275 vel
934 1212 1073 1290 sextus),
1091 1210 1262 1274 comitante

168 1299 383 1375 thuriferario,
401 1302 541 1365 incensat
560 1303 700 1380 chorum,
718 1309 756 1367 ut
774 1304 932 1367 Diaconos
950 1305 985 1366 in
1004 1304 1102 1366 Missa
1120 1301 1262 1379 solemni,

167 1393 280 1456 deinde
299 1394 433 1474 reliquos
452 1394 665 1459 Pluvialistas.
707 1398 797 1460 Tunc
817 1397 1015 1460 thuribulum
1036 1396 1140 1460 reddit
1160 1396 1261 1460 thuri-

168 1486 293 1562 ferario,
315 1508 332 1549 a
352 1507 413 1566 quo
435 1489 499 1567 ipse
520 1487 640 1568 duplici
661 1489 758 1552 ductu
778 1492 968 1565 incensatur,
989 1490 1094 1570 etqui
1115 1489 1262 1570 deinceps

169 1579 309 1643 incensat
328 1579 627 1659 Caeremoniarium,
646 1581 804 1662 acolythos
821 1587 854 1648 et
871 1582 1025 1666 populum
1044 1585 1081 1646 ut
1099 1581 1219 1664 supra.⁸

607 1802 722 1874 ΛΒΤ.
747 1802 814 1874 VI.

237 1993 289 2046 DE
311 1992 524 2048 AOOLYTHIS
546 1995 617 2046 SEU
640 1995 914 2047 CEBOFERARIIS
936 1996 979 2047 IN
1002 1996 1185 2048 vuspums

585 2075 835 2128 SOLEMNIBUS.

208 2246 279 2311 268.
302 2248 520 2311 “Praecedunt
541 2248 604 2312 duo
625 2247 762 2328 acolythi
784 2247 959 2313 deferentes
981 2247 1166 2312 candelabra
1187 2267 1258 2310 cum

166 2340 304 2404 candelis
320 2340 477 2403 accensis''
492 2346 551 2403 etc.
569 2341 619 2402 uti
635 2341 674 2403 ad
693 2341 823 2402 Missam
840 2342 1020 2415 solemnem,
1036 2345 1067 2403 et
1084 2339 1260 2404 subsistunt

167 2435 232 2498 fere
249 2434 288 2495 ad
306 2433 458 2513 angulum
475 2434 577 2496 infimi
594 2432 711 2513 gradus
729 2433 859 2508 Altaris,
875 2435 921 2495 vel
939 2435 965 2495 si
983 2436 1068 2497 locus
1086 2434 1127 2495 sit
1144 2431 1260 2495 arctior

167 2532 250 2589 retro
263 2532 334 2608 post
350 2527 549 2600 Assistcntcs‚
561 2524 777 2606 genuflectunt
793 2525 886 2588 simul
901 2546 972 2588 cum
988 2524 1182 2600 Celebrante,
1197 2544 1258 2586 non

166 2625 268 2695 antea,
286 2619 447 2700 deponunt
463 2618 647 2680 candelabra
666 2619 698 2678 in
716 2617 893 2698 pavimento
910 2623 965 2679 aut
982 2637 1075 2697 super
1091 2617 1208 2698 gradus
1226 2619 1259 2679 in

166 2712 334 2787 lateribus;
358 2713 549 2791 extinguunt
574 2730 645 2772 suas
671 2708 814 2772 candelas
845 2709 923 2788 (nisi
951 2709 1192 2773 Sanctissimum
1218 2711 1259 2772 sit

165 2804 358 2885 expositum)
374 2825 382 2879 ;
401 2805 513 2866 deinde
532 2803 627 2865 simul
646 2823 718 2864 cum
737 2802 920 2865 Celebrante
939 2802 1111 2866 salutantes
1129 2804 1259 2865 chorum

166 2898 205 2960 ad
225 2896 311 2960 sedes
330 2917 400 2959 suas
418 2895 593 2970 accedunt,¹
613 2895 667 2956 ubi
688 2895 721 2956 in
742 2893 864 2972 stando,
884 2894 1018 2958 sedendo
1037 2900 1095 2959 etc.
1115 2916 1147 2960 se
1166 2896 1260 2958 choro

165 2989 410 3052 accommodant.

209 3086 236 3143 2.
261 3082 351 3143 Intra
375 3082 521 3160 quintum
544 3080 711 3159 psalmum,
735 3080 870 3143 salutato
895 3079 1079 3145 Celebrante
1100 3085 1132 3145 at
1156 3077 1260 3157 chore,

166 3174 317 3238 accedunt
335 3174 374 3236 ad
394 3173 513 3244 Altam,
532 3172 676 3234 candelas
694 3193 765 3234 suas
785 3173 969 3247 accendunt,
987 3180 1030 3249 et,
1049 3174 1125 3236 dum
1146 3174 1258 3255 repeti-

167 3273 220 3330 tur
240 3266 423 3345 antiphona,
444 3264 573 3328 coibunt
596 3266 627 3326 in
649 3265 787 3326 medium
809 3270 881 3328 ante
903 3266 1021 3341 Altam,
1043 3265 1260 3346 genuflectunt

172 3361 282 3439 (simul
296 3378 368 3421 cum
383 3357 578 3419 Pluvialistis
592 3358 617 3418 si
631 3355 769 3431 adsint),
781 3363 811 3419 ct
824 3358 863 3419 ad
878 3357 1094 3421 Celebrantem
1108 3358 1261 3422 accedunt

166 3453 279 3516 debitis
294 3473 366 3513 cum
382 3450 573 3524 reverentiis,
589 3455 620 3511 et
634 3450 708 3511 hinc
724 3449 797 3511 inde
811 3449 891 3511 facio
907 3450 946 3511 ad
964 3451 1096 3513 invicem
1113 3471 1260 3514 conversa

165 3552 238 3609 antc
262 3565 333 3607 eum
357 3543 508 3607 assistunt
533 3562 629 3621 usque
654 3541 693 3602 od
719 3541 946 3603 intonationem
972 3543 1099 3622 hyrnni;
1123 3548 1149 3606 si
1174 3544 1258 3606 infra

165 3640 300 3719 primam
315 3635 476 3717 stropham
490 3635 532 3697 sit
544 3632 828 3715 genuflectendum,
842 3637 928 3697 stant
943 3632 987 3696 ibi
1000 3655 1098 3716 usque
1111 3636 1150 3697 ad
1164 3635 1259 3698 finem

165 3735 230 3795 stro
253 3731 320 3793 hae.

207 3751 297 3886 Thnc
324 3823 452 3884 coibunt
478 3839 586 3881 rursus
613 3824 684 3880 ante
712 3817 938 3892 Celebrantcm,
964 3818 1104 3883 salutant
1130 3841 1201 3884 eum
1228 3826 1259 3885 et

166 3916 349 3980 candelabra
374 3935 429 3976 sua
457 3914 489 3976 in
516 3912 612 3992 priori
640 3911 705 3973 loco
733 3915 888 3990 reponunt
915 3917 1137 3994 remanentque
1163 3935 1259 3995 prope

167 4013 268 4091 ipsum
288 4007 405 4070 Altarc.

200 4167 280 4219 ³0fr.
300 4166 376 4218 Caer.
397 4165 447 4230 Ep.
468 4161 508 4213 II.
527 4162 551 4224 3,
570 4161 595 4221 2,
614 4162 685 4211 Mar·
734 4164 881 4215 censantur
894 4166 959 4216 aute
973 4164 1091 4215 chorum.

162 4245 264 4297 tinucci
283 4243 306 4296 I.
326 4244 351 4306 9,
370 4242 404 4293 37
422 4245 451 4293 et
469 4239 510 4292 Π.
529 4239 555 4305 2,
574 4240 621 4303 49;
644 4240 684 4291 De
770 4238 837 4290 ¹Ibi
853 4238 944 4291 bireta
959 4239 1019 4305 jam
1034 4243 1197 4292 anteamnt
1214 4241 1255 4295 de·

167 4320 266 4383 Herdt,
298 4317 398 4369 Praxis
429 4315 536 4366 Pontii.
569 4314 609 4364 ΙΙ.
643 4315 684 4364 47.
735 4316 833 4383 posita,
847 4316 872 4368 si
887 4317 954 4384 ipsis
966 4319 1089 4370 utantur.

162 4397 250 4450 Juxta
270 4396 310 4449 De
332 4396 421 4464 Carpo
442 4392 623 4447 Pluvialistae
647 4392 684 4445 iu·
