2804 4890
379 696 433 753 DE
454 693 728 754 COMMUNIONE
750 686 1021 749 INFIRMORUM.
1181 676 1243 742 459

601 948 715 1019 ART.
741 948 785 1019 V.

393 1191 443 1244 DE
462 1190 719 1244 COMMUNIONE
739 1188 995 1241 INFIRMOBUM.

194 1383 263 1448 287.
286 1385 323 1447 Δ.
338 1385 464 1449 Delatio
477 1386 597 1449 viatici
611 1384 748 1465 publice.
785 1385 917 1461 Quando
933 1382 989 1448 SS.
1006 1384 1244 1447 Sacramentum

152 1478 318 1543 manifeste
333 1480 373 1542 ad
388 1480 551 1543 infirmum
565 1480 683 1544 deferri
698 1483 810 1561 potest,
825 1482 861 1542 ut
876 1480 910 1540 in
925 1476 1097 1541 Catholicis
1110 1474 1244 1555 regioni·

154 1570 219 1647 bus,
239 1573 286 1633 vel
305 1573 356 1634 hic
375 1574 409 1634 in
428 1572 624 1648 nosocomiis,
643 1573 841 1636 monasteriis
859 1578 916 1634 etc.
937 1570 1100 1633 “defertur
1120 1567 1244 1631 honori-

152 1662 219 1740 fice,
232 1684 353 1746 semper
367 1666 487 1728 lumine
499 1665 712 1747 praecedente.
748 1713 756 1728 .
792 1713 799 1726 .
832 1662 981 1727 Sacerdos
995 1662 1126 1725 indutus
1139 1678 1244 1742 super·

153 1755 282 1836 pelliceo
298 1764 329 1821 et
346 1757 426 1820 stola
443 1764 484 1833 et,
499 1760 526 1819 si
545 1757 651 1821 haberi
667 1762 779 1839 potest,
797 1754 940 1838 pluviali¹
959 1755 1022 1818 albi
1040 1753 1153 1817 coloris
1176 1802 1182 1815 .
1207 1800 1214 1814 .
1237 1800 1245 1815 .

153 1849 301 1929 imposito
342 1849 402 1912 sibi
423 1849 555 1930 oblongo
577 1849 654 1926 velo,
675 1855 806 1930 utraque
829 1869 924 1912 manu
944 1849 1078 1928 accipiat
1100 1867 1152 1909 vas
1174 1865 1245 1908 cum

156 1941 387 2017 Sacrament0‚”
410 1943 492 2023 quod
516 1943 675 2023 integrum
698 1943 854 2022 cooperiat
876 1940 1128 2003 extremitatibus
1150 1939 1246 2016 hujus

155 2034 212 2096 veli
234 2033 427 2097 humeralis?
469 2034 641 2096 “Sacerdos
663 2034 902 2097 Sacramentum
922 2040 1048 2115 gestans
1066 2032 1145 2094 dicit
1166 2029 1246 2112 psal-

154 2146 241 2187 mum
253 2126 401 2189 Miserere
415 2132 446 2191 et
460 2126 538 2189 alios
552 2126 689 2208 psalmos
702 2131 734 2189 et
745 2125 898 2201 cantica,''
912 2130 969 2189 aut
981 2125 1091 2188 recitat
1105 2124 1247 2188 Litanias

155 2218 200 2280 vel
218 2219 383 2280 Rosariurn
401 2221 473 2281 etc.l

198 2313 225 2372 2.
248 2311 283 2371 B.
307 2310 434 2373 Delatio
457 2310 577 2372 viatici
603 2310 736 2372 occulta.
785 2310 947 2373 Ordinarii
972 2331 1009 2375 ex
1034 2311 1121 2388 justa
1144 2314 1175 2371 et
1200 2326 1247 2370 ra·

156 2403 300 2466 tionabili
321 2422 414 2464 causa
436 2404 618 2483 permittere
641 2406 782 2483 possunt,
804 2405 862 2465 “ut
882 2402 966 2466 mala
988 2402 1108 2465 affectis
1131 2401 1247 2465 valetu-

157 2495 240 2570 dine,
262 2496 316 2576 qui
340 2495 432 2559 domo
452 2495 559 2575 egredi
582 2501 738 2576 nequeant
760 2501 791 2558 et
815 2495 1076 2558 communionem
1098 2496 1136 2557 ob
1158 2494 1248 2557 devo·

157 2589 275 2651 tionem
305 2592 425 2668 petant,
455 2607 526 2649 cum
558 2587 741 2667 praesertim
772 2588 806 2649 in
836 2588 941 2667 aliqua
971 2589 1113 2669 paroecia
1143 2587 1249 2669 plures

157 2685 275 2761 petant,
297 2680 343 2742 rel
363 2680 477 2760 aliquis
497 2684 584 2761 petat
604 2680 794 2760 frequenter,
814 2680 846 2743 S.
869 2679 1069 2743 Eucharistia
1089 2680 1249 2762 privatim,

157 2793 210 2836 seu
231 2793 293 2835 non
312 2772 481 2835 observatis
503 2770 640 2835 Ritualis
660 2771 969 2853 praescriptionibus,
989 2774 1028 2836 ab
1048 2772 1176 2836 ecclesia
1196 2773 1249 2835 do

156 2886 245 2928 mum
265 2863 471 2928 deleratur.''⁴
493 2863 625 2939 Quando
649 2863 798 2927 Sacerdos
819 2866 876 2928 hac
897 2865 1048 2929 facultate
1069 2866 1183 2935 utitur.
1205 2884 1249 2928 se·
1291 2882 1296 2891 ·

158 2960 285 3040 quentia
302 2957 491 3021 observanda
508 2960 591 3018 sunt.

199 3049 328 3112 Duobus
340 3050 436 3112 cereis
449 3050 585 3111 accensis
598 3050 803 3130 manibusque
818 3051 890 3113 loris
905 3051 1055 3114 Sacerdos
1067 3050 1250 3134 superpelli-

158 3162 211 3205 ceo
230 3148 261 3206 et
283 3144 362 3205 stola
383 3143 453 3204 alba
476 3142 620 3204 indutus⁶
644 3142 736 3205 modo
758 3148 905 3207 consueto
929 3143 986 3207 SS.
1012 3143 1251 3207 Sacramentum

158 3236 269 3316 “ponit
291 3236 323 3296 in
346 3233 460 3317 pyxide
482 3253 536 3298 seu
557 3253 653 3314 parva
675 3233 848 3310 custodia,''
868 3255 931 3300 non
953 3238 1058 3317 plures
1080 3236 1251 3319 particulas

159 3348 251 3408 quarn
276 3332 350 3390 sunt
375 3327 493 3388 infirmi
518 3326 781 3389 communicandi.
829 3328 943 3391 l'lauso
966 3330 1166 3395 tabernaculo
1192 3330 1249 3393 SS.

164 3419 401 3482 Sacramentum
434 3438 527 3499 super
559 3418 664 3480 Alteri
698 3420 948 3499 relinquit-vel
982 3423 1074 3499 juxta
1104 3421 1183 3484 alios
1208 3423 1251 3483 'in

160 3513 299 3575 sacristia
316 3532 409 3592 super
426 3531 566 3574 mensam
583 3511 723 3591 deponit,
739 3511 853 3574 debitis
870 3512 1251 3593 genuflexionibus—ibi-

160 3606 229 3667 deru
244 3605 355 3666 stolmn
370 3611 401 3668 et
415 3602 675 3685 superpelliceum
688 3604 776 3666 exuit
795 3605 967 3685 (simulque
981 3612 1095 3668 vestem
1110 3607 1251 3673 talarem.

160 3701 185 3759 si
210 3697 295 3759 illam
317 3716 410 3776 super
431 3700 529 3758 vestes
550 3695 722 3759 saeculares
745 3696 921 3769 induerat).
966 3697 1087 3761 Deinde
1110 3701 1251 3767 aesrrmit.

160 3811 237 3872 quac
257 3791 461 3870 requiruntur
479 3810 535 3870 pro
554 3788 681 3851 Viatico
697 3790 966 3858 administrando:
987 3812 1097 3872 nempe
1119 3793 1252 3860 Rituale.

160 3883 418 3964 superpelliceum
454 3880 640 3957 revolutum,
676 3881 787 3944 stolam
822 3883 949 3956 albam,⁸
982 3905 1075 3965 quarn
1112 3887 1253 3967 “semper

160 3977 270 4039 lrabeat
295 3973 431 4056 propriis
455 3980 632 4055 coopertam
656 3973 836 4050 vestibus‚’'⁷
862 3978 1097 4059 manutergium
1121 3998 1252 4060 parvum

194 4131 341 4183 ¹Pluviale
354 4144 408 4181 non
422 4133 465 4181 est
478 4130 512 4181 de
525 4133 680 4196 praecepto,
769 4129 818 4181 ⁵0.
837 4131 878 4182 Pl.
896 4131 969 4184 Bait.
987 4132 1027 4185 11.
1044 4132 1125 4186 Dect.
1142 4133 1201 4186 264.

163 4208 244 4258 Gard.
762 4207 877 4259 ‘Etiam
894 4209 968 4262 feria
982 4210 1032 4262 VI.
1047 4212 1075 4262 in
1091 4218 1251 4266 Paraseeve.

197 4283 250 4332 21).
271 4283 348 4333 2017.
734 4281 765 4332 D.
785 4282 861 4334 2383.

199 4357 328 4409 ³Baruit.
356 4357 448 4409 Caval.
769 4364 780 4396 ἴ
791 4358 891 4411 Bened.
918 4360 995 4412 XIV.
1020 4359 1111 4415 Const.
1138 4365 1162 4415 2.
1189 4363 1255 4416 Feb.

198 4434 246 4484 ⁴S.
262 4433 290 4484 C.
303 4434 336 4484 de
350 4435 415 4484 disc.
428 4434 548 4484 Sacram.
563 4432 603 4482 23.
619 4432 681 4484 Dec.
735 4435 816 4499 17443
839 4440 868 4487 ct
890 4434 917 4487 S.
939 4436 968 4488 Ο.
991 4439 1024 4490 de
1045 4439 1111 4491 disc.
1133 4440 1251 4490 suram

166 4512 239 4561 1912.
733 4511 775 4561 23.
799 4509 862 4563 Dee.
888 4512 963 4565 1912.
