2804 4890
460 691 546 746 APP.
571 691 612 747 11.
652 692 706 745 DE
729 693 921 748 PLANETA.
1183 683 1244 747 563

150 863 182 922 et
205 857 344 935 sinistro,
370 859 484 922 Casula
507 861 609 923 excisa
631 867 662 924 et
685 861 846 924 decurtata
870 862 944 926 luit.
991 863 1043 925 Sic
1068 862 1108 924 ad
1133 880 1244 922 manus

151 951 231 1013 solas
258 953 456 1032 pertingebat
481 958 514 1016 et
539 954 636 1015 etiam
663 955 696 1016 in
716 959 810 1037 parte
837 956 981 1018 inleriori
1009 975 1115 1018 versus
1140 953 1243 1035 pedae,

152 1049 235 1106 retro
258 1054 291 1106 et
316 1045 349 1106 in
376 1046 490 1120 fronte,
516 1047 651 1109 formam
676 1047 843 1109 acuminis³
867 1047 1052 1110 assumebat.
1100 1049 1161 1109 Pro
1186 1048 1243 1110 hoc

152 1136 336 1200 indumento
348 1156 462 1199 nomen
474 1137 588 1200 Casula
602 1139 734 1202 Gothica
747 1142 781 1203 in
793 1160 885 1203 usum
898 1141 993 1216 venit,
1006 1140 1153 1219 quoniam
1165 1134 1246 1218 stylo

151 1229 277 1310 gothico
315 1230 366 1309 (in
397 1230 623 1310 architectura)
660 1232 731 1313 plus
763 1233 906 1296 minusve
939 1232 1135 1296 conformata
1167 1234 1244 1295 erat.

152 1323 242 1385 Nova
266 1323 412 1404 deinceps
439 1322 631 1387 modificatio
658 1345 763 1389 versus
791 1326 950 1388 saeculum
977 1326 1068 1389 XVI.
1098 1323 1244 1391 occurrit.

154 1416 225 1478 Non
244 1415 380 1497 amplius
399 1415 438 1477 ad
459 1415 552 1497 pedcs
572 1416 716 1481 vestisse
736 1418 885 1481 extendit.
930 1419 961 1481 S.
982 1418 1113 1481 Carolus
1133 1419 1242 1481 Borro

152 1528 257 1571 maeus
289 1509 340 1588 (in
366 1507 499 1571 Actibus
525 1509 681 1574 Ecclesiae
709 1510 968 1590 Mediolanensis)
1001 1532 1070 1574 eam
1097 1509 1243 1573 describit

153 1603 213 1664 ita:
233 1602 368 1663 “Casula
389 1599 509 1664 cubitos
529 1607 590 1665 tres
608 1609 638 1665 et
657 1603 750 1684 paulo
770 1603 907 1684 amplius
926 1603 989 1667 late
1007 1609 1118 1686 patens
1136 1604 1188 1679 sit,
1209 1606 1245 1664 ut

152 1695 189 1756 ab
206 1694 344 1757 humeris
359 1695 500 1774 projecta
516 1695 786 1775 complicationem
804 1697 899 1758 unius
916 1696 1027 1759 saltem
1044 1695 1142 1777 palmi
1160 1695 1246 1757 infra

152 1794 320 1867 utrumque
347 1789 514 1850 humerum
541 1789 677 1869 recipere
703 1789 810 1868 possit.
859 1789 965 1870 Longe
993 1793 1097 1852 autem
1125 1788 1245 1851 cubitos

153 1879 284 1943 totidem
306 1884 362 1942 aut
384 1880 546 1961 aliquanto
570 1880 695 1961 longius
719 1881 854 1945 demissa
877 1881 949 1945 sit.'’
997 1882 1058 1945 Sed
1082 1882 1149 1961 jam
1173 1900 1245 1944 mox

153 1971 273 2034 saeculo
302 1972 412 2034 XVII.
441 1992 538 2037 novae
563 1974 754 2036 mutationes
782 1973 979 2038 introductae
1007 1976 1146 2037 fuerunt.
1196 1973 1244 2033 Ab

153 2066 212 2126 isto
230 2071 369 2145 tempore
387 2065 502 2128 Romae
519 2070 550 2128 et
567 2066 642 2128 alibi
662 2066 793 2128 Planeta
811 2067 947 2130 minores
965 2066 1067 2129 adhuc
1084 2085 1245 2129 mensuras

152 2177 169 2219 a
193 2162 279 2237 tergo
300 2158 386 2221 etin
407 2157 512 2220 fronte
533 2157 719 2233 assumebat,
741 2157 838 2221 donec
859 2159 973 2221 ultima
994 2160 1096 2221 forma
1118 2158 1245 2223 obtenta

152 2250 261 2324 fuerit,
283 2269 375 2329 quam
396 2270 480 2312 nunc
502 2250 659 2312 habemus.
704 2252 734 2311 N
737 2271 777 2314 on
799 2271 920 2329 semper
940 2250 1067 2331 quidem
1089 2250 1244 2330 optimum

151 2340 309 2421 judicium
329 2364 346 2405 a
367 2342 609 2404 fabricatoribus
630 2343 662 2403 in
683 2342 884 2405 conficiendis
906 2343 1029 2405 Casulis
1050 2342 1244 2408 observatum

153 2436 226 2497 fuit.
263 2435 379 2498 Revera
393 2434 543 2515 permulti
557 2440 589 2498 et
604 2455 667 2496 non
684 2435 841 2497 immerito
856 2436 937 2498 hanc
953 2436 1087 2497 formam
1105 2435 1245 2508 Casulae,

152 2547 229 2608 quae
257 2526 349 2590 hodie
375 2532 423 2590 est
451 2527 637 2602 communis,
665 2526 751 2589 velut
779 2527 1007 2590 aberrationem
1036 2527 1245 2602 considerant,

152 2621 235 2700 quia,
252 2620 412 2701 inquiunt,
430 2624 477 2682 est
495 2620 588 2682 vestis
605 2619 773 2682 aesthetico
790 2624 884 2699 gustu
904 2626 935 2683 et
953 2620 1094 2683 decentia
1113 2622 1246 2683 carens.⁴

194 2715 222 2775 6.
246 2711 398 2788 Praecise‚
419 2713 568 2792 quoniam
586 2711 762 2774 labentibus
781 2712 912 2775 saeculis
933 2712 1047 2775 Casula
1067 2733 1085 2775 a
1105 2732 1160 2774 sua
1182 2713 1245 2792 pri·

152 2806 236 2868 stina
260 2803 471 2885 amplitudine
496 2809 527 2868 et
553 2803 683 2885 pulchra
710 2804 813 2867 forma
839 2805 935 2867 nimis
961 2809 1137 2879 recesserat,
1163 2806 1246 2868 circa

152 2896 291 2961 medium
315 2896 431 2960 saeculi
456 2896 550 2958 XIX.
575 2895 758 2961 reformatio
782 2897 934 2978 quaedam
958 2901 1079 2961 tentata
1104 2900 1169 2961 fuit
1192 2898 1245 2960 sed

152 2992 257 3070 potius
286 2989 409 3071 privata
436 2989 624 3052 auctoritate
653 3010 670 3052 a
700 2989 815 3052 diceris
844 2991 1017 3053 cultoribus
1047 2992 1123 3055 artis
1155 2991 1244 3054 Chri-

152 3083 283 3159 stianae,
299 3082 484 3163 praesertim
501 3081 534 3143 in
553 3082 731 3157 Germania,
747 3082 864 3159 Anglia
881 3088 913 3146 et
930 3083 1048 3160 Belgio.
1077 3084 1246 3148 Societates

153 3177 185 3237 in
205 3176 289 3239 hunc
312 3175 406 3239 finem
428 3175 592 3238 institutae
612 3173 758 3238 reducere
779 3179 908 3239 conatae
929 3182 1004 3240 sunt
1025 3177 1183 3257 planetam
1206 3176 1245 3240 ad

152 3268 270 3348 stylum
290 3272 426 3332 veterem
446 3266 625 3331 Gothicum.
669 3267 815 3348 Episcopi
841 3267 998 3331 rariorum
1020 3270 1169 3337 locorum.
1192 3270 1245 3332 ubi

152 3363 227 3425 haec
250 3360 434 3425 reformatio
458 3362 527 3425 orta
551 3364 628 3436 erat,
653 3360 749 3441 aliqui
774 3361 850 3423 istos
874 3366 1004 3423 conatus
1028 3362 1132 3424 licitos
1155 3362 1246 3424 habe·

153 3455 239 3529 bant,
258 3455 312 3517 alii
333 3475 405 3517 vero
427 3454 502 3517 istos
522 3456 652 3517 conatus
671 3453 777 3533 potius
798 3452 1038 3532 supprimendos
1060 3475 1124 3517 esse
1145 3475 1246 3518 cense-

153 3548 237 3612 bant.
284 3548 454 3627 Propterea
481 3545 655 3626 Episcopus
684 3544 940 3607 Monasteriensis
975 3545 1024 3624 (in
1056 3546 1241 3617 Germania)

154 3639 337 3704 ann0185b
361 3640 483 3703 litteras
505 3639 594 3701 misit
615 3638 655 3700 ad
678 3637 710 3700 S.
734 3637 866 3699 Rituum
892 3637 1173 3719 congregationem
1195 3660 1247 3721 pe·

154 3739 233 3808 tens,
254 3737 290 3795 ut
310 3731 465 3797 desiderio
485 3734 662 3794 amatorum
682 3749 786 3793 sacrae
808 3729 1007 3810 antiquitatis
1030 3731 1248 3808 indulgeretur

187 3916 199 3951 ³
213 3911 238 3963 A
255 3911 367 3979 polated
386 3912 467 3964 form.
723 3928 787 3976 may
808 3913 881 3977 take,
904 3912 1061 3977 chasubles,
1085 3914 1245 3975 Dalmatica,

187 3988 340 4040 ⁴Claudios
359 3990 392 4041 de
412 3990 489 4049 Vert,
508 4006 526 4041 a
544 3990 624 4041 monh
643 3990 675 4041 of
724 3989 858 4051 'l'onicles¹
879 3991 933 4041 and
953 3992 1031 4041 other
1050 3992 1165 4057 priestly
1186 4007 1245 4056 gar·

158 4063 246 4124 cruny
275 4064 329 4114 and
361 4078 378 4114 a
408 4064 501 4115 native
531 4062 564 4114 of
594 4063 676 4114 Paris
724 4071 812 4116 ments
831 4081 862 4116 or
881 4073 1046 4123 ornaments.
1064 4067 1150 4117 which
1171 4082 1246 4117 serre

160 4139 288 4205 (mol),
308 4139 442 4206 speaking
462 4141 530 4191 with
553 4140 677 4205 indigna·
726 4141 770 4191 for
787 4142 834 4192 the
851 4142 978 4206 ministry
996 4143 1029 4192 of
1046 4144 1091 4194 the
1110 4144 1196 4197 altar:
1218 4143 1245 4192 in

153 4218 211 4266 tion
235 4217 347 4276 maiust
371 4231 443 4267 some
467 4217 673 4268 restmentmalr·
725 4232 742 4266 a
761 4217 834 4268 word
853 4221 883 4268 to
902 4217 963 4279 give
983 4220 1057 4269 these
1077 4220 1155 4270 robes
1174 4220 1245 4269 what

152 4307 195 4344 ers
213 4292 246 4344 of
263 4293 306 4343 hia
325 4293 387 4356 day,
406 4308 483 4356 says:
505 4294 528 4320 “
535 4293 610 4356 They
628 4308 674 4344 are
725 4293 809 4357 shape
829 4294 894 4355 they
913 4294 975 4351 like.
995 4295 1110 4345 without
1130 4295 1245 4343 consult·

153 4369 265 4421 allowed
292 4372 321 4420 to
348 4370 416 4421 bave
442 4370 489 4421 ths
516 4369 617 4433 liberty
643 4368 676 4420 of
727 4368 774 4432 ing
796 4370 842 4420 tha
862 4368 960 4434 bishop
983 4386 1016 4419 on
1040 4372 1086 4421 the
1108 4369 1247 4421 matter.’'

152 4446 287 4511 nibbling.
306 4443 438 4510 dipping,
456 4445 574 4508 cutting,
591 4444 674 4496 slash·
731 4444 876 4508 (O’Brien‚
900 4445 1017 4512 History
1039 4446 1072 4497 of
1093 4447 1139 4498 the
1163 4446 1247 4509 Mass,

153 4521 209 4586 ing,
226 4521 395 4585 shortenirrg,
411 4521 471 4586 Just
488 4534 519 4574 aa
533 4521 580 4573 the
595 4520 675 4571 whim
725 4536 752 4591 p.
773 4520 830 4586 51.)
