2804 4890
188 692 242 749 DE
264 694 436 749 REGULIS
461 690 743 748 GENERALIBUS
767 688 1118 745 BENEDIOTIONUM.
1158 678 1219 740 517

125 852 225 914 tiones
242 852 481 915 sacerdotalium
499 853 981 931 indumentorum,mapparum,
998 846 1217 930 corporalium,

127 944 318 1007 tabernaculi
341 966 395 1008 seu
418 946 538 1010 ciborii.
589 946 657 1027 (Ad
681 965 757 1027 quas
780 943 1011 1007 benedictiones
1032 941 1218 1024 posteriores

126 1038 307 1101 Sacerdotes
329 1039 380 1100 hic
403 1039 441 1101 ab
464 1037 627 1119 Episcopis
649 1040 832 1119 plerumque
853 1037 1065 1116 delegantur.)

166 1135 195 1192 3.
219 1130 265 1192 De
289 1132 360 1210 jure
385 1132 517 1194 Paroelri
542 1139 589 1195 est
612 1131 786 1195 benedictio
810 1131 995 1211 nuptiarum
1026 1126 1217 1207 (benedictio

126 1243 195 1284 vero
214 1224 356 1285 mulieris
376 1228 446 1305 post
465 1228 593 1305 partum
613 1244 677 1286 non
697 1231 743 1286 est
763 1223 930 1287 reseruata*
940 1224 966 1300 ,l
994 1221 1068 1282 item
1087 1219 1126 1281 de
1145 1220 1216 1299 jure

125 1317 258 1377 Parochi
280 1321 326 1378 est
350 1316 523 1380 benedictio
544 1317 709 1380 domorum
732 1317 766 1377 in
790 1315 924 1378 Sabbato
945 1316 1053 1377 saneto
1075 1316 1106 1375 et
1127 1330 1216 1391 agro-

124 1428 205 1483 rum,
224 1409 286 1471 nisi
304 1410 461 1471 contraria
476 1409 591 1471 alicubi
610 1410 713 1489 vigeat
730 1406 932 1471 consuetudo.

165 1506 194 1563 4.
217 1500 366 1583 Reliquae
395 1501 624 1565 benedictiones
654 1503 687 1563 in
714 1501 837 1564 Missali
864 1506 896 1564 et
925 1499 1047 1563 Rituali
1075 1500 1215 1561 Romano

123 1598 286 1656 contentae
309 1595 351 1674 (si
370 1595 545 1674 excipiatur
563 1594 737 1657 benedictio
756 1592 884 1675 Papalis
902 1613 995 1674 super
1014 1591 1166 1674 populum
1184 1597 1216 1653 et

123 1688 156 1746 in
175 1686 308 1748 articulo
327 1687 464 1766 mortis)
486 1708 505 1749 a
524 1687 662 1769 quolibet
683 1687 849 1751 Sacerdote
867 1691 900 1751 et
918 1684 1057 1767 quolibet
1075 1689 1214 1765 tempore

124 1780 191 1841 lieri
216 1785 356 1860 possunt,
378 1800 443 1843 non
466 1800 537 1843 vero
561 1780 595 1841 in
620 1779 751 1843 alterius
775 1777 925 1855 Ecclesia,
951 1779 1080 1840 Rectore
1105 1778 1216 1852 invito,

123 1891 177 1933 nee
193 1872 315 1951 publice
330 1878 361 1934 et
375 1873 556 1936 solemniter
571 1874 605 1934 in
622 1874 696 1936 loeis
712 1873 842 1936 alterius
857 1870 1098 1952 jurisdictionis.
1122 1871 1215 1931 Tales

123 1970 197 2025 sunt
220 1964 449 2027 benedictiones
472 1984 578 2046 aquae,
602 1965 855 2043 comestibilium,
879 1964 950 2043 loci,
973 1963 1084 2026 domus
1107 1982 1212 2026 novae.

575 2242 690 2314 Anu.
711 2242 762 2314 ΙΙ.

229 2425 279 2475 DE
302 2425 463 2475 REGULIS
485 2426 753 2476 GENERALIBUS
776 2425 1102 2477 BENEDICTIONUM.

162 2595 231 2659 320.
255 2599 315 2660 “In
334 2599 420 2661 omni
439 2597 653 2662 benedictione
673 2603 762 2661 extra
781 2598 910 2660 Missam
934 2597 1083 2660 Sacerdos
1101 2597 1211 2660 saltem

121 2690 342 2771 superpelliceo
362 2695 394 2753 et
413 2690 493 2753 stola
514 2710 571 2770 pro
592 2691 712 2753 ratione
734 2689 915 2770 temporis,''
937 2691 957 2752 i.
977 2712 1004 2753 e.
1026 2690 1117 2753 officii
1137 2689 1211 2761 diei,

120 2784 260 2859 “utatur,
288 2784 349 2845 nisi
379 2783 470 2846 aliter
498 2783 532 2845 in
560 2781 713 2859 Missali,’'
743 2783 791 2845 rel
819 2783 852 2845 in
883 2783 1004 2845 Rituali
1032 2780 1211 2848 “nebeim''

121 2875 192 2936 Stat
208 2877 309 2957 capite
326 2881 434 2956 aperto
449 2881 490 2951 et,
507 2877 569 2938 nisi
586 2875 703 2937 libmm
721 2878 836 2951 teneat,
853 2876 999 2938 manibus
1015 2873 1145 2955 junctis,
1160 2895 1212 2939 eas

120 2987 181 3028 non
203 2969 414 3048 disjungendo
435 2970 474 3031 ad
499 2970 631 3031 Oremua
652 2972 708 3030 etc.
756 2969 890 3049 Signum
913 2969 1023 3030 Crucis
1046 2969 1211 3050 praecipue

119 3060 292 3123 adhibetur.
320 3062 426 3123 “Crux
442 3067 489 3125 est
504 3061 647 3124 omnium
663 3062 735 3123 fons
751 3060 1004 3125 benedictionum
1019 3068 1052 3126 et
1068 3062 1211 3125 omnium

118 3153 219 3231 gratia
240 3153 457 3232 gratiarum.''¹

161 3248 189 3306 2.
214 3245 251 3305 ln
276 3245 543 3308 benedictionibus
568 3246 769 3310 candelamm
801 3248 836 3326 (2
864 3247 987 3326 Febr.),
1013 3248 1154 3310 cinerum
1179 3253 1211 3311 et

118 3338 292 3416 palmarum
317 3337 461 3399 eamlelae
484 3338 604 3401 Altaria
626 3339 838 3401 accendendas
860 3344 953 3415 sunt3
974 3360 1032 3420 pro
1054 3340 1125 3402 aliis
1146 3360 1210 3404 non

118 3430 297 3509 requiritur.
338 3429 494 3510 llspersio,
511 3436 542 3494 et
561 3433 588 3491 si
606 3434 733 3493 notetur
753 3431 935 3506 incensatio,
956 3436 1003 3493 ter
1023 3433 1090 3493 fieri
1110 3432 1210 3505 debet,

120 3523 152 3584 in
170 3521 282 3595 medio,
299 3545 316 3584 a
332 3523 450 3584 dextris
467 3523 511 3583 rei
529 3521 766 3597 benedicendae,
783 3527 814 3586 et
831 3544 849 3585 a
866 3523 1004 3585 sinistris
1020 3520 1066 3585 rei
1095 3525 1107 3560 ³
1144 3528 1153 3563 ¹
1191 3530 1203 3566 ⁸

119 3615 175 3676 hoc
196 3614 296 3683 modo,
317 3615 394 3676 nilril
415 3613 557 3687 dicendo,
577 3614 638 3676 nisi
658 3618 794 3677 notetur.
836 3616 871 3678 Si
891 3614 1066 3678 benedictio

120 3708 229 3770 fiatad
250 3708 368 3773 Altarc,
390 3706 539 3769 Sacerdos
559 3711 622 3768 stat
642 3707 675 3768 in
696 3726 793 3770 cornu
814 3707 983 3788 Epistolae.

159 3809 187 3866 3.
212 3804 376 3868 Fommlae
394 3806 612 3885 praescriptae,
630 3825 693 3867 non
711 3805 800 3880 aliae,
818 3804 1011 3870 adhibendae
1029 3811 1121 3882 sunt3
1138 3824 1208 3888 pro

117 3897 264 3960 bibentur
289 3899 371 3959 enim
399 3896 649 3960 “benedictiones
674 3917 780 3959 omnes
806 3898 1042 3969 eccleciastieae‚
1068 3899 1128 3961 nisi
1155 3918 1208 3980 ap·

117 3991 263 4070 probatae
287 3991 406 4052 fuerint
429 4011 447 4053 a
473 3991 566 4053 Sacra
591 3990 723 4052 Rituum
745 3989 1039 4071 congregatione.'’²
1083 3992 1117 4055 si
1142 4012 1208 4074 spe

116 4084 204 4145 vialis
229 4082 404 4145 benedictio
431 4104 492 4144 non
519 4083 680 4158 habeatur,
707 4082 848 4146 adhiberi
874 4086 978 4165 potest
1004 4083 1208 4149 “Benedictio

117 4177 152 4238 orl
174 4176 300 4237 omuio’'
319 4197 355 4236 ox
376 4175 554 4267 apponam
574 4175 710 4237 llitualis
730 4175 873 4240 Romani.

148 4365 198 4417 ⁴8.
215 4365 243 4416 (¹.
259 4366 338 4416 Cone.
358 4368 371 4416 7
388 4367 451 4417 Dec.
470 4368 544 4421 1720.
560 4350 632 4431 aprnl
719 4367 771 4416 ¹8.
791 4366 854 4417 Leo.

116 4444 208 4493 Adone
230 4442 252 4492 Ῐ.
276 4443 350 4493 1084.
388 4442 431 4492 (Ὺ,
453 4442 479 4492 S.
500 4444 530 4491 u.
551 4443 578 4492 0,
600 4434 632 4494 21
719 4440 842 4492 ²Benerl.
865 4443 942 4495 Xll'.
974 4444 1005 4494 l).
1028 4446 1104 4497 2725.
1125 4446 1151 4503 9,

114 4519 181 4569 Nor.
209 4518 283 4579 1893,
308 4533 333 4567 n.
359 4519 434 4568 3813.
460 4519 483 4571 2.
