2804 4890
376 624 764 682 unmanvsnsronns
786 623 1034 683 GRNERALES.
1192 619 1252 684 521

571 1279 761 1357 CAPUT
788 1281 844 1358 X.

482 1463 540 1517 DE
560 1464 933 1520 PROCESSIONIBUS.

619 1633 734 1702 Anu.
765 1633 795 1704 Ι.

394 1814 761 1866 ANIMADVEBSIONES
783 1816 1015 1868 GENERALES.

201 1973 270 2035 322.
295 1974 519 2050 Processiones,
541 1977 632 2054 juxta
655 1975 833 2055 exemplum
856 1976 896 2039 V.
919 1977 968 2051 T„
991 1979 1022 2038 et
1046 1974 1164 2038 Christi
1189 1973 1251 2036 Do·

159 2068 238 2127 mini
261 2067 463 2146 triumphalis
487 2068 644 2145 ingressus
666 2069 700 2129 in
723 2067 910 2143 Jerusalem,
932 2089 950 2131 a
974 2068 1163 2130 Christianis
1184 2068 1251 2146 jam

159 2160 315 2239 prioribus
334 2158 474 2234 saeculis
492 2160 632 2238 quamvis
650 2160 752 2221 rarius
770 2160 804 2221 in
823 2166 999 2239 temporum
1018 2160 1184 2240 angustiis,
1204 2160 1250 2220 in-

159 2252 394 2314 stituebantur.¹
438 2250 517 2313 Inde
541 2272 559 2313 a
584 2256 722 2331 tempore
747 2251 949 2313 Constantini
973 2253 1018 2315 M.
1044 2250 1195 2314 solemnes
1220 2256 1251 2316 et

159 2346 336 2424 frequentes
357 2365 421 2406 esse
439 2346 632 2423 coeperunt,²
653 2345 685 2405 in
705 2342 818 2425 quibus
837 2343 972 2424 populus
991 2343 1175 2424 precabatur
1194 2364 1251 2425 pro

159 2437 315 2499 fructibus
334 2442 445 2512 terrae,
465 2456 522 2516 pro
540 2435 647 2498 divina
667 2437 868 2499 miseratione
886 2438 919 2498 in
940 2436 1073 2518 publicis
1091 2436 1251 2499 calamita-

159 2530 252 2603 tibus,
272 2530 310 2591 ad
331 2529 532 2592 avertendam
551 2530 703 2592 haeresim
722 2532 780 2593 ete.
820 2528 1034 2592 Processiones
1054 2528 1251 2610 appellaban-

158 2626 211 2683 tur
229 2623 323 2684 etiam
343 2622 487 2685 Liternino
507 2622 527 2683 i.
546 2642 573 2685 e.
593 2621 847 2703 supplicationes,
865 2621 903 2683 ob
923 2621 1029 2697 finem,
1047 2623 1140 2701 cujus
1158 2640 1251 2684 causa

159 2716 423 2790 instituebautnr3
440 2716 538 2777 etiarn
558 2715 719 2777 Stationes
738 2735 776 2777 ex
794 2717 916 2777 vetusto
936 2712 1001 2776 ritu
1019 2713 1133 2791 Urbis;
1153 2733 1251 2795 quum

157 2808 240 2870 enim
268 2808 371 2871 Statio
397 2807 480 2887 apud
507 2809 688 2888 quampiam
716 2806 887 2870 Ecclesiam
914 2806 1090 2883 haberetur,
1116 2805 1251 2888 populus

156 2921 228 2962 curn
246 2901 336 2962 Clero
352 2901 392 2962 ad
409 2901 503 2962 aliam
520 2899 695 2981 proximam
712 2919 830 2961 sacram
847 2899 954 2962 aedem
971 2899 1183 2974 conveniebat,
1198 2920 1250 2965 ex·

156 3002 283 3073 pectaus
314 2994 510 3067 Pontificem,
539 3014 599 3073 quo
628 2993 811 3056 adveniente
838 2992 970 3056 solemni
999 2992 1109 3056 ordine
1139 2991 1249 3054 decan·

158 3085 253 3147 tando
276 3087 417 3147 [litanias
442 3087 555 3148 aliasve
580 3106 684 3167 preces
709 3083 782 3149 inde
807 3085 846 3148 ad
872 3086 975 3149 locum
1000 3084 1155 3149 Stationis
1179 3103 1249 3165 pro

156 3177 332 3251 cedebatur,
356 3178 407 3238 nbi
433 3178 581 3240 Pontifex
604 3198 728 3240 sacrum
752 3177 910 3240 iaciebat.³
956 3178 1120 3242 Praeterea
1142 3179 1249 3239 “sacra

156 3271 309 3349 processio
326 3276 374 3332 est
394 3275 486 3349 typus
507 3273 630 3331 nostrae
652 3269 914 3350 peregrinationis
935 3270 974 3332 ad
996 3270 1131 3352 patriam
1153 3269 1248 3334 coele

156 3360 279 3424 stem.’'⁴

198 3459 225 3517 2.
249 3455 485 3516 “Processiones
500 3455 651 3534 quaedam
668 3460 743 3518 sunt
758 3455 945 3527 ordinariae,
960 3461 997 3517 ut
1012 3455 1044 3518 in
1060 3455 1141 3518 festo
1157 3453 1248 3515 Puri·

156 3547 311 3608 fiealionis
330 3548 364 3607 B.
386 3547 429 3608 hl.
447 3547 498 3618 V,
514 3555 545 3610 et
562 3549 594 3608 in
614 3546 779 3608 Dominica
800 3547 992 3619 Palmarum‚
1010 3550 1041 3610 et
1059 3548 1091 3608 in
1112 3547 1248 3608 Litaniis

156 3639 328 3715 majoribus
355 3640 386 3700 in
414 3640 494 3700 festo
521 3640 553 3700 S.
581 3638 691 3709 Marri,
717 3644 749 3702 et
776 3640 807 3700 in
836 3636 1010 3700 minoribus
1038 3639 1247 3716 Rogationum

156 3732 261 3793 triduo
278 3736 350 3794 ante
368 3731 586 3793 decensionem
605 3728 745 3799 Domini.
762 3736 793 3794 et
809 3731 842 3791 in
858 3730 939 3794 festo
954 3728 1102 3809 Corporis
1118 3728 1248 3805 Christi,

156 3826 201 3886 vel
225 3825 295 3886 aliis
317 3825 425 3885 diebus
447 3843 504 3904 pro
526 3820 751 3886 consuetudine
774 3821 1030 3884 Ecclesiamm.”⁶
1074 3821 1159 3898 Quae
1180 3822 1248 3904 qni·

188 3984 238 4035 ¹S.
266 3986 417 4037 Archelaus
445 3986 496 4052 Ep.
524 4000 597 4038 anno
623 3985 674 4035 277
723 3983 849 4035 Galland.
870 3982 926 4034 111.
946 3999 972 4048 p.
992 3983 1051 4034 569.

151 4060 240 4112 refert
272 4062 452 4126 processionis
484 4076 584 4114 morsm
616 4061 673 4111 “in
760 4059 812 4110 ²8.
836 4059 985 4125 Gregorius
1008 4059 1076 4110 st.
1099 4072 1130 4109 or
1152 4057 1187 4110 42
1210 4059 1247 4111 sd

152 4151 201 4187 nos
238 4139 387 4189 traditione
425 4139 629 4190 descendentem
637 4137 677 4201 ;”
723 4151 785 4200 pop.
802 4134 943 4187 Constant.

152 4214 232 4278 plura
254 4214 341 4264 millia
363 4214 579 4265 Christianorum
601 4213 674 4278 J'eju·
759 4211 855 4263 svioe
875 4227 900 4262 n.
924 4211 980 4262 137.

151 4293 276 4343 nantium
308 4294 343 4343 ad
376 4293 520 4357 petendam
554 4290 673 4356 pluviam
757 4288 822 4340 ⁴De
841 4287 930 4353 Carpo
950 4287 1076 4338 biblioth
1097 4287 1191 4353 liturg.
1211 4287 1244 4339 V.

151 4383 200 4433 pro
219 4369 356 4418 fructibus
372 4371 460 4418 terrae
478 4367 672 4432 processionem
724 4365 782 4416 127.

151 4443 312 4495 habuerant.
347 4445 419 4494 Acta
435 4443 504 4508 disp.
522 4443 549 4492 S.
567 4444 673 4497 Archch
758 4439 892 4491 snitum
909 4439 985 4491 Rom.
