2804 4890
153 682 193 742 74
234 693 287 746 DE
312 693 483 750 REGULIS
506 695 789 752 GENERALIBUS
811 696 1176 755 cannamomum,

196 865 245 927 Ad
275 865 451 930 faciendam
481 866 612 929 Crucem
642 888 735 947 super
763 869 897 931 hostiam
926 871 1024 933 solam
1054 871 1182 934 dextera
1210 873 1243 934 in

153 960 260 1021 eadem
281 960 451 1023 altitudine
471 961 571 1023 teneri
592 966 694 1040 potest
716 963 764 1023 uti
785 981 842 1042 pro
863 963 962 1025 Cruce
983 984 1077 1044 super
1098 965 1243 1036 ealicem;

152 1054 199 1116 vel
240 1055 428 1134 (secundum
461 1055 658 1136 frequentem
691 1058 801 1136 usum)
840 1077 952 1120 manus
985 1059 1111 1123 demitti
1145 1066 1247 1142 potest

153 1166 249 1227 usque
266 1146 305 1208 ad
322 1147 441 1208 nodum
457 1146 571 1208 calicis.

196 1245 224 1300 6.
248 1239 380 1314 Quando
395 1242 428 1301 in
443 1241 564 1302 Missali
579 1245 708 1303 notatur
722 1243 807 1302 Crux
822 1246 858 1318 -Ι-
874 1243 1028 1319 facienda,
1041 1264 1077 1306 ea
1090 1245 1183 1307 verba
1196 1244 1243 1306 vel

152 1334 287 1413 syllabae
300 1354 378 1414 quae
391 1334 572 1396 immediate
586 1340 658 1398 ante
674 1339 711 1411 -l-
727 1337 829 1415 posita
843 1341 927 1412 sunt,
941 1338 1191 1416 pronuntiantur
1205 1338 1243 1399 ad

154 1428 268 1489 lineam
285 1432 411 1503 rectam,
427 1448 505 1508 quae
521 1449 592 1490 vero
606 1434 676 1509 post
694 1433 731 1505 †
748 1430 850 1508 posita
866 1430 994 1492 suntad
1011 1430 1128 1493 lineam
1143 1438 1244 1494 trans·

153 1540 282 1582 versam.

196 1613 345 1676 Sacerdos
358 1615 501 1695 religiose
515 1621 621 1679 caveat
634 1617 668 1677 in
682 1616 848 1680 formando
863 1617 895 1679 S.
909 1616 1020 1680 Crucis
1033 1619 1123 1698 signo
1135 1638 1155 1680 a
1167 1620 1243 1682 cele

153 1709 228 1770 riori
252 1728 405 1769 manuum
429 1714 484 1771 aut
507 1710 705 1771 brachiorum
729 1709 866 1774 motione
889 1717 945 1773 aut
967 1712 1142 1791 gyratione,
1166 1732 1243 1793 quae

153 1802 253 1882 magis
269 1803 404 1865 comicae
420 1804 536 1865 actioni
555 1823 648 1883 quam
665 1824 769 1866 sacrae
786 1804 944 1865 functioni
962 1805 1116 1867 convenit.

231 1993 266 2055 B.
286 1992 332 2054 De
350 2010 501 2054 mannum
519 1994 695 2072 junctione,
716 1995 898 2057 extensione
919 2000 951 2058 et
971 1995 1160 2058 elevatione.

190 2133 240 2197 46.
265 2134 304 2195 In
317 2154 468 2196 manuum
482 2135 645 2213 junctione
658 2137 760 2215 palma
773 2137 812 2198 ad
826 2136 963 2216 palmam
977 2138 1158 2216 apponitur,
1172 2138 1242 2199 “ex-

152 2229 249 2290 tensis
267 2234 298 2292 et
316 2229 435 2306 junctis
454 2229 573 2308 pariter
591 2230 711 2308 digitis,
730 2234 762 2291 et
780 2229 891 2309 pollice
909 2230 1019 2293 dextro
1038 2249 1131 2310 super
1151 2231 1241 2292 sinis·

153 2329 237 2383 trum
263 2323 364 2401 posito
390 2323 422 2382 in
448 2322 575 2383 modum
603 2322 713 2384 Crucis
722 2321 751 2397 ;''
776 2328 847 2403 post
872 2323 1146 2385 Consecrationem
1171 2344 1241 2385 vero

153 2437 247 2496 usque
261 2416 299 2477 ad
314 2415 507 2476 ablutionem
521 2416 695 2495 digitorum
708 2416 828 2477 indices
841 2421 872 2479 et
886 2416 1013 2496 pollices
1027 2416 1122 2477 simul
1138 2416 1241 2496 juncti

153 2515 309 2571 tenentur.
354 2509 469 2571 Manus
484 2514 557 2571 ante
573 2513 681 2589 pectus
696 2510 823 2587 junctae
839 2530 895 2572 nec
911 2510 1046 2570 nimium
1061 2509 1101 2570 ad
1116 2510 1240 2572 vultum

151 2623 249 2682 neque
275 2603 315 2665 ad
343 2609 458 2664 terram
484 2604 549 2664 sint
575 2623 747 2677 conversae,
775 2603 828 2664 sed
855 2602 1043 2665 naturaliter
1070 2603 1159 2682 quasi
1186 2622 1241 2684 per

151 2704 363 2758 transversum
384 2697 424 2757 ad
444 2697 564 2758 coelum
585 2699 712 2758 erectae.
758 2696 809 2758 Ita
830 2716 885 2776 per
906 2696 1035 2757 Missam
1056 2695 1196 2776 aliasque
1216 2716 1240 2757 s.

151 2789 329 2851 functiones
344 2811 455 2851 inanus
470 2791 597 2867 junctae
614 2794 771 2865 tenentur,
786 2791 847 2851 nisi
863 2789 949 2851 aliud
963 2788 1185 2869 proscribatur.

193 2887 220 2943 2.
243 2883 358 2944 litorius
376 2885 504 2963 junctae
526 2884 719 2945 crtremitoti
738 2884 859 2945 Altaria
878 2884 1097 2964 imponuntur,
1119 2883 1165 2945 ita
1184 2883 1240 2945 “ut

150 2977 243 3055 digiti
264 2978 352 3057 parvi
373 2977 537 3039 dumtaxat
560 2977 697 3038 frontem
719 2996 772 3038 seu
793 2976 933 3037 medium
954 2976 1120 3038 anterioris
1141 2977 1241 3056 partis

152 3070 273 3131 talmlae
294 3091 347 3132 seu
367 3090 490 3131 mensae
511 3069 651 3131 Altaris’'
672 3070 718 3131 vel
738 3070 914 3149 antipendii
936 3068 1121 3149 “tangant’'
1142 3075 1174 3132 et
1194 3089 1240 3131 re·

153 3164 228 3242 liqui
247 3163 352 3242 digiti,
369 3166 436 3225 sine
453 3163 517 3223 ulla
536 3163 730 3241 separatione
749 3182 765 3223 a
784 3163 888 3241 parvis
905 3162 1015 3241 digitis
1033 3162 1066 3222 in
1085 3161 1240 3242 superiori

152 3263 239 3336 porte
259 3257 384 3319 Mensae
403 3258 574 3336 quiescunt,
593 3256 737 3317 “residuo
757 3275 908 3316 manuum
928 3256 1012 3317 inter
1030 3255 1140 3317 Altare
1159 3260 1191 3318 et
1210 3274 1241 3317 se

152 3356 281 3419 rctcnto,
309 3350 419 3429 pollice
446 3351 572 3411 dextero
599 3369 692 3428 super
719 3349 883 3410 sinistrum
912 3349 944 3408 in
972 3348 1100 3409 modum
1129 3347 1240 3409 Crucis

152 3443 282 3522 posito.''
328 3443 339 3502 l
347 3449 377 3504 ta
400 3464 510 3503 luanus
535 3446 706 3522 ponuntur,
729 3443 850 3522 quoties
874 3440 1040 3502 Celebrans
1063 3441 1097 3501 in
1119 3440 1241 3502 Altaria

152 3536 253 3598 medio
270 3536 439 3596 inclinatus
455 3542 533 3609 «irat,
549 3536 685 3615 exceptis
701 3535 802 3597 tribua
819 3534 947 3609 vicibus,
962 3553 1090 3613 nempe:

197 3632 248 3706 (u)
277 3629 325 3689 Au
347 3630 381 3689 ll
387 3630 468 3691 undo
490 3651 542 3690 cor
563 3651 685 3700 nicilum

197 3723 248 3800 (b)
277 3723 326 3783 Ad
343 3725 488 3793 suaeuis,

197 3818 245 3893 (c)
275 3816 324 3876 Ao
347 3817 484 3894 primum
507 3817 617 3895 alpium
639 3816 699 3878 Dei
726 3815 776 3893 (in
799 3815 896 3877 Missa
917 3814 956 3877 de
977 3814 1094 3894 Requie
1115 3815 1155 3877 ad
1178 3816 1239 3878 tria

149 3910 172 3969 Α
179 3929 259 3987 qaus
271 3908 341 3981 Ilei,
355 3930 432 3988 quae
445 3911 549 3969 onmia
563 3909 713 3970 dicuntur
724 3908 868 3970 manibus
881 3913 953 3970 ante
967 3912 1074 3988 pectus
1087 3909 1239 3988 junctis).

191 4005 218 4062 3.
239 4002 354 4063 liunus
367 4003 581 4064 extenduntur
597 4001 680 4079 (sine
692 4000 863 4063 elevatione
875 4021 930 4064 nec
941 4000 1025 4063 ultra
1036 4001 1239 4063 humerorum

149 4094 362 4161 latitmlinom.
380 4096 552 4173 palmisque
571 4094 609 4154 ad
631 4094 760 4154 invicem
779 4094 968 4170 conversis),
984 4097 1015 4156 et
1035 4096 1145 4157 statim
1165 4097 1239 4177 jua-

148 4192 277 4266 qrmtur.
298 4186 423 4266 quando
443 4185 609 4248 Celebrans
629 4185 724 4247 dicit:

196 4281 246 4358 (a)
276 4280 409 4343 Oramus
437 4280 670 4359 (praeterquam
692 4283 764 4341 ante
786 4281 884 4342 Pater
904 4282 1050 4360 noster);

196 4375 248 4453 (t)
277 4372 432 4437 Dominus
456 4373 611 4435 rotimum
636 4392 800 4435 conversus
825 4374 863 4434 ad
887 4373 1040 4453 populum
1068 4374 1120 4454 (in
1143 4378 1238 4437 cantu

149 4468 265 4531 lentius
284 4488 335 4531 eas
353 4467 495 4530 extendit
513 4470 544 4529 et
563 4467 711 4545 jungitt3
