2804 4890
292 669 345 726 AB
367 668 561 726 INTROITU
586 668 718 739 USQUE
740 669 794 724 AD
816 667 1113 726 OFFERTORIUM.
1194 657 1258 721 233

166 842 322 906 oblatione
338 841 443 904 calicis
459 845 532 904 ante
547 841 698 904 lotionem
714 862 867 903 manuum
876 863 884 918 3
901 846 1059 922 praeterea
1076 841 1115 904 ad
1133 845 1255 921 partem

165 935 373 1017 principalem
389 935 504 998 Missae
522 934 835 1010 catechumenorum,
850 936 871 995 i.
888 955 914 997 e.
931 935 971 996 ad
988 935 1206 1016 Evangelium‚
1223 939 1255 997 et

165 1029 205 1093 ad
225 1032 348 1111 partem
368 1028 574 1110 principalem
597 1029 710 1091 Missae
731 1028 883 1105 fidelium,
904 1049 1016 1109 nempe
1036 1029 1076 1090 ad
1098 1048 1254 1092 consecra·

168 1125 286 1188 tionem
306 1144 360 1186 seu
380 1129 545 1205 utramque
566 1123 779 1187 elevationem.

209 1223 237 1280 5.
261 1218 370 1280 Primo
392 1219 573 1281 incensatur
597 1218 683 1280 Crux
705 1217 825 1281 Altaria
849 1219 968 1300 triplici
993 1219 1101 1295 ductu,
1124 1219 1172 1282 vel
1198 1219 1255 1283 SS.

169 1312 418 1389 Sacramentum,
437 1313 463 1374 si
483 1314 660 1393 expositum
679 1313 739 1388 sit;
759 1314 805 1375 ita
825 1313 950 1400 Christo
970 1314 1135 1376 exhibetur
1153 1314 1257 1377 cultus

168 1412 222 1470 aut
248 1407 386 1488 imagine
413 1410 643 1487 repraesentato
669 1412 725 1470 aut
752 1405 786 1468 in
815 1408 871 1469 SS.
903 1408 1104 1469 Sacramento
1131 1408 1258 1470 realiter

168 1502 324 1581 praesenti
351 1501 609 1580 (Sanctissimum
630 1502 665 1562 in
686 1501 885 1564 tabernaculo
905 1501 1047 1563 clausurn
1068 1521 1132 1563 non
1153 1502 1257 1563 incen-

168 1600 256 1657 satur
274 1595 328 1657 sed
346 1594 563 1675 genuflexione
583 1595 758 1673 adoratur.)

209 1691 237 1748 6.
261 1687 405 1751 Secundo
420 1688 486 1749 loco
501 1688 704 1750 incensantur
719 1688 839 1767 duplici
854 1687 951 1750 ductu
968 1687 1157 1751 Sanctorum
1171 1688 1254 1750 Reli-

167 1785 257 1863 quiae
280 1782 326 1845 vel
348 1783 473 1846 hermae
495 1803 548 1844 seu
572 1783 734 1863 imagines,
758 1784 783 1844 si
808 1783 913 1845 adsint
936 1785 1019 1846 inter
1042 1783 1162 1845 Altaris
1185 1804 1256 1845 can·

169 1876 304 1951 delubra,
326 1882 395 1939 turn
416 1877 543 1939 honoris
565 1897 658 1939 causa
678 1882 748 1939 tum
769 1878 842 1957 quia
866 1878 973 1939 Sancti
996 1877 1137 1939 “Christi
1158 1877 1258 1940 bonus

169 1969 279 2032 odor''⁸
298 1971 438 2045 inerunt,
456 1975 489 2034 et
504 1970 597 2033 modo
614 1990 719 2051 preces
736 1976 858 2033 nostras
877 1971 942 2035 Deo
960 1971 1106 2034 offerunt.

212 2068 240 2126 7.
263 2063 385 2128 Deinde
411 2065 520 2128 Altare
546 2065 686 2144 undique
712 2066 903 2141 incensatur,
930 2070 994 2127 tam
1021 2087 1138 2142 mensa,
1165 2086 1258 2146 quam

170 2179 241 2240 pars
271 2160 434 2240 posterior,
466 2161 581 2239 “prout
611 2159 847 2222 distribuuntur
879 2159 1107 2237 candelabra,''⁴
1136 2180 1258 2223 necnon

170 2272 242 2333 pars
258 2253 397 2317 anterior
412 2259 443 2316 et
460 2259 564 2334 partes
580 2253 732 2316 laterales.
774 2253 875 2316 Sicuti
892 2254 1002 2318 Altare
1020 2255 1053 2315 in
1071 2255 1170 2334 ipsius
1187 2274 1258 2317 eon·

170 2349 340 2411 secretione
355 2347 595 2428 circumquaque
611 2349 806 2410 incensatum
822 2352 879 2420 est,
894 2348 939 2411 ita
953 2369 1037 2409 nunc
1052 2348 1139 2427 quasi
1155 2347 1259 2411 denno

170 2461 226 2522 pro
246 2441 303 2504 SS.
324 2441 484 2505 Sacrificio
502 2461 596 2521 super
614 2441 693 2503 illud
712 2441 904 2503 immolando
922 2445 1135 2522 praeparatur.

211 2539 239 2598 8.
263 2535 406 2598 Tandem
428 2535 610 2598 incensatur
633 2534 800 2599 Celebrans
823 2535 878 2617 qui
901 2537 982 2598 vices
1007 2534 1126 2598 Christi
1152 2535 1258 2600 Sacer·

169 2628 252 2692 dotis
267 2629 358 2711 gerit.

609 2909 724 2980 ΛΒΤ.
749 2909 815 2981 IV.

310 3111 361 3162 AB
388 3111 573 3163 INTROITU
601 3112 723 3176 USQUE
752 3113 803 3162 AD
831 3112 1109 3166 OEEER'I'ORIUM.

213 3302 281 3366 134.
305 3304 417 3368 Plures
435 3304 549 3366 Missae
567 3304 782 3366 inscribuntur
800 3304 903 3368 Statio
920 3305 961 3368 cd
978 3306 1011 3369 S.
1030 3327 1055 3369 e.
1073 3327 1104 3387 g.
1121 3304 1257 3370 Mariam

170 3396 335 3476 Majorem,
356 3396 398 3458 ad
419 3396 452 3460 S.
477 3397 608 3459 Crucem
631 3399 665 3459 io
686 3399 863 3461 Jerusalem
892 3400 928 3479 (i.
951 3420 977 3462 e.
1000 3400 1139 3462 Ecclesia
1161 3400 1258 3461 Urbis

171 3491 285 3554 Romae
312 3511 383 3552 eum
410 3512 482 3553 vera
509 3491 624 3567 Cruce)
656 3497 713 3555 etc.
763 3492 853 3566 Quod
881 3494 1006 3572 quidem
1033 3495 1195 3556 derivatur
1221 3514 1257 3556 ex

169 3586 298 3666 antiquo
314 3606 374 3647 usu
394 3587 543 3648 Romano.
585 3585 694 3647 Clerus
712 3588 796 3648 eninr
816 3607 887 3648 cum
905 3586 1020 3666 populo
1038 3589 1130 3649 certis
1148 3588 1257 3650 diebus

169 3678 373 3760 colligebatur
388 3681 420 3741 in
435 3701 498 3741 una
514 3680 653 3743 Ecclesia
666 3681 704 3742 ad
720 3681 897 3743 faciendam
913 3681 1147 3761 processionem.
1190 3682 1256 3761 (Ibi

169 3772 278 3835 Oratio
296 3774 489 3836 fundebatur
508 3794 601 3854 super
619 3773 770 3854 populum
789 3777 1011 3854 congregatum
1021 3793 1030 3848 ;
1048 3794 1125 3853 quae
1146 3774 1256 3837 Oratio

168 3868 384 3949 appellabatur
407 3869 553 3940 Collecta,
578 3870 725 3950 quoniam
748 3890 841 3950 super
863 3869 1033 3943 collectam,
1056 3870 1076 3932 i.
1100 3892 1125 3933 e.
1149 3869 1257 3933 collec-

168 3963 287 4025 tionem
305 3983 359 4025 sen
378 3964 640 4027 coadunationem
659 3964 766 4044 populi
788 3965 906 4037 fiebat.)
952 3965 1042 4026 'lunc
1062 3964 1257 4027 decantando

165 4056 309 4119 Litanias
328 4058 466 4137 aliasque
485 4078 590 4138 preces
611 4057 760 4119 Pontifex
780 4058 895 4136 aliique
915 4079 1021 4119 omnes
1041 4064 1257 4138 processerunt

168 4150 206 4213 de
232 4170 296 4212 una
323 4150 463 4212 Ecclesia
490 4151 523 4211 in
551 4150 646 4212 aliam
674 4151 732 4211 “ad
763 4152 937 4214 Stationem
967 4149 1174 4224 taciendam‚''
1202 4171 1257 4232 per

167 4244 356 4307 sacrificium
384 4244 498 4309 Missae
526 4265 596 4307 cum
625 4244 789 4306 Homilia.¹
841 4246 871 4307 S.
901 4245 1070 4325 Gregorius
1098 4244 1257 4308 Stationes

201 4420 324 4472 ⁸2Cor.
341 4422 365 4473 2.
768 4421 842 4470 ¹Cf.
880 4421 1022 4474 hiabillon.
1060 4419 1119 4471 Hoc
1158 4419 1251 4489 comp.

202 4495 295 4545 ⁴Non
321 4512 384 4547 vero
410 4498 470 4562 ipsa
494 4498 667 4549 candelabra.
738 4511 780 4548 no.
800 4499 858 4548 322.
