2804 4890
235 659 288 712 DE
311 660 591 714 ABSOLUTIONE
616 662 713 715 Pusr
736 662 889 714 MISSAM
912 663 964 715 DE
986 663 1148 731 REQUIE.
1173 656 1235 718 505

577 920 693 991 ART.
716 920 782 993 IV.

252 1102 302 1152 DE
325 1102 589 1154 ABSOLUTIONE
613 1104 706 1154 POST
729 1102 875 1154 MISSAM
896 1104 948 1154 Di:
972 1103 1122 1168 REQUIE.

184 1274 253 1335 312.
278 1275 346 1336 Hoc
366 1276 501 1339 officium
519 1277 559 1338 ad
578 1278 721 1338 tumbam
743 1275 930 1356 (tumulum,
949 1282 1086 1339 castrum
1106 1273 1231 1345 doloris,

143 1368 283 1429 lecticam
306 1388 360 1430 seu
383 1369 621 1448 cenotaphium)
651 1369 782 1430 babetur
806 1370 840 1430 in
864 1368 985 1430 Missali
1014 1368 1095 1447 (uit.
1120 1366 1229 1429 celebr.

142 1459 282 1536 Missam,
313 1461 345 1520 in
378 1462 455 1540 fine)
493 1467 524 1523 et
555 1461 588 1522 in
621 1459 751 1523 Rituali.
803 1460 968 1523 Absolutio
999 1463 1126 1522 vocatur
1156 1459 1229 1538 quia

142 1554 263 1615 functio
289 1553 430 1615 funebris
455 1575 490 1615 eo
515 1552 696 1630 absolvitur,
723 1554 767 1615 rel
793 1554 867 1633 quia
893 1552 977 1615 Deus
1001 1555 1148 1615 exoratur
1173 1571 1230 1631 pro

140 1645 331 1708 absolutione
354 1646 574 1708 detunctorum
598 1666 616 1707 a
636 1665 735 1726 poena
758 1645 943 1726 purgatorii.

181 1742 208 1799 2.
232 1739 396 1801 Absolutio
423 1757 480 1818 pro
507 1738 667 1800 defunctis
696 1739 763 1800 fieri
789 1739 836 1800 vel
865 1739 1107 1819 Responsorium
1135 1756 1228 1817 snper

139 1831 298 1910 sepultura
322 1830 461 1910 quotidie
482 1831 604 1892 cantari
627 1835 738 1911 potest,
761 1831 898 1911 exceptis
921 1836 1026 1893 tamen
1049 1828 1228 1911 duplicibus

140 1925 257 2002 primae
282 1924 397 1993 classis,
423 1923 455 1983 in
481 1922 592 2002 quibus
615 1921 780 1985 Absolutio
804 1929 835 1984 et
862 1924 1101 2003 llcsponsorium
1129 1941 1227 2001 neque

138 2016 240 2076 locum
257 2016 369 2078 habere
387 2018 535 2096 poterunt
551 2014 701 2096 privatim
719 2020 788 2095 post
806 2014 962 2077 absolutes
981 2036 1105 2095 vespero
1124 2015 1228 2077 Horas

138 2109 309 2170 canonicas.
359 2108 447 2181 Quod
474 2109 501 2169 si
525 2109 633 2169 diebus
659 2108 818 2187 permissis
844 2109 881 2169 de
908 2129 997 2169 ruane
1024 2112 1111 2182 liunt,
1136 2127 1226 2167 num-

138 2222 229 2282 quam
258 2210 326 2282 post
355 2201 485 2263 Missam
512 2200 550 2263 de
578 2198 639 2275 die,
667 2200 730 2261 nisi
756 2201 885 2262 omnino
916 2200 1160 2280 independenter
1188 2199 1226 2260 ab

137 2294 266 2356 eadem¹
282 2293 446 2355 Absolutio
462 2294 516 2354 fiat
530 2292 568 2354 ab
584 2293 651 2373 ipso
667 2292 861 2367 celebrante,
876 2293 938 2352 nisi
954 2291 1036 2354 adsit
1053 2290 1226 2371 Episcopus

137 2386 196 2448 loci
216 2386 427 2447 Ordinurius.²
468 2385 640 2465 Episcopus
660 2404 731 2446 vcro
750 2382 905 2444 Titularis
922 2389 954 2447 et
971 2383 1060 2446 nulla
1079 2381 1224 2462 jurisdic-

137 2480 221 2540 tione
238 2478 376 2558 gaudons
393 2477 533 2538 eamdem
552 2496 698 2556 peragere
714 2476 834 2555 nequit,
851 2477 928 2556 quin
946 2476 1076 2537 Missam
1095 2476 1224 2555 ipsemet

136 2570 302 2632 decantet.³

176 2667 205 2727 3.
226 2664 278 2725 Fit
308 2664 415 2726 eodem
443 2662 536 2726 modo
565 2667 601 2724 ut
632 2661 665 2723 in
694 2661 745 2723 die
774 2662 878 2724 obitus
913 2661 1034 2742 (supra,
1061 2681 1092 2723 n.
1124 2663 1224 2741 308);

135 2758 250 2837 excipe,
271 2756 351 2835 quod
373 2757 482 2816 (trotio
501 2756 576 2817 Xon
596 2755 695 2816 intres
715 2755 778 2815 dici
797 2774 860 2816 non
881 2754 980 2828 debet,
1000 2754 1141 2834 quamvis
1161 2753 1223 2813 dici

135 2851 255 2929 possit‚⁴
277 2856 307 2910 ct
330 2847 496 2909 (folcbrans
517 2846 611 2909 etiam
635 2847 668 2908 in
690 2844 884 2909 absolutione
906 2867 962 2927 pro
986 2845 1152 2909 Sacerdote
1172 2845 1223 2908 de-

136 2942 244 3004 functo
273 2962 302 3001 se
331 2942 414 3003 sistit
442 2942 525 3001 inter
553 2940 661 3001 Altero
686 2944 717 3001 et
747 2940 907 3000 tumulum
936 2939 999 2999 nisi
1024 2938 1154 3001 cadaver
1181 2938 1223 3001 sit

136 3035 293 3095 moraliter
317 3034 484 3113 praesens.⁶
526 3033 637 3110 “llesp
667 3032 777 3092 Libero
802 3030 976 3092 cauendum
1002 3053 1064 3094 non
1090 3038 1137 3095 cst
1161 3029 1221 3093 nisi

134 3126 225 3187 finita
244 3126 349 3193 llissu,
369 3131 399 3187 et
420 3125 499 3186 illud
519 3128 659 3187 cantores
678 3124 843 3202 incipiunt,
863 3145 934 3186 cum
957 3123 1106 3186 Sacerdos
1125 3124 1224 3187 fucrit

135 3218 262 3296 pluviali
285 3218 413 3277 imlutus
432 3225 461 3279 ot
485 3217 700 3277 Sulnlinronus
720 3237 789 3277 curu
813 3217 911 3278 (buce
932 3216 971 3277 ad
992 3216 1085 3296 pedes
1106 3214 1222 3279 tumuli

133 3308 351 3389 pcrreruu·it.”⁰
407 3309 515 3370 Oratio
555 3309 773 3387 (conveniensi
812 3308 896 3369 brevi
931 3307 1128 3370 conclusione
1162 3311 1218 3370 ter·

134 3402 279 3462 miuumlu
299 3408 354 3463 cst.
395 3402 433 3461 ln
453 3402 514 3462 linc
532 3401 571 3462 ad
590 3401 737 3480 Requiem
759 3405 914 3461 ueternum
937 3400 1125 3462 “Celebrans
1145 3401 1220 3462 lacit

132 3516 252 3556 crimem
275 3515 369 3555 uranu
392 3494 500 3554 dextra
521 3512 614 3572 supcr
634 3490 838 3554 tumulurn.''⁷
880 3493 969 3553 'l'unc
991 3496 1131 3553 cantores
1151 3512 1221 3554 can·

132 3593 202 3650 taut
220 3586 403 3668 Iquur'escul
422 3585 466 3647 rel
486 3583 691 3666 Requirsruut
712 3584 742 3645 iu
765 3606 849 3664 pure,
869 3586 962 3664 prout
982 3583 1146 3645 Absolutio
1165 3604 1221 3663 pro

132 3702 193 3743 uno
220 3680 263 3742 rel
290 3678 432 3760 pluribus
456 3677 541 3739 facta
564 3677 635 3738 est.⁸

172 3779 200 3836 l.
225 3773 262 3834 lu
286 3771 478 3833 nluolutione
500 3790 556 3849 pro
578 3769 698 3831 clericis
719 3789 812 3849 super
833 3768 992 3834 tumulum
1014 3770 1130 3851 apponi
1152 3789 1220 3851 pos-

131 3874 203 3929 sunt
226 3866 359 3941 insignia
384 3862 512 3923 Ordinis
532 3882 592 3941 quo
614 3860 759 3939 insigniti
779 3862 910 3931 frrerint..
932 3884 960 3925 v.
982 3883 1012 3941 g.
1034 3863 1113 3926 stola
1135 3863 1218 3940 nigri

130 3961 174 4023 rel
201 3959 325 4020 violacei
351 3955 471 4027 eoloris,
495 3975 559 4017 non
584 3953 623 4015 ad
646 3959 865 4017 ornamentum
890 3955 1006 4017 tumuli
1032 3954 1086 4018 sed
1108 3954 1149 4018 ad
1173 3956 1220 4018 di·

129 4052 349 4129 stinguendam
375 4069 523 4130 personae
547 4047 684 4108 diversae
710 4047 923 4127 dignitatem.⁹

163 4193 216 4242 111.
238 4194 277 4242 1‘2.
297 4191 352 4242 Jul.
374 4190 448 4245 1892,
467 4204 492 4238 n.
511 4188 587 4236 3780.
606 4188 631 4236 8.
731 4185 787 4237 ⁶D.
805 4186 881 4237 3108.
900 4187 925 4238 4.

161 4270 215 4318 2Ῐ).
233 4268 309 4317 3029.
330 4269 368 4317 10.
731 4262 836 4312 vnum.
858 4263 933 4313 ltine.

161 4346 214 4394 ab.
234 4346 257 4393 9,
277 4343 342 4393 bini.
363 4342 438 4401 1893,
456 4341 532 4390 3798,
551 4341 574 4389 2.
731 4339 785 4389 ⁸1).
808 4341 882 4389 1611.

161 4422 258 4471 ⁴0aer.
282 4421 330 4484 Ep.
351 4419 390 4467 Π.
413 4417 462 4466 XI.
485 4417 524 4466 l'i.
731 4414 800 4464 ⁹Cf.
816 4414 848 4464 D.
866 4416 942 4473 2578.
960 4417 999 4466 12.

159 4497 213 4547 ⁶1³.
234 4499 273 4546 20.
293 4495 357 4545 Jun.
379 4494 454 4551 1999,
473 4494 549 4543 «1934.
567 4492 592 4545 3.
