2804 4890
148 594 211 659 522
480 603 534 658 DE
557 601 911 659 PROOESSIONIBUS.

151 772 223 834 dem
254 771 463 852 processiones
495 771 529 833 in
562 769 710 832 Ecclesiis
741 767 915 848 collegiatis
944 772 976 832 et
1005 765 1254 849 parochialibus

150 864 271 940 saltem,
292 864 319 926 si
339 863 499 928 commode
520 864 588 925 fieri
610 863 718 943 possit,
736 864 828 943 juxta
848 860 993 923 ordinem
1011 861 1047 921 in
1069 858 1204 922 Missali
1227 862 1260 922 et

150 957 272 1020 Rituali
299 955 529 1037 praescriptum
555 955 662 1017 haberi
690 954 826 1028 debente
852 952 917 1016 sire
942 958 1040 1029 extra,
1066 952 1135 1015 sive
1165 953 1259 1014 intra

151 1048 332 1112 Ecclesiam.

193 1140 374 1217 “Quaedam
404 1162 475 1205 vero
504 1146 579 1204 sunt
607 1139 884 1215 extraordinariae,
913 1143 949 1201 ut
977 1157 1056 1219 quae
1086 1138 1190 1199 variis
1221 1158 1258 1200 ac

150 1234 285 1317 publicis
302 1234 457 1298 Ecclesiae
473 1233 512 1297 de
530 1232 631 1296 causis
649 1236 684 1296 iu
702 1232 769 1295 dies
787 1228 1003 1293 indicuntur.''
1043 1228 1134 1304 Quae
1152 1249 1260 1294 novae

152 1328 279 1390 institui
303 1330 462 1407 nequeunt
485 1326 599 1405 absque
622 1325 771 1404 Episcopi
794 1324 893 1386 venia.

277 1714 327 1766 DE
347 1715 490 1766 ORDINE
510 1715 554 1764 IN
574 1714 893 1764 PROCESSIONIBUS
914 1713 1124 1765 SERVANDO.

197 1837 268 1900 323.
290 1839 515 1901 “Praeferatur
534 1841 629 1917 Crux,
645 1845 676 1902 et
693 1841 746 1900 ubi
766 1841 863 1904 fucrit
880 1839 1080 1916 consuetudo,
1098 1839 1260 1904 vexillum

156 1931 251 1993 sacris
271 1931 461 2011 imaginibus
482 1932 700 2010 insignitum.”
743 1933 827 1993 Crux
845 1934 987 1995 defertur
1005 1954 1059 2014 per
1080 1933 1260 1996 Subdiaco

156 2043 234 2086 num
248 2023 455 2099 assistentem,
476 2025 540 2104 (vel
555 2026 589 2086 in
604 2025 852 2104 processionibus
869 2026 926 2088 SS.
945 2026 1151 2100 Sacraruenti,
1167 2027 1261 2089 aliis-

157 2136 216 2198 que
247 2116 437 2178 solemnibus
468 2137 523 2197 per
554 2116 688 2178 alterum
722 2116 954 2179 Subdiueonuru
986 2120 1081 2179 saeris
1115 2119 1261 2180 restibus

157 2209 333 2285 indutum)
357 2215 412 2271 aut
430 2230 484 2289 per
505 2208 652 2270 clericum
673 2207 895 2289 superpelliceo
917 2210 1074 2272 indutum.
1119 2212 1262 2274 Crucem

158 2302 261 2366 defert
278 2324 348 2364 curu
365 2304 502 2381 imagine
519 2323 581 2362 nou
600 2301 639 2363 ad
656 2303 792 2379 seipsum
811 2322 967 2378 conversa,
983 2303 1035 2364 sed
1054 2305 1142 2382 quasi
1163 2303 1263 2367 Chri-

159 2399 225 2457 stus
245 2397 365 2475 praeirc
386 2395 536 2454 rideatur.
570 2394 679 2455 Solum
701 2395 785 2454 Crux
807 2395 1089 2474 Arelriepiscopalis
1110 2397 1264 2458 defertur

159 2487 199 2550 ad
221 2488 497 2566 Arehieqriseopuru
518 2507 674 2562 conuersa,
694 2492 751 2548 “ut
772 2507 882 2566 nempe
904 2508 940 2549 ex
964 2487 1048 2548 illius
1069 2496 1203 2567 aspectu
1230 2490 1264 2553 in

160 2600 282 2641 summa
301 2579 478 2640 animarum
498 2600 572 2639 eura
593 2578 813 2646 recreetur.''t¹
859 2581 1003 2641 crucifer
1024 2580 1109 2641 radit
1132 2582 1266 2644 medius

162 2674 244 2734 inter
267 2673 492 2733 ceroferarios.²

203 2765 415 2843 Unaquaeque
441 2763 559 2839 lteligio
583 2770 612 2826 et
637 2764 889 2826 (¹orrfraternitas
914 2767 945 2826 in
971 2767 1079 2827 habitu
1104 2766 1267 2831 distincto

161 2877 233 2919 curn
252 2877 308 2918 sua
328 2857 427 2918 (truce
446 2865 476 2920 ct
497 2856 642 2934 insigniis
661 2855 861 2935 praecedunt.
903 2859 1001 2919 'l'otus
1022 2858 1133 2920 t'lerus
1153 2881 1267 2924 saecu·

162 2949 238 3010 laris
253 2949 310 3010 sub
326 2969 388 3009 uua
407 2947 505 3009 truce
523 2948 663 3009 irrecdit.⁸

205 3045 232 3103 2.
254 3041 412 3101 Processi«)
436 3041 575 3118 sequenti
599 3040 709 3103 ordino
732 3041 899 3119 dirigitur:

210 3135 260 3209 (a.)
291 3133 485 3193 l'rueeeduut
511 3134 786 3195 confraternitates
815 3136 974 3208 laieorum,
1001 3138 1113 3217 quibus
1142 3147 1268 3215 tamen,

163 3247 199 3288 ex
220 3224 444 3288 consuetudine
464 3224 646 3305 plerumque
666 3227 815 3289 “omniuo
837 3236 989 3307 praeeunt
1011 3230 1150 3293 infantes
1175 3237 1267 3298 selre-

165 3321 225 3381 taru
242 3319 502 3380 cateelrisurunrre
520 3319 754 3397 frequentantes
771 3319 872 3399 priruu
891 3322 977 3399 pueri
997 3322 1109 3384 deiude
1126 3326 1270 3403 puellae,

166 3414 301 3492 praelato
322 3431 427 3472 eorum
452 3410 562 3472 vexillo
584 3411 679 3470 saeris
703 3411 892 3490 imaginibus
916 3414 1110 3490 irrsigrrite,'’⁴

211 3508 262 3579 (at
295 3503 413 3567 lteiude
442 3505 607 3579 {tegulares
634 3503 783 3565 incedunt
808 3509 968 3584 sequentes
994 3509 1154 3587 propriam
1183 3512 1269 3576 Oru-

164 3619 229 3662 cem
251 3619 267 3659 a
290 3597 389 3660 fratre
410 3595 545 3658 delatam
555 3596 578 3671 3⁶

198 3730 326 3796 ‘Quarti
348 3730 405 3782 III.
429 3733 451 3794 1,
472 3732 501 3793 43
525 3729 565 3781 Do
585 3727 683 3792 Herdt,
734 3729 804 3779 atius
834 3732 947 3784 clericus
979 3736 1095 3787 ferebat.
1145 3738 1266 3795 Crucem

162 3807 219 3859 111.
239 3809 297 3858 314.
733 3806 895 3869 sequebatur
925 3809 1069 3874 Diaconus,
1098 3812 1140 3863 rel
1170 3820 1267 3871 medio

197 3883 259 3935 ²De
277 3884 373 3948 carpo.
732 3895 798 3931 aevo
848 3884 1063 3936 Archidiaeonus
1112 3889 1265 3956 Evangelj.

198 3961 326 4023 ²Quarto
343 3961 449 4009 saecuto
467 3959 491 4007 in
510 3957 684 4023 processioni·
733 3971 808 4007 orum
832 3959 930 4008 librum
953 3962 1087 4013 (luterens.

163 4035 214 4086 bus
232 4035 342 4085 Crucem
364 4036 541 4098 praecessisse
560 4036 684 4088 constat:
769 4034 823 4084 ³1).
846 4036 921 4086 3144.
945 4037 968 4086 3.

164 4113 234 4175 quod
261 4112 355 4175 quinto
382 4111 488 4159 saecuto
514 4110 597 4160 etiarn
624 4109 685 4158 Jus·
766 4111 906 4169 tt'initor,
927 4112 1026 4164 ltaliae.

164 4187 262 4237 finiani
293 4187 381 4236 edicto
411 4186 607 4249 praescriptum
635 4189 684 4234 est.
769 4186 946 4249 ⁵Sequuutur
987 4190 1104 4241 curiales
1145 4198 1173 4243 et
1218 4197 1264 4246 ot-

163 4262 272 4312 Crueeur
335 4262 490 4325 plerumque
550 4261 687 4310 ltiaeonua
733 4260 842 4325 ficialcs,
862 4263 913 4311 nisi
932 4280 964 4314 ex
981 4268 1177 4319 consuetudins
1195 4276 1264 4333 pout

168 4335 453 4400 c‘smurquronu,”
483 4337 523 4385 vel
554 4336 685 4395 “ltraqo-
732 4336 919 4389 Celebrantem
941 4340 1076 4391 incedunt.

163 4412 286 4464 nariua''
306 4413 330 4460 iu
353 4412 425 4461 uua
443 4411 625 4475 appellatus),
644 4411 685 4461 vel
