<?xml version="1.0" encoding="UTF-8"?>
<!DOCTYPE html PUBLIC "-//W3C//DTD XHTML 1.0 Transitional//EN"
    "http://www.w3.org/TR/xhtml1/DTD/xhtml1-transitional.dtd">
<html xmlns="http://www.w3.org/1999/xhtml" xml:lang="en" lang="en">
 <head>
  <title>
</title>
<meta http-equiv="Content-Type" content="text/html;charset=utf-8" />
  <meta name='ocr-system' content='tesseract 3.04.00' />
  <meta name='ocr-capabilities' content='ocr_page ocr_carea ocr_par ocr_line ocrx_word'/>
</head>
<body>
  <div class='ocr_page' id='page_1' title='image "./compendiumsacra00wapegoog_0254.png"; bbox 0 0 2804 4890; ppageno 0'>
   <div class='ocr_carea' id='block_1_1' title="bbox 303 677 1250 760">
    <p class='ocr_par' dir='ltr' id='par_1_1' title="bbox 303 677 1250 760">
     <span class='ocr_line' id='line_1_1' title="bbox 303 677 1250 760; baseline 0 -15"><span class='ocrx_word' id='word_1_1' title='bbox 303 687 355 746; x_wconf 78' lang='lat' dir='ltr'>Aa</span> <span class='ocrx_word' id='word_1_2' title='bbox 378 685 569 747; x_wconf 82' lang='lat' dir='ltr'>turnorru</span> <span class='ocrx_word' id='word_1_3' title='bbox 596 686 728 760; x_wconf 82' lang='lat' dir='ltr'>usouu</span> <span class='ocrx_word' id='word_1_4' title='bbox 751 690 805 746; x_wconf 77' lang='lat' dir='ltr'>an</span> <span class='ocrx_word' id='word_1_5' title='bbox 829 690 1126 748; x_wconf 83' lang='lat' dir='ltr'>orrsnromuu.</span> <span class='ocrx_word' id='word_1_6' title='bbox 1188 677 1250 745; x_wconf 84' lang='lat'>237</span> 
     </span>
    </p>
   </div>
   <div class='ocr_carea' id='block_1_2' title="bbox 157 858 1249 4219">
    <p class='ocr_par' dir='ltr' id='par_1_2' title="bbox 159 858 1247 1221">
     <span class='ocr_line' id='line_1_2' title="bbox 159 858 1247 939; baseline -0.001 -18"><span class='ocrx_word' id='word_1_7' title='bbox 159 860 222 921; x_wconf 89' lang='lat' dir='ltr'>nisi</span> <span class='ocrx_word' id='word_1_8' title='bbox 251 858 403 939; x_wconf 81' lang='lat' dir='ltr'><strong>quaedam</strong></span> <span class='ocrx_word' id='word_1_9' title='bbox 432 858 564 939; x_wconf 88' lang='lat' dir='ltr'>epistola</span> <span class='ocrx_word' id='word_1_10' title='bbox 593 859 818 938; x_wconf 86' lang='lat' dir='ltr'>omnipotentis</span> <span class='ocrx_word' id='word_1_11' title='bbox 849 859 907 921; x_wconf 91' lang='lat' dir='ltr'>Dei</span> <span class='ocrx_word' id='word_1_12' title='bbox 939 859 978 921; x_wconf 92' lang='lat' dir='ltr'>ad</span> <span class='ocrx_word' id='word_1_13' title='bbox 1008 880 1098 921; x_wconf 88' lang='lat' dir='ltr'>suam</span> <span class='ocrx_word' id='word_1_14' title='bbox 1127 863 1247 922; x_wconf 90' lang='lat' dir='ltr'>creatu·</span> 
     </span>
     <span class='ocr_line' id='line_1_3' title="bbox 159 951 1247 1033; baseline -0.003 -19"><span class='ocrx_word' id='word_1_15' title='bbox 159 973 227 1015; x_wconf 90' lang='lat' dir='ltr'>ram</span> <span class='ocrx_word' id='word_1_16' title='bbox 235 951 297 1015; x_wconf 79' lang='lat'>?’&#39;¹⁸</span> <span class='ocrx_word' id='word_1_17' title='bbox 335 951 418 1014; x_wconf 83' lang='lat' dir='ltr'>Aliis</span> <span class='ocrx_word' id='word_1_18' title='bbox 437 972 557 1033; x_wconf 89' lang='lat' dir='ltr'>quoque</span> <span class='ocrx_word' id='word_1_19' title='bbox 575 953 760 1016; x_wconf 90' lang='lat' dir='ltr'>lectionibus</span> <span class='ocrx_word' id='word_1_20' title='bbox 779 973 815 1014; x_wconf 81' lang='lat' dir='ltr'>er</span> <span class='ocrx_word' id='word_1_21' title='bbox 834 973 857 1014; x_wconf 91' lang='lat' dir='ltr'>s.</span> <span class='ocrx_word' id='word_1_22' title='bbox 879 953 1096 1032; x_wconf 71' lang='lat' dir='ltr'>Scripturas.</span> <span class='ocrx_word' id='word_1_23' title='bbox 1115 973 1145 1032; x_wconf 89' lang='lat' dir='ltr'>g.</span> <span class='ocrx_word' id='word_1_24' title='bbox 1164 952 1247 1032; x_wconf 91' lang='lat' dir='ltr'>capi·</span> 
     </span>
     <span class='ocr_line' id='line_1_4' title="bbox 159 1046 1247 1127; baseline -0.003 -18"><span class='ocrx_word' id='word_1_25' title='bbox 159 1046 235 1109; x_wconf 88' lang='lat' dir='ltr'>tulis</span> <span class='ocrx_word' id='word_1_26' title='bbox 251 1050 284 1110; x_wconf 86' lang='lat' dir='ltr'>et</span> <span class='ocrx_word' id='word_1_27' title='bbox 301 1046 486 1110; x_wconf 90' lang='lat' dir='ltr'>lectionibus</span> <span class='ocrx_word' id='word_1_28' title='bbox 507 1046 617 1122; x_wconf 88' lang='lat' dir='ltr'>Officii,</span> <span class='ocrx_word' id='word_1_29' title='bbox 636 1047 701 1109; x_wconf 85' lang='lat' dir='ltr'>Deo</span> <span class='ocrx_word' id='word_1_30' title='bbox 721 1046 838 1127; x_wconf 77' lang='lat' dir='ltr'>pretias</span> <span class='ocrx_word' id='word_1_31' title='bbox 857 1046 994 1108; x_wconf 80' lang='lat' dir='ltr'>additur.</span> <span class='ocrx_word' id='word_1_32' title='bbox 1040 1046 1247 1126; x_wconf 79' lang='lat' dir='ltr'><strong>Temporibus</strong></span> 
     </span>
     <span class='ocr_line' id='line_1_5' title="bbox 159 1138 1246 1221; baseline -0.001 -18"><span class='ocrx_word' id='word_1_33' title='bbox 159 1139 410 1221; x_wconf 79' lang='lat' dir='ltr'>persecutionum</span> <span class='ocrx_word' id='word_1_34' title='bbox 430 1145 498 1203; x_wconf 89' lang='lat' dir='ltr'>erat</span> <span class='ocrx_word' id='word_1_35' title='bbox 518 1144 633 1202; x_wconf 79' lang='lat' dir='ltr'>tessera</span> <span class='ocrx_word' id='word_1_36' title='bbox 652 1160 713 1218; x_wconf 91' lang='lat' dir='ltr'>qua</span> <span class='ocrx_word' id='word_1_37' title='bbox 733 1139 890 1201; x_wconf 90' lang='lat' dir='ltr'>Ostiarius</span> <span class='ocrx_word' id='word_1_38' title='bbox 910 1139 1110 1218; x_wconf 79' lang='lat' dir='ltr'>dignoscebat</span> <span class='ocrx_word' id='word_1_39' title='bbox 1130 1138 1246 1202; x_wconf 89' lang='lat' dir='ltr'>fideles.</span> 
     </span>
    </p>

    <p class='ocr_par' dir='ltr' id='par_1_3' title="bbox 157 1232 1248 2233">
     <span class='ocr_line' id='line_1_6' title="bbox 201 1232 1248 1314; baseline -0.001 -20"><span class='ocrx_word' id='word_1_40' title='bbox 201 1237 230 1295; x_wconf 90' lang='lat'>3.</span> <span class='ocrx_word' id='word_1_41' title='bbox 253 1232 410 1296; x_wconf 80' lang='lat' dir='ltr'>Graduale</span> <span class='ocrx_word' id='word_1_42' title='bbox 428 1233 597 1296; x_wconf 81' lang='lat' dir='ltr'>canebatur</span> <span class='ocrx_word' id='word_1_43' title='bbox 613 1255 631 1296; x_wconf 90' lang='lat' dir='ltr'>a</span> <span class='ocrx_word' id='word_1_44' title='bbox 649 1233 784 1296; x_wconf 87' lang='lat' dir='ltr'>Cantore</span> <span class='ocrx_word' id='word_1_45' title='bbox 801 1234 836 1294; x_wconf 94' lang='lat' dir='ltr'>in</span> <span class='ocrx_word' id='word_1_46' title='bbox 853 1232 1005 1295; x_wconf 85' lang='lat' dir='ltr'>Ambonis</span> <span class='ocrx_word' id='word_1_47' title='bbox 1023 1233 1181 1314; x_wconf 75' lang='lat' dir='ltr'>prodibam,</span> <span class='ocrx_word' id='word_1_48' title='bbox 1199 1232 1248 1295; x_wconf 87' lang='lat' dir='ltr'>vel</span> 
     </span>
     <span class='ocr_line' id='line_1_7' title="bbox 160 1325 1248 1407; baseline -0.001 -18"><span class='ocrx_word' id='word_1_49' title='bbox 160 1329 251 1407; x_wconf 81' lang='lat' dir='ltr'>juxta</span> <span class='ocrx_word' id='word_1_50' title='bbox 278 1327 366 1405; x_wconf 89' lang='lat' dir='ltr'>alios,</span> <span class='ocrx_word' id='word_1_51' title='bbox 393 1327 470 1389; x_wconf 94' lang='lat' dir='ltr'>dum</span> <span class='ocrx_word' id='word_1_52' title='bbox 499 1328 657 1389; x_wconf 85' lang='lat' dir='ltr'>Diaconus</span> <span class='ocrx_word' id='word_1_53' title='bbox 686 1327 815 1391; x_wconf 86' lang='lat' dir='ltr'>vacabat</span> <span class='ocrx_word' id='word_1_54' title='bbox 841 1327 881 1390; x_wconf 90' lang='lat' dir='ltr'>ad</span> <span class='ocrx_word' id='word_1_55' title='bbox 909 1327 1077 1407; x_wconf 90' lang='lat' dir='ltr'>petendam</span> <span class='ocrx_word' id='word_1_56' title='bbox 1106 1325 1248 1389; x_wconf 90' lang='lat' dir='ltr'>benedic·</span> 
     </span>
     <span class='ocr_line' id='line_1_8' title="bbox 157 1422 1245 1503; baseline -0.001 -19"><span class='ocrx_word' id='word_1_57' title='bbox 157 1424 275 1487; x_wconf 90' lang='lat' dir='ltr'>tionem</span> <span class='ocrx_word' id='word_1_58' title='bbox 306 1426 339 1486; x_wconf 89' lang='lat' dir='ltr'>et</span> <span class='ocrx_word' id='word_1_59' title='bbox 369 1423 554 1487; x_wconf 86' lang='lat' dir='ltr'>ascendebat</span> <span class='ocrx_word' id='word_1_60' title='bbox 585 1424 718 1503; x_wconf 70' lang='lat' dir='ltr'>prodam</span> <span class='ocrx_word' id='word_1_61' title='bbox 750 1423 903 1484; x_wconf 84' lang='lat' dir='ltr'>Ambonis</span> <span class='ocrx_word' id='word_1_62' title='bbox 940 1422 1245 1503; x_wconf 86' lang='lat' dir='ltr'>(septentrionalis).</span> 
     </span>
     <span class='ocr_line' id='line_1_9' title="bbox 159 1512 1246 1596; baseline -0.001 -21"><span class='ocrx_word' id='word_1_63' title='bbox 159 1514 348 1595; x_wconf 88' lang='lat' dir='ltr'>Appellatur</span> <span class='ocrx_word' id='word_1_64' title='bbox 364 1518 395 1577; x_wconf 87' lang='lat' dir='ltr'>et</span> <span class='ocrx_word' id='word_1_65' title='bbox 411 1517 550 1596; x_wconf 82' lang='lat' dir='ltr'>psalmus</span> <span class='ocrx_word' id='word_1_66' title='bbox 567 1515 790 1596; x_wconf 73' lang='lat' dir='ltr'>responsoriae,</span> <span class='ocrx_word' id='word_1_67' title='bbox 809 1514 855 1576; x_wconf 87' lang='lat' dir='ltr'>vel</span> <span class='ocrx_word' id='word_1_68' title='bbox 872 1512 1115 1595; x_wconf 81' lang='lat' dir='ltr'>Responsorium</span> <span class='ocrx_word' id='word_1_69' title='bbox 1133 1513 1246 1594; x_wconf 76' lang='lat' dir='ltr'>pradu-</span> 
     </span>
     <span class='ocr_line' id='line_1_10' title="bbox 158 1605 1246 1688; baseline -0.005 -18"><span class='ocrx_word' id='word_1_70' title='bbox 158 1609 215 1680; x_wconf 86' lang='lat' dir='ltr'>ole,</span> <span class='ocrx_word' id='word_1_71' title='bbox 249 1607 351 1688; x_wconf 88' lang='lat' dir='ltr'>“quod</span> <span class='ocrx_word' id='word_1_72' title='bbox 385 1629 449 1671; x_wconf 92' lang='lat' dir='ltr'>uno</span> <span class='ocrx_word' id='word_1_73' title='bbox 483 1613 612 1670; x_wconf 87' lang='lat' dir='ltr'>canente</span> <span class='ocrx_word' id='word_1_74' title='bbox 647 1608 758 1670; x_wconf 89' lang='lat' dir='ltr'>chorus</span> <span class='ocrx_word' id='word_1_75' title='bbox 790 1607 988 1670; x_wconf 89' lang='lat' dir='ltr'>consonando</span> <span class='ocrx_word' id='word_1_76' title='bbox 1022 1605 1246 1686; x_wconf 81' lang='lat' dir='ltr'>respondet.&#39;&#39;¹⁷</span> 
     </span>
     <span class='ocr_line' id='line_1_11' title="bbox 161 1699 1248 1782; baseline -0.003 -19"><span class='ocrx_word' id='word_1_77' title='bbox 161 1701 258 1782; x_wconf 87' lang='lat' dir='ltr'>Saepe</span> <span class='ocrx_word' id='word_1_78' title='bbox 278 1701 444 1781; x_wconf 90' lang='lat' dir='ltr'>respondet</span> <span class='ocrx_word' id='word_1_79' title='bbox 463 1702 623 1764; x_wconf 87' lang='lat' dir='ltr'>Lectioni:</span> <span class='ocrx_word' id='word_1_80' title='bbox 644 1701 769 1764; x_wconf 87' lang='lat' dir='ltr'>“tristia</span> <span class='ocrx_word' id='word_1_81' title='bbox 789 1721 922 1780; x_wconf 85' lang='lat' dir='ltr'>namque</span> <span class='ocrx_word' id='word_1_82' title='bbox 942 1701 1096 1773; x_wconf 87' lang='lat' dir='ltr'>tristibus,</span> <span class='ocrx_word' id='word_1_83' title='bbox 1116 1704 1147 1762; x_wconf 84' lang='lat' dir='ltr'>et</span> <span class='ocrx_word' id='word_1_84' title='bbox 1166 1699 1248 1761; x_wconf 89' lang='lat' dir='ltr'>laeta</span> 
     </span>
     <span class='ocr_line' id='line_1_12' title="bbox 158 1790 1247 1873; baseline -0.002 -17"><span class='ocrx_word' id='word_1_85' title='bbox 158 1794 249 1859; x_wconf 90' lang='lat' dir='ltr'>laetis</span> <span class='ocrx_word' id='word_1_86' title='bbox 265 1795 413 1859; x_wconf 88' lang='lat' dir='ltr'>debemus</span> <span class='ocrx_word' id='word_1_87' title='bbox 430 1795 588 1858; x_wconf 85' lang='lat' dir='ltr'>succinere</span> <span class='ocrx_word' id='word_1_88' title='bbox 605 1794 821 1857; x_wconf 85' lang='lat' dir='ltr'>lectionibus.&#39;&#39;</span> <span class='ocrx_word' id='word_1_89' title='bbox 834 1796 859 1828; x_wconf 84' lang='lat'>¹⁸</span> <span class='ocrx_word' id='word_1_90' title='bbox 899 1795 1061 1873; x_wconf 86' lang='lat' dir='ltr'>“Utraque</span> <span class='ocrx_word' id='word_1_91' title='bbox 1081 1790 1247 1855; x_wconf 86' lang='lat' dir='ltr'>Gradualis</span> 
     </span>
     <span class='ocr_line' id='line_1_13' title="bbox 158 1885 1247 1969; baseline -0.004 -19"><span class='ocrx_word' id='word_1_92' title='bbox 158 1908 240 1969; x_wconf 89' lang='lat' dir='ltr'>pars,</span> <span class='ocrx_word' id='word_1_93' title='bbox 264 1888 394 1969; x_wconf 86' lang='lat' dir='ltr'>perinde</span> <span class='ocrx_word' id='word_1_94' title='bbox 418 1894 510 1968; x_wconf 92' lang='lat' dir='ltr'>atque</span> <span class='ocrx_word' id='word_1_95' title='bbox 535 1888 700 1962; x_wconf 84' lang='lat' dir='ltr'>Introitus,</span> <span class='ocrx_word' id='word_1_96' title='bbox 724 1888 816 1948; x_wconf 91' lang='lat' dir='ltr'>modo</span> <span class='ocrx_word' id='word_1_97' title='bbox 841 1887 1058 1948; x_wconf 79' lang='lat' dir='ltr'>invitationem</span> <span class='ocrx_word' id='word_1_98' title='bbox 1084 1890 1115 1948; x_wconf 90' lang='lat' dir='ltr'>et</span> <span class='ocrx_word' id='word_1_99' title='bbox 1140 1885 1247 1949; x_wconf 82' lang='lat' dir='ltr'>exhor·</span> 
     </span>
     <span class='ocr_line' id='line_1_14' title="bbox 160 1979 1247 2060; baseline -0.005 -16"><span class='ocrx_word' id='word_1_100' title='bbox 160 1983 311 2045; x_wconf 90' lang='lat' dir='ltr'>tationem</span> <span class='ocrx_word' id='word_1_101' title='bbox 327 1984 478 2057; x_wconf 88' lang='lat' dir='ltr'>continet,</span> <span class='ocrx_word' id='word_1_102' title='bbox 496 1982 587 2044; x_wconf 91' lang='lat' dir='ltr'>modo</span> <span class='ocrx_word' id='word_1_103' title='bbox 605 1981 867 2043; x_wconf 89' lang='lat' dir='ltr'>collaudationem</span> <span class='ocrx_word' id='word_1_104' title='bbox 885 1985 915 2044; x_wconf 91' lang='lat' dir='ltr'>et</span> <span class='ocrx_word' id='word_1_105' title='bbox 933 1979 1247 2060; x_wconf 82' lang='lat' dir='ltr'>congratulationem,</span> 
     </span>
     <span class='ocr_line' id='line_1_15' title="bbox 159 2073 1247 2157; baseline -0.003 -20"><span class='ocrx_word' id='word_1_106' title='bbox 159 2095 385 2157; x_wconf 89' lang='lat' dir='ltr'>nonuunquam</span> <span class='ocrx_word' id='word_1_107' title='bbox 425 2075 679 2157; x_wconf 87' lang='lat' dir='ltr'>prosopopoeiam</span> <span class='ocrx_word' id='word_1_108' title='bbox 720 2075 767 2137; x_wconf 83' lang='lat' dir='ltr'>rel</span> <span class='ocrx_word' id='word_1_109' title='bbox 808 2073 1026 2153; x_wconf 85' lang='lat' dir='ltr'>apostrophen,</span> <span class='ocrx_word' id='word_1_110' title='bbox 1068 2073 1247 2153; x_wconf 88' lang='lat' dir='ltr'>saepissime</span> 
     </span>
     <span class='ocr_line' id='line_1_16' title="bbox 157 2168 1002 2233; baseline -0.004 -2"><span class='ocrx_word' id='word_1_111' title='bbox 157 2190 228 2233; x_wconf 80' lang='lat' dir='ltr'>sero</span> <span class='ocrx_word' id='word_1_112' title='bbox 247 2172 389 2233; x_wconf 91' lang='lat' dir='ltr'>omnium</span> <span class='ocrx_word' id='word_1_113' title='bbox 408 2171 621 2233; x_wconf 88' lang='lat' dir='ltr'>narrationem</span> <span class='ocrx_word' id='word_1_114' title='bbox 640 2177 695 2231; x_wconf 85' lang='lat' dir='ltr'>aut.</span> <span class='ocrx_word' id='word_1_115' title='bbox 715 2168 1002 2233; x_wconf 85' lang='lat' dir='ltr'>invocationem.&#39;’¹⁹</span> 
     </span>
    </p>

    <p class='ocr_par' dir='ltr' id='par_1_4' title="bbox 160 2259 1249 3279">
     <span class='ocr_line' id='line_1_17' title="bbox 200 2259 1248 2340; baseline -0.005 -16"><span class='ocrx_word' id='word_1_116' title='bbox 200 2265 229 2324; x_wconf 87' lang='lat'>4.</span> <span class='ocrx_word' id='word_1_117' title='bbox 251 2261 403 2340; x_wconf 78' lang='lat' dir='ltr'>Alleluja.</span> <span class='ocrx_word' id='word_1_118' title='bbox 427 2262 508 2324; x_wconf 89' lang='lat' dir='ltr'>Loco</span> <span class='ocrx_word' id='word_1_119' title='bbox 526 2260 693 2322; x_wconf 76' lang='lat' dir='ltr'>Gradualis</span> <span class='ocrx_word' id='word_1_120' title='bbox 710 2265 848 2339; x_wconf 87' lang='lat' dir='ltr'>tempore</span> <span class='ocrx_word' id='word_1_121' title='bbox 865 2259 1001 2338; x_wconf 87' lang='lat' dir='ltr'>paschali</span> <span class='ocrx_word' id='word_1_122' title='bbox 1020 2264 1090 2339; x_wconf 90' lang='lat' dir='ltr'>post</span> <span class='ocrx_word' id='word_1_123' title='bbox 1106 2262 1248 2320; x_wconf 83' lang='lat' dir='ltr'>octavam</span> 
     </span>
     <span class='ocr_line' id='line_1_18' title="bbox 160 2350 1247 2433; baseline -0.006 -14"><span class='ocrx_word' id='word_1_124' title='bbox 160 2356 322 2419; x_wconf 91' lang='lat' dir='ltr'>Paschatis</span> <span class='ocrx_word' id='word_1_125' title='bbox 344 2356 461 2417; x_wconf 91' lang='lat' dir='ltr'>dicitur</span> <span class='ocrx_word' id='word_1_126' title='bbox 484 2356 633 2433; x_wconf 68' lang='lat' dir='ltr'>Alleluia,</span> <span class='ocrx_word' id='word_1_127' title='bbox 657 2353 737 2433; x_wconf 89' lang='lat' dir='ltr'>quod</span> <span class='ocrx_word' id='word_1_128' title='bbox 762 2352 946 2433; x_wconf 86' lang='lat' dir='ltr'>quandoque</span> <span class='ocrx_word' id='word_1_129' title='bbox 969 2352 1140 2430; x_wconf 80' lang='lat' dir='ltr'>“maguum</span> <span class='ocrx_word' id='word_1_130' title='bbox 1163 2350 1247 2413; x_wconf 85' lang='lat' dir='ltr'>Alle-</span> 
     </span>
     <span class='ocr_line' id='line_1_19' title="bbox 160 2444 1246 2530; baseline -0.008 -16"><span class='ocrx_word' id='word_1_131' title='bbox 160 2449 247 2530; x_wconf 88' lang='lat' dir='ltr'>luja”</span> <span class='ocrx_word' id='word_1_132' title='bbox 275 2449 470 2530; x_wconf 86' lang='lat' dir='ltr'>appellatur;</span> <span class='ocrx_word' id='word_1_133' title='bbox 499 2449 650 2527; x_wconf 78' lang='lat' dir='ltr'>“parrum</span> <span class='ocrx_word' id='word_1_134' title='bbox 680 2445 839 2525; x_wconf 77' lang='lat' dir='ltr'>Alleluja’&#39;</span> <span class='ocrx_word' id='word_1_135' title='bbox 869 2467 921 2507; x_wconf 92' lang='lat' dir='ltr'>seu</span> <span class='ocrx_word' id='word_1_136' title='bbox 951 2446 1076 2506; x_wconf 82' lang='lat' dir='ltr'>“versus</span> <span class='ocrx_word' id='word_1_137' title='bbox 1105 2444 1246 2522; x_wconf 85' lang='lat' dir='ltr'>alleluja-</span> 
     </span>
     <span class='ocr_line' id='line_1_20' title="bbox 161 2538 1247 2622; baseline -0.007 -16"><span class='ocrx_word' id='word_1_138' title='bbox 161 2543 262 2607; x_wconf 90' lang='lat' dir='ltr'>ticus&#39;&#39;</span> <span class='ocrx_word' id='word_1_139' title='bbox 282 2564 353 2606; x_wconf 88' lang='lat' dir='ltr'>vero</span> <span class='ocrx_word' id='word_1_140' title='bbox 373 2542 509 2605; x_wconf 90' lang='lat' dir='ltr'>secunda</span> <span class='ocrx_word' id='word_1_141' title='bbox 528 2562 599 2622; x_wconf 85' lang='lat' dir='ltr'>pars</span> <span class='ocrx_word' id='word_1_142' title='bbox 622 2540 797 2603; x_wconf 82' lang='lat' dir='ltr'>Gradualis.</span> <span class='ocrx_word' id='word_1_143' title='bbox 842 2540 992 2618; x_wconf 83' lang='lat' dir='ltr'>Magnum</span> <span class='ocrx_word' id='word_1_144' title='bbox 1016 2538 1156 2615; x_wconf 81' lang='lat' dir='ltr'>Alleluja</span> <span class='ocrx_word' id='word_1_145' title='bbox 1176 2558 1247 2599; x_wconf 89' lang='lat' dir='ltr'>con·</span> 
     </span>
     <span class='ocr_line' id='line_1_21' title="bbox 160 2629 1247 2713; baseline -0.008 -13"><span class='ocrx_word' id='word_1_146' title='bbox 160 2639 244 2701; x_wconf 89' lang='lat' dir='ltr'>sistit</span> <span class='ocrx_word' id='word_1_147' title='bbox 268 2658 305 2700; x_wconf 87' lang='lat' dir='ltr'>ex</span> <span class='ocrx_word' id='word_1_148' title='bbox 329 2637 449 2700; x_wconf 91' lang='lat' dir='ltr'>duobus</span> <span class='ocrx_word' id='word_1_149' title='bbox 473 2636 611 2696; x_wconf 80' lang='lat' dir='ltr'>versibus</span> <span class='ocrx_word' id='word_1_150' title='bbox 636 2654 707 2697; x_wconf 93' lang='lat' dir='ltr'>cum</span> <span class='ocrx_word' id='word_1_151' title='bbox 732 2639 866 2713; x_wconf 88' lang='lat' dir='ltr'>quatuor</span> <span class='ocrx_word' id='word_1_152' title='bbox 891 2633 1039 2710; x_wconf 76' lang='lat' dir='ltr'>Alleluia.</span> <span class='ocrx_word' id='word_1_153' title='bbox 1086 2629 1247 2709; x_wconf 70' lang='lat' dir='ltr'>“alleluja</span> 
     </span>
     <span class='ocr_line' id='line_1_22' title="bbox 164 2727 1249 2812; baseline -0.007 -18"><span class='ocrx_word' id='word_1_154' title='bbox 164 2733 348 2812; x_wconf 81' lang='lat' dir='ltr'>(=lrallelu,</span> <span class='ocrx_word' id='word_1_155' title='bbox 370 2732 506 2807; x_wconf 86' lang='lat' dir='ltr'>laudate,</span> <span class='ocrx_word' id='word_1_156' title='bbox 525 2731 601 2802; x_wconf 70' lang='lat' dir='ltr'>lau,</span> <span class='ocrx_word' id='word_1_157' title='bbox 623 2730 757 2803; x_wconf 78' lang='lat' dir='ltr'>Deum),</span> <span class='ocrx_word' id='word_1_158' title='bbox 777 2728 878 2791; x_wconf 89' lang='lat' dir='ltr'>multo</span> <span class='ocrx_word' id='word_1_159' title='bbox 900 2730 1052 2802; x_wconf 86' lang='lat' dir='ltr'>majorem</span> <span class='ocrx_word' id='word_1_160' title='bbox 1074 2728 1137 2789; x_wconf 88' lang='lat' dir='ltr'>vim</span> <span class='ocrx_word' id='word_1_161' title='bbox 1156 2727 1249 2789; x_wconf 88' lang='lat' dir='ltr'>habet</span> 
     </span>
     <span class='ocr_line' id='line_1_23' title="bbox 160 2818 1248 2905; baseline -0.009 -19"><span class='ocrx_word' id='word_1_162' title='bbox 160 2823 243 2905; x_wconf 92' lang='lat' dir='ltr'>apud</span> <span class='ocrx_word' id='word_1_163' title='bbox 259 2824 426 2898; x_wconf 67' lang='lat' dir='ltr'>Hebraeos</span> <span class='ocrx_word' id='word_1_164' title='bbox 442 2842 535 2902; x_wconf 82' lang='lat' dir='ltr'>quam</span> <span class='ocrx_word' id='word_1_165' title='bbox 551 2821 633 2900; x_wconf 87' lang='lat' dir='ltr'>apud</span> <span class='ocrx_word' id='word_1_166' title='bbox 650 2821 780 2881; x_wconf 87' lang='lat' dir='ltr'>Latinos</span> <span class='ocrx_word' id='word_1_167' title='bbox 794 2819 935 2881; x_wconf 82' lang='lat' dir='ltr'>Loudota</span> <span class='ocrx_word' id='word_1_168' title='bbox 951 2819 1052 2880; x_wconf 78' lang='lat' dir='ltr'>Deum</span> <span class='ocrx_word' id='word_1_169' title='bbox 1060 2840 1072 2889; x_wconf 89' lang='lat'><em>;</em></span> <span class='ocrx_word' id='word_1_170' title='bbox 1087 2818 1248 2879; x_wconf 78' lang='lat' dir='ltr'>veliemen-</span> 
     </span>
     <span class='ocr_line' id='line_1_24' title="bbox 161 2909 1246 2993; baseline -0.01 -13"><span class='ocrx_word' id='word_1_171' title='bbox 161 2922 224 2980; x_wconf 84' lang='lat' dir='ltr'>tem</span> <span class='ocrx_word' id='word_1_172' title='bbox 242 2922 332 2981; x_wconf 90' lang='lat' dir='ltr'>sonat</span> <span class='ocrx_word' id='word_1_173' title='bbox 351 2916 498 2979; x_wconf 85' lang='lat' dir='ltr'>affectum</span> <span class='ocrx_word' id='word_1_174' title='bbox 518 2914 720 2976; x_wconf 86' lang='lat' dir='ltr'>acclamantis</span> <span class='ocrx_word' id='word_1_175' title='bbox 740 2933 813 2993; x_wconf 89' lang='lat' dir='ltr'>prae</span> <span class='ocrx_word' id='word_1_176' title='bbox 832 2912 948 2991; x_wconf 89' lang='lat' dir='ltr'>gaudio</span> <span class='ocrx_word' id='word_1_177' title='bbox 968 2915 999 2973; x_wconf 89' lang='lat' dir='ltr'>et</span> <span class='ocrx_word' id='word_1_178' title='bbox 1017 2931 1055 2973; x_wconf 83' lang='lat' dir='ltr'>es</span> <span class='ocrx_word' id='word_1_179' title='bbox 1075 2910 1167 2973; x_wconf 90' lang='lat' dir='ltr'>laude</span> <span class='ocrx_word' id='word_1_180' title='bbox 1188 2909 1246 2972; x_wconf 92' lang='lat' dir='ltr'>Dei</span> 
     </span>
     <span class='ocr_line' id='line_1_25' title="bbox 160 3005 1246 3091; baseline -0.009 -18"><span class='ocrx_word' id='word_1_181' title='bbox 160 3012 347 3074; x_wconf 83' lang='lat' dir='ltr'>exsultantis</span> <span class='ocrx_word' id='word_1_182' title='bbox 375 3017 467 3091; x_wconf 88' lang='lat' dir='ltr'>atque</span> <span class='ocrx_word' id='word_1_183' title='bbox 497 3009 529 3070; x_wconf 93' lang='lat' dir='ltr'>in</span> <span class='ocrx_word' id='word_1_184' title='bbox 559 3008 696 3087; x_wconf 86' lang='lat' dir='ltr'>jubilum</span> <span class='ocrx_word' id='word_1_185' title='bbox 724 3026 888 3085; x_wconf 81' lang='lat' dir='ltr'>vocemque</span> <span class='ocrx_word' id='word_1_186' title='bbox 918 3005 1055 3067; x_wconf 88' lang='lat' dir='ltr'>laetitiae</span> <span class='ocrx_word' id='word_1_187' title='bbox 1083 3023 1246 3084; x_wconf 88' lang='lat' dir='ltr'>erumpen-</span> 
     </span>
     <span class='ocr_line' id='line_1_26' title="bbox 161 3100 1248 3183; baseline -0.009 -15"><span class='ocrx_word' id='word_1_188' title='bbox 161 3103 260 3168; x_wconf 85' lang='lat' dir='ltr'>tis.&#39;&#39;²⁰</span> <span class='ocrx_word' id='word_1_189' title='bbox 304 3104 332 3165; x_wconf 81' lang='lat' dir='ltr'><strong>A</strong></span> <span class='ocrx_word' id='word_1_190' title='bbox 364 3104 600 3183; x_wconf 81' lang='lat' dir='ltr'>Septuagesima</span> <span class='ocrx_word' id='word_1_191' title='bbox 629 3122 725 3180; x_wconf 82' lang='lat' dir='ltr'>usque</span> <span class='ocrx_word' id='word_1_192' title='bbox 754 3100 791 3161; x_wconf 88' lang='lat' dir='ltr'>ad</span> <span class='ocrx_word' id='word_1_193' title='bbox 824 3100 942 3160; x_wconf 83' lang='lat' dir='ltr'>Pascha</span> <span class='ocrx_word' id='word_1_194' title='bbox 972 3102 1080 3177; x_wconf 89' lang='lat' dir='ltr'>utpote</span> <span class='ocrx_word' id='word_1_195' title='bbox 1109 3102 1248 3177; x_wconf 88' lang='lat' dir='ltr'>tempore</span> 
     </span>
     <span class='ocr_line' id='line_1_27' title="bbox 161 3191 995 3279; baseline -0.011 -18"><span class='ocrx_word' id='word_1_196' title='bbox 161 3199 371 3279; x_wconf 90' lang='lat' dir='ltr'>poenitentiae</span> <span class='ocrx_word' id='word_1_197' title='bbox 386 3199 479 3278; x_wconf 89' lang='lat' dir='ltr'>plano</span> <span class='ocrx_word' id='word_1_198' title='bbox 494 3196 656 3258; x_wconf 88' lang='lat' dir='ltr'>omittitur</span> <span class='ocrx_word' id='word_1_199' title='bbox 671 3196 703 3254; x_wconf 91' lang='lat' dir='ltr'>in</span> <span class='ocrx_word' id='word_1_200' title='bbox 720 3194 817 3254; x_wconf 86' lang='lat' dir='ltr'>Missa</span> <span class='ocrx_word' id='word_1_201' title='bbox 832 3196 862 3254; x_wconf 89' lang='lat' dir='ltr'>et</span> <span class='ocrx_word' id='word_1_202' title='bbox 880 3191 995 3253; x_wconf 88' lang='lat' dir='ltr'>Officio.</span> 
     </span>
    </p>

    <p class='ocr_par' dir='ltr' id='par_1_5' title="bbox 160 3284 1248 3937">
     <span class='ocr_line' id='line_1_28' title="bbox 202 3284 1248 3371; baseline -0.01 -17"><span class='ocrx_word' id='word_1_203' title='bbox 202 3296 230 3354; x_wconf 88' lang='lat'>5.</span> <span class='ocrx_word' id='word_1_204' title='bbox 253 3291 385 3354; x_wconf 75' lang='lat' dir='ltr'>Tractus</span> <span class='ocrx_word' id='word_1_205' title='bbox 404 3291 458 3371; x_wconf 92' lang='lat' dir='ltr'>qui</span> <span class='ocrx_word' id='word_1_206' title='bbox 478 3289 586 3351; x_wconf 90' lang='lat' dir='ltr'>diebus</span> <span class='ocrx_word' id='word_1_207' title='bbox 605 3286 882 3367; x_wconf 87' lang='lat' dir='ltr'>poenitentialibus</span> <span class='ocrx_word' id='word_1_208' title='bbox 902 3285 1030 3360; x_wconf 87' lang='lat' dir='ltr'>dicitur,</span> <span class='ocrx_word' id='word_1_209' title='bbox 1050 3284 1196 3346; x_wconf 87' lang='lat' dir='ltr'>“tractim</span> <span class='ocrx_word' id='word_1_210' title='bbox 1217 3288 1248 3345; x_wconf 90' lang='lat' dir='ltr'>et</span> 
     </span>
     <span class='ocr_line' id='line_1_29' title="bbox 160 3376 1245 3467; baseline -0.011 -18"><span class='ocrx_word' id='word_1_211' title='bbox 160 3387 297 3467; x_wconf 82' lang='lat' dir='ltr'>graviter</span> <span class='ocrx_word' id='word_1_212' title='bbox 314 3389 521 3463; x_wconf 81' lang='lat' dir='ltr'>notarumque</span> <span class='ocrx_word' id='word_1_213' title='bbox 540 3403 593 3444; x_wconf 92' lang='lat' dir='ltr'>seu</span> <span class='ocrx_word' id='word_1_214' title='bbox 614 3401 722 3441; x_wconf 76' lang='lat' dir='ltr'>vocum</span> <span class='ocrx_word' id='word_1_215' title='bbox 742 3379 862 3459; x_wconf 80' lang='lat' dir='ltr'>prolixo</span> <span class='ocrx_word' id='word_1_216' title='bbox 882 3379 1012 3440; x_wconf 71' lang='lat' dir='ltr'>‹lcirursu</span> <span class='ocrx_word' id='word_1_217' title='bbox 1033 3376 1209 3448; x_wconf 87' lang='lat' dir='ltr'>cantatur‚’&#39;</span> <span class='ocrx_word' id='word_1_218' title='bbox 1222 3379 1245 3410; x_wconf 89' lang='lat'>²¹</span> 
     </span>
     <span class='ocr_line' id='line_1_30' title="bbox 161 3471 1247 3562; baseline -0.014 -19"><span class='ocrx_word' id='word_1_219' title='bbox 161 3481 205 3544; x_wconf 82' lang='lat' dir='ltr'>rel</span> <span class='ocrx_word' id='word_1_220' title='bbox 240 3501 297 3562; x_wconf 88' lang='lat' dir='ltr'>per</span> <span class='ocrx_word' id='word_1_221' title='bbox 328 3499 428 3541; x_wconf 93' lang='lat' dir='ltr'>unum</span> <span class='ocrx_word' id='word_1_222' title='bbox 464 3478 632 3538; x_wconf 85' lang='lat' dir='ltr'>Cantorcm</span> <span class='ocrx_word' id='word_1_223' title='bbox 665 3494 727 3534; x_wconf 90' lang='lat' dir='ltr'>non</span> <span class='ocrx_word' id='word_1_224' title='bbox 764 3474 959 3552; x_wconf 85' lang='lat' dir='ltr'>interruptus</span> <span class='ocrx_word' id='word_1_225' title='bbox 996 3471 1247 3551; x_wconf 84' lang='lat' dir='ltr'>responsionibus</span> 
     </span>
     <span class='ocr_line' id='line_1_31' title="bbox 160 3563 1245 3637; baseline -0.015 0"><span class='ocrx_word' id='word_1_226' title='bbox 160 3575 294 3637; x_wconf 90' lang='lat' dir='ltr'>aliorum</span> <span class='ocrx_word' id='word_1_227' title='bbox 308 3572 575 3635; x_wconf 87' lang='lat' dir='ltr'>intercinentium.</span> <span class='ocrx_word' id='word_1_228' title='bbox 620 3567 754 3627; x_wconf 65' lang='lat' dir='ltr'>“domui</span> <span class='ocrx_word' id='word_1_229' title='bbox 771 3568 903 3627; x_wconf 80' lang='lat' dir='ltr'>Tractus</span> <span class='ocrx_word' id='word_1_230' title='bbox 916 3565 1024 3626; x_wconf 79' lang='lat' dir='ltr'>ilatum</span> <span class='ocrx_word' id='word_1_231' title='bbox 1039 3570 1069 3625; x_wconf 86' lang='lat' dir='ltr'>et</span> <span class='ocrx_word' id='word_1_232' title='bbox 1084 3563 1245 3625; x_wconf 87' lang='lat' dir='ltr'>tristitiam</span> 
     </span>
     <span class='ocr_line' id='line_1_32' title="bbox 162 3656 1248 3731; baseline -0.014 0"><span class='ocrx_word' id='word_1_233' title='bbox 162 3670 194 3731; x_wconf 95' lang='lat' dir='ltr'>in</span> <span class='ocrx_word' id='word_1_234' title='bbox 227 3667 408 3730; x_wconf 88' lang='lat' dir='ltr'>humilitate</span> <span class='ocrx_word' id='word_1_235' title='bbox 443 3685 589 3726; x_wconf 84' lang='lat' dir='ltr'>sonorum</span> <span class='ocrx_word' id='word_1_236' title='bbox 626 3658 847 3723; x_wconf 85' lang='lat' dir='ltr'>‹lenuntiant.&#39;&#39;</span> <span class='ocrx_word' id='word_1_237' title='bbox 860 3661 885 3693; x_wconf 89' lang='lat'>²²</span> <span class='ocrx_word' id='word_1_238' title='bbox 950 3660 1083 3718; x_wconf 83' lang='lat' dir='ltr'>&#39;Fructus</span> <span class='ocrx_word' id='word_1_239' title='bbox 1118 3656 1248 3717; x_wconf 88' lang='lat' dir='ltr'>additur</span> 
     </span>
     <span class='ocr_line' id='line_1_33' title="bbox 161 3749 1247 3834; baseline -0.016 -9"><span class='ocrx_word' id='word_1_240' title='bbox 161 3761 312 3826; x_wconf 89' lang='lat' dir='ltr'>Graduali</span> <span class='ocrx_word' id='word_1_241' title='bbox 344 3761 410 3822; x_wconf 91' lang='lat' dir='ltr'>loco</span> <span class='ocrx_word' id='word_1_242' title='bbox 444 3778 549 3821; x_wconf 79' lang='lat' dir='ltr'>vorsus</span> <span class='ocrx_word' id='word_1_243' title='bbox 583 3754 789 3834; x_wconf 59' lang='lat' dir='ltr'>:lllelujatici</span> <span class='ocrx_word' id='word_1_244' title='bbox 822 3773 885 3814; x_wconf 91' lang='lat' dir='ltr'>non</span> <span class='ocrx_word' id='word_1_245' title='bbox 920 3750 1133 3824; x_wconf 84' lang='lat' dir='ltr'>substituitur,</span> <span class='ocrx_word' id='word_1_246' title='bbox 1166 3749 1247 3809; x_wconf 86' lang='lat' dir='ltr'>sicut</span> 
     </span>
     <span class='ocr_line' id='line_1_34' title="bbox 160 3853 481 3937; baseline -0.019 -18"><span class='ocrx_word' id='word_1_247' title='bbox 160 3877 310 3937; x_wconf 84' lang='lat' dir='ltr'>magnum</span> <span class='ocrx_word' id='word_1_248' title='bbox 332 3853 481 3931; x_wconf 71' lang='lat' dir='ltr'>Alleluia.</span> 
     </span>
    </p>

    <p class='ocr_par' dir='ltr' id='par_1_6' title="bbox 160 3935 1248 4219">
     <span class='ocr_line' id='line_1_35' title="bbox 203 3935 1247 4027; baseline -0.013 -16"><span class='ocrx_word' id='word_1_249' title='bbox 203 3954 230 4013; x_wconf 87' lang='lat'>6.</span> <span class='ocrx_word' id='word_1_250' title='bbox 253 3947 433 4027; x_wconf 85' lang='lat' dir='ltr'>Sequentia,</span> <span class='ocrx_word' id='word_1_251' title='bbox 450 3968 504 4009; x_wconf 90' lang='lat' dir='ltr'>seu</span> <span class='ocrx_word' id='word_1_252' title='bbox 520 3946 543 4007; x_wconf 85' lang='lat' dir='ltr'><strong>J</strong></span> <span class='ocrx_word' id='word_1_253' title='bbox 545 3944 687 4018; x_wconf 88' lang='lat' dir='ltr'>ubilatio‚</span> <span class='ocrx_word' id='word_1_254' title='bbox 703 3942 880 4003; x_wconf 86' lang='lat' dir='ltr'>sublimiter</span> <span class='ocrx_word' id='word_1_255' title='bbox 896 3960 1027 4001; x_wconf 86' lang='lat' dir='ltr'>narrans</span> <span class='ocrx_word' id='word_1_256' title='bbox 1042 3937 1184 4016; x_wconf 85' lang='lat' dir='ltr'>mysterii</span> <span class='ocrx_word' id='word_1_257' title='bbox 1201 3935 1247 3997; x_wconf 88' lang='lat' dir='ltr'>vel</span> 
     </span>
     <span class='ocr_line' id='line_1_36' title="bbox 162 4032 1248 4124; baseline -0.015 -16"><span class='ocrx_word' id='word_1_258' title='bbox 162 4045 269 4108; x_wconf 89' lang='lat' dir='ltr'>Sancti</span> <span class='ocrx_word' id='word_1_259' title='bbox 288 4043 462 4124; x_wconf 90' lang='lat' dir='ltr'>praeconia,</span> <span class='ocrx_word' id='word_1_260' title='bbox 481 4045 528 4103; x_wconf 87' lang='lat' dir='ltr'>est</span> <span class='ocrx_word' id='word_1_261' title='bbox 544 4040 680 4117; x_wconf 67' lang='lat' dir='ltr'>hymnus</span> <span class='ocrx_word' id='word_1_262' title='bbox 699 4035 853 4098; x_wconf 85' lang='lat' dir='ltr'>liberioris</span> <span class='ocrx_word' id='word_1_263' title='bbox 871 4032 1115 4113; x_wconf 88' lang='lat' dir='ltr'>compositionis,</span> <span class='ocrx_word' id='word_1_264' title='bbox 1136 4032 1168 4093; x_wconf 91' lang='lat' dir='ltr'>in</span> <span class='ocrx_word' id='word_1_265' title='bbox 1188 4051 1248 4110; x_wconf 89' lang='lat' dir='ltr'>quo</span> 
     </span>
     <span class='ocr_line' id='line_1_37' title="bbox 160 4123 1248 4219; baseline -0.017 -17"><span class='ocrx_word' id='word_1_266' title='bbox 160 4159 223 4202; x_wconf 93' lang='lat' dir='ltr'>non</span> <span class='ocrx_word' id='word_1_267' title='bbox 238 4137 375 4219; x_wconf 88' lang='lat' dir='ltr'>perfecte</span> <span class='ocrx_word' id='word_1_268' title='bbox 390 4139 531 4197; x_wconf 75' lang='lat' dir='ltr'>servatur</span> <span class='ocrx_word' id='word_1_269' title='bbox 545 4151 690 4194; x_wconf 83' lang='lat' dir='ltr'>versuum</span> <span class='ocrx_word' id='word_1_270' title='bbox 706 4150 863 4203; x_wconf 87' lang='lat' dir='ltr'>mensura,</span> <span class='ocrx_word' id='word_1_271' title='bbox 879 4147 973 4207; x_wconf 88' lang='lat' dir='ltr'>quare</span> <span class='ocrx_word' id='word_1_272' title='bbox 989 4131 1020 4188; x_wconf 89' lang='lat' dir='ltr'>et</span> <span class='ocrx_word' id='word_1_273' title='bbox 1037 4125 1134 4187; x_wconf 90' lang='lat' dir='ltr'>Prosa</span> <span class='ocrx_word' id='word_1_274' title='bbox 1149 4123 1248 4185; x_wconf 93' lang='lat' dir='ltr'>nomi·</span> 
     </span>
    </p>
   </div>
   <div class='ocr_carea' id='block_1_3' title="bbox 195 4301 1249 4380">
    <p class='ocr_par' dir='ltr' id='par_1_7' title="bbox 195 4301 1249 4380">
     <span class='ocr_line' id='line_1_38' title="bbox 195 4301 1249 4380; baseline -0.004 -24"><span class='ocrx_word' id='word_1_275' title='bbox 195 4322 220 4356; x_wconf 80' lang='lat' dir='ltr'>re</span> <span class='ocrx_word' id='word_1_276' title='bbox 239 4315 266 4367; x_wconf 65' lang='lat' dir='ltr'>s,</span> <span class='ocrx_word' id='word_1_277' title='bbox 284 4315 354 4380; x_wconf 71' lang='lat' dir='ltr'>Aug,</span> <span class='ocrx_word' id='word_1_278' title='bbox 768 4312 793 4344; x_wconf 84' lang='lat'>²0</span> <span class='ocrx_word' id='word_1_279' title='bbox 813 4308 897 4367; x_wconf 81' lang='lat' dir='ltr'>Bona,</span> <span class='ocrx_word' id='word_1_280' title='bbox 929 4305 961 4353; x_wconf 91' lang='lat' dir='ltr'>do</span> <span class='ocrx_word' id='word_1_281' title='bbox 991 4303 1044 4353; x_wconf 81' lang='lat' dir='ltr'>dir.</span> <span class='ocrx_word' id='word_1_282' title='bbox 1075 4302 1175 4352; x_wconf 87' lang='lat' dir='ltr'>Psalm.</span> <span class='ocrx_word' id='word_1_283' title='bbox 1205 4301 1249 4352; x_wconf 75' lang='lat' dir='ltr'>Cf.</span> 
     </span>
    </p>
   </div>
   <div class='ocr_carea' id='block_1_4' title="bbox 196 4383 873 4448">
    <p class='ocr_par' dir='ltr' id='par_1_8' title="bbox 196 4383 873 4448">
     <span class='ocr_line' id='line_1_39' title="bbox 196 4383 873 4448; baseline -0.018 -5"><span class='ocrx_word' id='word_1_284' title='bbox 196 4398 220 4432; x_wconf 71' lang='grc' dir='ltr'>Π</span> <span class='ocrx_word' id='word_1_285' title='bbox 240 4393 338 4442; x_wconf 78' lang='lat' dir='ltr'>Isiclor.</span> <span class='ocrx_word' id='word_1_286' title='bbox 358 4392 390 4440; x_wconf 88' lang='lat' dir='ltr'>de</span> <span class='ocrx_word' id='word_1_287' title='bbox 409 4390 457 4439; x_wconf 79' lang='lat' dir='ltr'>off.</span> <span class='ocrx_word' id='word_1_288' title='bbox 476 4389 538 4439; x_wconf 89' lang='lat' dir='ltr'>eccl.</span> <span class='ocrx_word' id='word_1_289' title='bbox 731 4383 814 4448; x_wconf 81' lang='lat' dir='ltr'>Apoc.</span> <span class='ocrx_word' id='word_1_290' title='bbox 835 4383 873 4431; x_wconf 87' lang='lat'>19.</span> 
     </span>
    </p>
   </div>
   <div class='ocr_carea' id='block_1_5' title="bbox 196 4459 1085 4609">
    <p class='ocr_par' dir='ltr' id='par_1_9' title="bbox 196 4459 1085 4609">
     <span class='ocr_line' id='line_1_40' title="bbox 198 4459 895 4533; baseline -0.017 -14"><span class='ocrx_word' id='word_1_291' title='bbox 198 4474 223 4508; x_wconf 83' lang='lat'>¹⁸</span> <span class='ocrx_word' id='word_1_292' title='bbox 242 4470 354 4533; x_wconf 86' lang='lat' dir='ltr'>Rupert.</span> <span class='ocrx_word' id='word_1_293' title='bbox 385 4466 516 4515; x_wconf 81' lang='lat' dir='ltr'>Tuitiens.</span> <span class='ocrx_word' id='word_1_294' title='bbox 767 4466 790 4497; x_wconf 87' lang='lat'>²¹</span> <span class='ocrx_word' id='word_1_295' title='bbox 812 4459 895 4507; x_wconf 88' lang='lat' dir='ltr'>Bona.</span> 
     </span>
     <span class='ocr_line' id='line_1_41' title="bbox 196 4531 1085 4609; baseline -0.017 -12"><span class='ocrx_word' id='word_1_296' title='bbox 196 4551 222 4586; x_wconf 82' lang='lat'>¹⁹</span> <span class='ocrx_word' id='word_1_297' title='bbox 240 4545 337 4609; x_wconf 84' lang='lat' dir='ltr'>Guyet.</span> <span class='ocrx_word' id='word_1_298' title='bbox 767 4541 792 4574; x_wconf 85' lang='lat'>²²</span> <span class='ocrx_word' id='word_1_299' title='bbox 811 4535 927 4601; x_wconf 20' lang='lat' dir='ltr'>Ruperti.</span> <span class='ocrx_word' id='word_1_300' title='bbox 943 4531 1085 4583; x_wconf 57' lang='lat' dir='ltr'>‘lisiduna</span> 
     </span>
    </p>
   </div>
   <div class='ocr_carea' id='block_1_6' title="bbox 0 0 1408 4890">
    <p class='ocr_par' dir='ltr' id='par_1_10' title="bbox 0 0 1408 4890">
     <span class='ocr_line' id='line_1_42' title="bbox 0 0 1408 4890; baseline 0 0"><span class='ocrx_word' id='word_1_301' title='bbox 0 0 1408 4890; x_wconf 95' lang='lat' dir='ltr'> </span> 
     </span>
    </p>
   </div>
  </div>
 </body>
</html>
