2804 4890
421 712 475 770 DE
498 713 749 773 DEFEOTIBUS
773 717 968 777 MINISTRI.
1178 707 1241 773 203

192 887 221 943 4.
264 882 312 946 De
327 883 499 964 defectibus
511 887 642 971 formae.
679 887 736 950 “Sl
752 888 918 952 Celebrans
933 911 996 953 non
1011 891 1191 954 recordetur
1205 909 1237 952 se

152 976 266 1039 dixisse
277 997 323 1052 ea,
336 996 413 1057 quae
426 979 460 1039 in
472 981 702 1043 consecratione
714 984 924 1047 communiter
935 985 1096 1060 dicuntur,
1109 1004 1173 1046 non
1185 984 1237 1046 de·

153 1070 203 1133 bet
221 1074 386 1151 propterea
404 1071 557 1135 turbari?
600 1072 748 1150 Proinde,
768 1076 795 1137 si
813 1096 839 1138 e.
859 1097 888 1156 g.
908 1078 1043 1140 hostiam
1062 1078 1238 1153 elevaverit,

152 1163 339 1245 regulariter
355 1165 394 1228 de
410 1165 479 1245 ejus
497 1168 727 1231 consecratione
745 1169 804 1232 rite
823 1171 906 1233 facta
923 1178 1026 1233 certus
1043 1191 1108 1234 esse
1125 1175 1236 1252 potest.

152 1258 209 1321 “Si
231 1264 337 1321 tamen
358 1264 442 1322 certo
463 1261 492 1322 ei
513 1265 644 1337 constet,
666 1282 697 1326 se
719 1264 859 1326 omisisse
880 1264 1000 1344 aliquid
1022 1285 1140 1340 eorum,
1161 1284 1239 1346 quae

153 1358 227 1417 sunt
244 1353 283 1416 de
299 1354 482 1416 necessitate
501 1354 707 1432 Sacramenti,
726 1357 759 1419 id
778 1361 825 1421 est
844 1357 978 1420 formam
997 1359 1238 1422 consecrationis

150 1469 204 1511 seu
220 1448 380 1530 partem:''
401 1450 529 1531 (nempe
545 1453 579 1513 in
593 1452 684 1532 praxi
700 1451 764 1529 Qui
777 1453 891 1535 pridie,
906 1458 964 1519 etc.
980 1460 1012 1518 et
1028 1452 1137 1517 Simili
1151 1453 1242 1518 modo

159 1588 167 1604 .
195 1587 204 1606 .
232 1587 241 1606 .
263 1540 529 1605 inremissionem
546 1546 772 1625 peccatorum)
797 1548 955 1608 “resumat
974 1546 1075 1626 ipsam
1093 1546 1239 1621 formam,

153 1641 184 1699 et
200 1641 321 1699 coetera
337 1642 542 1717 prosequatur
557 1658 613 1718 per
628 1637 780 1702 ordinem.
827 1639 861 1702 Si
879 1636 950 1704 ver'o
966 1639 1055 1703 valde
1071 1639 1239 1721 probabili-

155 1728 232 1804 ter,''
248 1730 268 1790 i.
285 1750 311 1792 e.
328 1751 391 1793 non
408 1731 495 1792 inani
512 1752 566 1794 seu
584 1734 728 1812 negativo
745 1733 797 1795 sed
815 1734 965 1814 prudenti
982 1733 1078 1795 dubio
1095 1733 1239 1795 “dubitet

154 1844 185 1886 se
216 1823 337 1904 aliquid
369 1825 532 1887 essentiale
565 1827 723 1902 omisisse;
752 1829 843 1887 iteret
877 1827 1009 1887 formam
1043 1828 1154 1888 saltem
1183 1825 1240 1887 sub

155 1918 249 1979 tacita
270 1917 458 1981 conditione.
503 1918 537 1980 Si
560 1924 664 1982 autem
687 1940 750 1981 non
771 1925 845 1982 sunt
866 1920 904 1981 de
925 1920 1108 1982 necessitate
1132 1919 1239 1983 Sacra·

155 2013 263 2086 menti,
279 2031 343 2074 non
359 2016 507 2087 resumat,
525 2012 578 2074 sed
594 2013 741 2093 procedat
757 2012 921 2075 ulterius.”

599 2264 714 2335 ΛΒΤ.
740 2264 791 2336 II.

441 2447 490 2497 DE
510 2448 745 2498 DEFECTIBUS
764 2448 949 2500 MINIS'PRI.

197 2611 265 2674 112.
304 2611 476 2678 “Sacerdos
493 2615 700 2678 intentionem
718 2635 839 2696 semper
855 2615 967 2680 habere
984 2615 1118 2691 deberet,
1136 2635 1240 2679 conse

154 2707 263 2769 orandi
280 2728 387 2771 omnes
403 2709 531 2783 hostias,
549 2728 624 2787 quas
641 2714 714 2771 ante
731 2708 782 2770 se''
800 2710 834 2772 in
851 2709 1015 2790 corporali,
1032 2709 1091 2772 etsi
1108 2709 1241 2772 latentes

155 2800 201 2863 vel
220 2802 254 2863 in
272 2801 389 2865 ciborio
407 2806 489 2864 tecto
508 2801 567 2864 “ad
586 2802 830 2864 consecrandum
850 2805 967 2883 positas
985 2801 1108 2866 habet.''
1151 2801 1241 2877 Quod

150 2897 176 2958 si
199 2897 319 2959 hostiae
339 2898 468 2961 omnino
488 2898 586 2959 inscio
610 2898 775 2960 Sacerdote
798 2898 920 2960 etiarnsi
945 2898 977 2959 in
1001 2898 1153 2978 corporali
1176 2898 1241 2959 sint

150 2990 268 3068 positae
283 3009 339 3051 nec
353 2989 451 3051 ullam
467 2991 550 3070 ipsas
565 2991 764 3053 consecrandi
782 2990 989 3054 intentionem
1006 2991 1161 3067 habuerit,
1176 3010 1239 3053 non

153 3085 321 3143 censentur
338 3085 542 3155 consecratae,
561 3101 616 3143 uec
635 3085 737 3162 potest
753 3085 824 3161 post
841 3081 1104 3144 consecrationem
1122 3081 1241 3144 hostiae

151 3176 281 3255 majoris
302 3176 436 3238 formam
458 3197 550 3258 super
571 3176 641 3240 illas
662 3181 809 3255 repetere,
829 3177 902 3256 quia
923 3177 967 3237 sic
988 3177 1035 3237 bis
1055 3177 1240 3243 celebraret:

151 3269 204 3330 sed
218 3269 332 3331 debent
346 3270 519 3330 consecrari
541 3269 614 3343 (sub
629 3267 825 3347 conditione)
847 3269 879 3330 in
897 3268 958 3331 elia
975 3269 1082 3344 Missa,
1098 3269 1142 3332 vel
1158 3271 1238 3330 sumi

154 3362 224 3438 post
239 3358 453 3438 sumptionem
471 3357 651 3437 Sanguinis.

196 3455 224 3514 2.
269 3451 303 3514 Si
320 3451 470 3515 Sacerdos
484 3454 549 3532 ipse
563 3452 681 3513 hostias
695 3452 918 3515 consecrandas
933 3453 966 3513 in
982 3452 1085 3515 Alteri
1101 3453 1241 3532 posuerit

154 3547 200 3608 rel
219 3546 378 3626 ponendas
394 3545 560 3619 curaverit,
579 3544 623 3606 rel
643 3545 753 3606 allatas
772 3545 886 3607 uiderit
904 3547 1046 3624 ipsasque
1063 3565 1241 3609 consecrare

153 3639 297 3713 voluerit,
316 3645 392 3700 sunt
410 3644 615 3711 consecratae,
636 3639 776 3718 quuuu'is
798 3641 828 3699 in
849 3645 920 3701 autu
940 3640 1181 3701 consecrationis
1201 3639 1240 3700 ud

151 3735 223 3797 illas
240 3755 304 3797 non
321 3734 493 3799 attenderit
511 3740 542 3799 et
556 3735 711 3798 ciborium
729 3735 915 3799 remanserit
932 3732 1091 3812 clausum3
1110 3735 1245 3799 intentio

153 3829 238 3889 enim
262 3827 408 3889 virtualis
432 3833 581 3890 remanet.
647 3826 742 3889 Atei
767 3826 890 3888 dubitet
913 3826 951 3887 de
974 3825 1041 3887 ulla
1065 3827 1241 3889 intentione

154 3926 245 3984 antea
263 3920 382 3997 habita,
400 3921 448 3986 vel
468 3921 496 3983 si
516 3921 670 3986 ciborium
690 3925 779 3985 extra
797 3919 955 4002 corporale
976 3921 1171 3997 remanserit,
1193 3921 1240 3983 rel

152 4015 273 4096 aliquae
292 4015 411 4079 hostiae
430 4036 468 4079 ex
487 4015 613 4078 cumulo
632 4019 721 4080 extra
739 4015 898 4095 corporale
918 4015 1098 4088 ceciderint,
1117 4034 1242 4077 censen-

153 4108 210 4171 dae
229 4114 304 4172 sunt
323 4113 360 4172 ut
379 4109 474 4173 dubie
493 4114 706 4184 consecretae3
725 4127 821 4188 quare
839 4112 910 4191 post
930 4109 1141 4189 sumptionem
1164 4108 1242 4172 San-

152 4203 259 4279 guinis
271 4207 345 4267 ente
356 4203 548 4267 ablutionem
561 4201 730 4266 sumendae
742 4205 834 4275 sunt;
847 4201 928 4283 quod
941 4202 967 4264 si
981 4203 1019 4266 ob
1032 4203 1241 4284 quantitatem

154 4295 221 4358 fieri
238 4301 382 4378 nequeat,
398 4299 432 4361 in
449 4298 513 4361 alia
529 4297 627 4359 Missa
644 4295 701 4358 sub
718 4296 898 4360 conditione
914 4296 1139 4360 consecrandae
1157 4301 1240 4359 sunt.

195 4393 223 4453 3.
267 4391 325 4455 “Si
352 4391 565 4473 deprehendat
591 4395 664 4471 post
690 4391 901 4472 sumptionem
931 4390 1078 4473 Corporis
1104 4393 1136 4452 et
1164 4390 1241 4453 San-

152 4484 269 4565 guinis,
282 4491 339 4551 aut
352 4486 446 4550 etiam
461 4491 531 4568 post
545 4484 750 4561 ablutionem,
764 4485 913 4566 reliquias
927 4482 1078 4566 aliquas,''
1091 4501 1157 4545 non
1171 4503 1243 4547 vero
