2804 4890
149 697 209 760 502
259 707 313 761 Du
337 708 478 765 FUNCT.
503 710 610 766 PAST.
633 710 915 769 §ausinianum
937 713 1133 770 Annaxls.

149 871 271 950 “potest
301 871 480 933 continuari
511 872 603 950 justu
633 866 892 935 consuetudinem
922 873 1060 937 aliarum
1088 870 1248 934 Ecclesia·

149 961 263 1024 rmum

191 1059 219 1118 3.
239 1057 351 1131 “Quod
380 1058 406 1118 si
436 1077 548 1138 corpus
578 1069 654 1120 tunc
683 1059 724 1121 ad
754 1059 949 1140 sepulturam
977 1079 1041 1124 nou
1069 1059 1247 1134 deferatur,

148 1150 262 1213 omisso
284 1149 375 1230 Resp.
395 1150 437 1212 iu
458 1151 640 1232 paradisum
663 1156 732 1228 etc,
753 1155 960 1232 prosequatur
982 1151 1138 1227 Officium,
1160 1150 1246 1231 quod

148 1261 310 1322 nunquam
337 1242 528 1319 omittitur,''
555 1264 667 1324 nempe
692 1243 883 1307 Benedictus
907 1264 980 1307 cum
1007 1244 1157 1307 Oratione
1185 1248 1246 1307 ete.

150 1335 262 1396 Postea
285 1336 339 1396 “in
362 1336 537 1397 sacristiam
559 1340 748 1399 reuertentes
770 1337 877 1398 dicant
900 1336 967 1399 sine
988 1341 1085 1398 cantu
1105 1336 1184 1398 Ant.
1209 1335 1248 1398 Si

149 1426 342 1508 iniquitates,
364 1449 435 1490 cunr
459 1429 510 1490 Ps.
530 1430 578 1491 De
599 1429 769 1511 profundis
790 1428 869 1494 etc.''

190 1523 219 1581 4.
244 1519 279 1581 Si
308 1519 465 1582 celebrans
495 1522 592 1582 funus
621 1522 660 1582 ad
690 1522 910 1584 coemeterium
940 1523 1116 1599 comitetur,
1145 1521 1246 1583 “dum

150 1615 304 1693 portatur,
332 1612 437 1675 clerici
466 1618 595 1678 cantant
623 1614 665 1676 Iu
692 1614 885 1696 paradisum,
914 1614 997 1694 quod
1023 1616 1189 1694 repetitur,
1218 1614 1246 1674 si

151 1706 272 1786 longior
302 1704 343 1767 sit
373 1706 431 1781 via,
460 1707 507 1768 rel
537 1710 706 1768 cantantur
735 1705 848 1787 psalmi
877 1706 1052 1786 graduales,
1080 1708 1246 1788 poeniten-

151 1797 240 1860 tiales
259 1798 305 1859 vel
326 1797 364 1862 de
384 1798 482 1860 o'fficio
503 1797 771 1862 detunctorum.''²

186 1891 267 1952 Cum
285 1891 485 1971 pervenerint
503 1891 542 1952 ad
561 1891 772 1970 sepulchrum,
791 1892 943 1955 teretrum
960 1893 1129 1972 deponitur
1147 1911 1248 1972 prope

151 1982 230 2045 illud
249 1988 281 2045 et
299 2003 406 2046 omnes
423 2003 454 2044 se
472 1983 590 2045 sistunt
608 1984 699 2062 juxta
718 1984 872 2048 feretrum
889 1989 926 2047 ut
945 1985 978 2045 in
999 1983 1136 2046 Ecclesia
1158 1985 1247 2045 intra

150 2075 386 2139 absolutionem.

194 2168 228 2230 Si
250 2168 469 2230 coemeterium
491 2176 620 2231 nonest
642 2168 850 2245 benedictum,
873 2169 1021 2231 Sacerdos
1043 2169 1247 2249 sepulchrum

151 2261 330 2336 benedicit?
347 2261 453 2322 dicens
470 2261 643 2322 orationem
661 2262 747 2322 Deus
764 2263 855 2340 enjus
873 2261 1068 2323 richerutioae
1087 2266 1156 2336 etc..
1176 2268 1249 2341 post

152 2373 244 2433 quam
263 2355 424 2414 incensum
443 2354 475 2413 in
493 2353 690 2414 thuribulum
711 2354 844 2431 imponit
862 2375 933 2413 cum
952 2353 1178 2427 bencdictione,
1195 2356 1248 2416 Ab

152 2446 206 2508 illo
229 2446 419 2507 herrediruris
440 2451 508 2515 cto,
530 2450 561 2506 ct
582 2446 719 2524 aspergit
741 2465 852 2525 corpus
874 2446 1016 2507 defuncti
1037 2448 1070 2506 in
1091 2446 1207 2520 medio,
1231 2468 1249 2508 a

152 2540 288 2599 sinistris
306 2544 336 2599 et
356 2560 372 2599 a
393 2537 511 2598 dextris
531 2538 605 2605 stris,
625 2536 738 2601 deinde
758 2537 975 2618 sepulchrum3
996 2544 1101 2618 postea
1120 2544 1250 2601 utrum-

152 2650 209 2710 que
230 2630 336 2692 eodem
357 2631 448 2691 modo
470 2631 633 2691 incensat.⁴

195 2727 222 2784 5.
248 2723 396 2784 Sacerdos
421 2730 496 2784 tune
521 2724 644 2786 intonat
669 2723 743 2785 Ant.
767 2725 835 2804 ligo
857 2745 925 2784 serra
950 2728 981 2785 et
1004 2726 1175 2786 cantantur
1200 2726 1251 2788 rel

150 2816 301 2877 dicuntur
323 2815 512 2877 Benedictus
536 2820 567 2877 ct
590 2815 725 2893 reliquae
747 2835 860 2895 preces.
906 2816 997 2877 inira
1019 2817 1116 2879 Pater
1139 2825 1252 2881 noster

150 2929 262 2988 corpus
279 2907 416 2987 aspergit
436 2909 466 2968 in
485 2908 598 2979 medio,
617 2929 634 2969 a
652 2909 789 2969 sinistris
807 2913 836 2970 ct
854 2930 870 2969 a
889 2908 1006 2970 dextris
1024 2909 1099 2984 suis,
1117 2931 1182 2971 non
1202 2934 1251 2975 rc·

152 3001 262 3063 cedens
281 3022 298 3063 a
317 3000 383 3061 loco
402 3020 466 3060 suo.
496 3001 569 3063 Post
592 3000 773 3063 (irationem
793 3001 898 3061 dicens
918 3001 1068 3081 Reperiam
1085 3007 1253 3068 aeternam

152 3094 262 3156 dextra
284 3094 409 3170 signum
433 3093 542 3154 Crucis
565 3094 641 3153 lacit
663 3113 755 3171 super
778 3095 954 3155 feretranu¹⁵
999 3094 1110 3156 Postea
1134 3116 1255 3177 corpus

153 3186 344 3266 sepeliatrrr.⁰
391 3186 590 3246 Revertentes
615 3185 648 3245 in
673 3183 844 3246 Ecclesium
868 3185 913 3247 rel
938 3185 1113 3247 sacristiam
1139 3187 1254 3253 dicant

187 3388 241 3440 11).
262 3391 337 3440 2696.
359 3392 381 3441 1.
758 3388 838 3439 enit.
854 3390 901 3440 eel.
918 3389 1029 3440 Missam
1044 3389 1071 3438 iu
1086 3389 1149 3442 flue.
1174 3392 1254 3445 hiar-

187 3466 317 3516 ²I⁴¹ideles
352 3468 499 3530 aliquando
534 3467 673 3517 occasione
722 3465 831 3525 tioneci,
852 3465 907 3514 lll.
930 3468 969 3527 11,
989 3467 1030 3515 21.

152 3547 307 3606 opportuna
334 3543 459 3592 monendi
488 3547 560 3603 sunt,
587 3547 618 3592 ut
647 3542 673 3590 in
757 3540 884 3589 ⁰“Nihil
902 3541 994 3591 obstat
1009 3540 1155 3605 quominus
1170 3543 1198 3593 in
1219 3547 1254 3596 iis

152 3618 197 3668 ria
223 3619 380 3668 abstineant
408 3619 442 3668 ah
471 3619 569 3682 ineptis
596 3618 673 3667 eollo·
721 3616 795 3672 loeis,
823 3616 868 3664 uhi
895 3616 960 3666 talis
987 3616 1042 3667 fert
1068 3624 1254 3677 eonsnetudo.

151 3694 230 3758 uariis,
247 3697 274 3744 et
291 3694 384 3758 potius
400 3695 515 3743 recitent
532 3695 673 3743 Rosarirnn
721 3695 843 3741 serretur
865 3691 935 3740 ritus
956 3692 1121 3757 projiciendi
1144 3700 1253 3749 terram

152 3770 253 3820 aliasve
290 3784 383 3834 preces
418 3785 467 3834 pro
503 3770 595 3820 anima
631 3771 673 3820 dc·
722 3781 802 3832 snper
839 3782 937 3832 corpus
975 3767 1099 3820 defuncti
1141 3771 1169 3822 in
1212 3789 1253 3826 se·

153 3845 251 3896 functi,
722 3844 848 3907 pulchro;
884 3844 934 3894 iste
963 3845 1035 3894 enim
1064 3846 1145 3907 ritus,
1177 3852 1254 3903 teste

188 3921 279 3971 ³ltem
299 3937 405 3987 semper
422 3922 559 3972 benedicit
577 3937 673 3972 novrrm
721 3920 862 3983 catalano,
883 3923 911 3972 et
930 3920 1139 3985 antiquissimus
1158 3929 1188 3974 et
1214 3927 1253 3976 in-

156 3996 323 4060 sepulehrnm
365 4012 397 4046 ex
438 3995 577 4061 lapidibus
618 4010 675 4045 con·
723 3995 840 4045 numeris
868 3995 895 4044 in
924 3997 991 4047 locis
1016 3996 1138 4048 usitatus
1166 4003 1254 4051 est.''

152 4077 293 4123 structum.
337 4074 382 4131 (l).
403 4076 479 4124 :teitu
500 4077 523 4123 5.
544 4075 583 4127 ‘it
723 4072 821 4122 l'alisc.

187 4150 239 4198 ⁴Si
266 4151 436 4213 sepulchrum
463 4151 673 4200 benedicendum
757 4149 865 4198 Alienbi
901 4154 944 4200 ter
978 4150 1152 4215 projiciendo
1180 4155 1252 4205 dice

153 4239 205 4274 non
233 4227 277 4279 sit.
304 4226 387 4274 etiam
419 4226 618 4290 adspersionem
647 4229 673 4275 et
721 4225 867 4275 Sacerdos:
916 4225 1082 4276 “Memento
1123 4228 1254 4285 homo,-·

153 4301 364 4351 incensationem
397 4303 518 4365 eorporis
550 4303 674 4352 omitten-
721 4302 786 4364 qrria
814 4300 904 4365 pulvis
930 4304 1022 4351 es—et
1052 4301 1078 4350 in
1106 4304 1252 4367 pulverem

155 4377 215 4426 dam
240 4381 328 4426 censet
353 4377 393 4426 ne
417 4378 520 4434 llerdt3
546 4395 560 4426 e
583 4382 678 4427 eontra
722 4375 904 4426 reverteris.'’
959 4377 1023 4426 Vel:
1064 4377 1135 4428 “De
1173 4385 1251 4433 terra

153 4453 236 4501 solam
259 4452 415 4502 Orationem
436 4453 613 4505 omittendum
634 4467 674 4504 as·
723 4452 863 4516 presumsit
896 4467 955 4501 eum
992 4454 1252 4508 (osoriz—ossibus

153 4527 218 4577 uerit
240 4527 359 4579 Romste.
668 4572 671 4578 .
721 4534 748 4579 et
768 4528 857 4579 nervis
873 4528 1031 4592 compegisti
1051 4544 1111 4579 curn
1135 4535 1248 4593 (eam);
