2804 4890
360 694 414 749 DE
432 692 703 749 ORATIONIBUS
727 693 802 747 SEU
827 690 1053 748 COLLECTIS.
1214 685 1254 746 37

206 867 234 923 5.
259 863 367 926 Oratio
387 864 423 926 de
442 863 501 926 SS.
520 866 738 926 Sacramenta·

164 991 216 1068 (a)
246 990 284 1051 ln
300 990 406 1051 Missis
419 989 554 1052 cantatis
567 990 607 1051 ad
817 1040 852 1050 ,,

182 1082 292 1144 Apate
312 1082 525 1162 &positionis
656 1060 776 1120 semper
790 1039 852 1101 drcr
869 1039 968 1100 debet.

782 1170 954 1249 [infestis
980 1174 1007 1232 1.
1032 1176 1063 1234 et
1088 1174 1115 1234 2.
1139 1171 1197 1248 el.;
1221 1171 1254 1233 in

168 1308 219 1386 (t)
247 1262 287 1369 In
303 1308 346 1370 M.
360 1311 486 1371 cantate
532 1310 562 1369 1⁰
576 1308 640 1370 diei
654 1255 787 1388 nequitt¹
808 1262 921 1417 gssml'..
961 1262 988 1324 P
989 1263 1162 1416 {mrim}
1222 1265 1254 1325 in

184 1400 222 1462 „d
238 1401 326 1463 aliud
342 1402 487 1464 ,lamet
852 1376 884 1436 gr
901 1377 939 1418 ns
1023 1360 1176 1418 atrvrtatrs
1224 1360 1256 1419 et

184 1493 216 1554 in
238 1493 282 1554 bl.
304 1494 427 1573 privata
445 1448 510 1574 adi
611 1543 646 1555 ,,
809 1449 1008 1554 Ρθῃῗῗθοὸῗχ
1128 1542 1133 1553 Ι

224 1584 263 1646 od
283 1605 304 1646 u
359 1605 381 1646 u
461 1585 486 1646 l·
532 1544 565 1602 2ο
585 1543 648 1605 dier
668 1542 759 1606 debet
779 1543 850 1604 alns
871 1543 980 1605 diebus
1001 1563 1033 1604 rn
1054 1545 1195 1606 oratione
1215 1546 1255 1604 40

184 1604 222 1664 qu
266 1605 398 1665 cmqe
442 1605 460 1647 a
572 1636 737 1699 horarum·

185 1681 249 1739 lare
730 1683 738 1710 a

531 1725 565 1788 3⁰
579 1726 641 1789 dici
656 1732 758 1808 potest
772 1727 843 1791 aliis
857 1728 966 1790 diebus
979 1731 1067 1790 extra
1081 1737 1254 1792 orationem

573 1823 613 1880 40
630 1822 746 1882 horar.⁸

214 1992 263 2071 (c)
292 1991 332 2054 In
352 1990 441 2055 iestis
460 1992 541 2056 ritus
560 1993 695 2073 duplicis
717 1997 763 2053 1⁸⁰
782 1999 813 2056 et
834 1995 881 2053 2³⁰
900 1993 1016 2069 classis,
1036 1994 1069 2054 in
1090 1993 1256 2055 Dominiea

172 2085 361 2160 Palmarum,
379 2087 412 2147 in
430 2087 547 2166 vigiliis
564 2087 750 2149 Nativitatis
767 2087 895 2148 Domini
913 2095 944 2150 et
962 2087 1158 2150 Pentecostes
1174 2092 1205 2149 et
1222 2087 1255 2149 in

172 2181 280 2243 votivis
297 2180 487 2242 solemnibus
504 2180 561 2242 sub
578 2180 671 2242 unica
688 2181 895 2257 conclusione,
913 2182 973 2242 nisi
993 2181 1055 2243 alia
1072 2199 1256 2243 commemo·

172 2276 249 2338 ratio
270 2275 314 2352 (v.
329 2295 359 2354 g.
376 2273 575 2351 Dominicae)
595 2274 652 2337 sub
667 2274 818 2335 distincta
833 2274 1029 2337 conclusione
1046 2273 1189 2335 iacienda
1204 2274 1256 2348 sit,

171 2369 218 2429 cui
235 2369 268 2429 in
285 2368 343 2430 hoc
360 2388 432 2429 casu
449 2368 661 2448 acljungitur.⁹

211 2461 249 2523 In
267 2462 338 2523 aliis
355 2461 464 2523 diebus
482 2462 517 2523 fit
534 2481 656 2540 semper
673 2462 729 2522 sub
746 2462 896 2523 distincta
914 2461 1121 2533 conclusione,
1139 2465 1170 2523 et
1188 2465 1258 2541 post

172 2555 334 2619 Orationes
352 2576 370 2616 a
388 2555 532 2617 Rubricis
551 2555 766 2634 praescriptas,
785 2555 836 2616 sed
856 2559 928 2616 ante
948 2555 1153 2634 imperatas.¹⁰

215 2650 268 2726 (d)
298 2649 561 2711 commemoratio
581 2649 627 2710 Ss.
649 2648 842 2711 Sacramenti
862 2649 894 2708 in
915 2648 1010 2709 Missa
1028 2669 1130 2710 cruam
1149 2648 1257 2711 eodem

166 2743 307 2823 exposito
326 2742 501 2805 omittenda
516 2747 565 2804 est
583 2742 620 2804 ob
640 2742 838 2804 identitatem
859 2744 998 2821 mysterii
1020 2745 1053 2804 in
1074 2743 1163 2805 festis
1184 2742 1257 2806 Pas-

165 2837 274 2911 sionis,
288 2837 409 2911 Crucis,
424 2836 470 2898 Ss.
485 2835 713 2916 Redemptoris,
727 2836 758 2897 S.
774 2835 885 2899 Cordis
898 2837 920 2898 J
922 2856 976 2898 esn
989 2841 1020 2898 et
1034 2836 1258 2899 Pretiosissimi

168 2929 379 3010 Sanguinis.¹¹

211 3023 258 3087 Ile
276 3024 479 3086 Orationibus
496 3029 553 3086 etc.
573 3026 605 3084 in
624 3024 720 3086 Missa
737 3024 940 3103 expositionis
957 3046 992 3085 ac
1010 3025 1209 3103 repositionis
1227 3028 1258 3087 et

160 3117 202 3181 in
223 3119 320 3181 Missa
340 3138 397 3200 pro
418 3138 492 3198 paee
511 3120 544 3181 in
565 3118 736 3181 Devotione
756 3122 796 3179 40
818 3118 978 3180 Horarum
998 3119 1068 3183 vide
1088 3139 1119 3181 n.
1140 3122 1211 3196 221,
1231 3120 1261 3182 3.

211 3214 239 3270 6.
264 3211 374 3273 Oratio
397 3209 553 3272 Fidelirnu
586 3213 658 3290 (pro
682 3210 826 3272 omnibus
851 3211 1026 3286 defunctis)
1056 3211 1188 3273 dicenda
1212 3213 1258 3272 est

157 3308 255 3366 extra
283 3311 407 3383 tempus
434 3303 606 3376 Adventus,
635 3304 896 3383 Quadragesimae
923 3311 953 3368 et
983 3305 1128 3380 Paschae,
1156 3305 1259 3386 prima

148 3399 278 3459 niensis
290 3398 352 3469 (lie,
366 3399 399 3458 in
412 3417 473 3478 qua
486 3418 548 3460 non
561 3399 697 3461 occurrit
710 3398 844 3460 officium
858 3399 973 3477 duplex
987 3400 1032 3461 vel
1046 3397 1258 3476 semiduplex;

162 3489 245 3553 item
269 3492 303 3553 in
328 3491 416 3552 leriis
440 3492 583 3553 secundis
607 3511 662 3571 per
686 3512 805 3554 annum
829 3493 975 3555 similiter
1005 3494 1042 3569 (i.
1067 3515 1092 3555 e.
1117 3491 1216 3555 officio
1240 3495 1257 3551 9

166 3577 357 3660 lectionum)
379 3605 441 3646 non
458 3585 732 3664 impeditissima
750 3591 872 3665 ternpus
891 3585 1046 3664 Quadrag.
1063 3590 1093 3647 et
1113 3586 1258 3660 Paschae,

172 3678 309 3751 (dicitur
325 3679 413 3740 feriis
430 3682 447 3738 2
463 3677 656 3753 Adventus).
702 3679 811 3741 Oratio
827 3681 982 3741 Fidelium
1002 3680 1177 3759 penultimo
1192 3678 1259 3742 loco

170 3769 300 3835 dicenda
318 3776 373 3835 est.
420 3772 520 3834 Dictis
539 3773 627 3834 feriis
645 3774 677 3834 in
697 3773 843 3833 Ecclesiis
862 3773 1008 3835 l'atlredr.
1026 3779 1057 3836 et
1077 3772 1258 3849 Collegiatis

174 3865 242 3940 (nbi
263 3867 350 3929 adest
371 3866 521 3947 obligatio
543 3866 654 3944 Chori)
682 3866 814 3929 dicenda
835 3872 881 3930 est
903 3868 946 3930 M.
969 3867 1183 3929 conventualis
1204 3887 1260 3948 pro

172 3953 325 4021 defunctis
352 3958 571 4021 Sacerdotibus
595 3964 627 4021 et
651 3959 901 4022 benefactoribus
926 3962 1057 4021 istarum
1085 3959 1258 4022 Ecclarum.

213 4049 321 4113 Oratio
340 4070 398 4131 pro
417 4050 587 4124 defunctis,
607 4051 670 4113 sive
689 4051 834 4112 omnibus
853 4052 916 4113 sive
937 4052 1164 4127 determinatis,
1185 4054 1258 4113 addi

179 4149 271 4220 potest
292 4146 323 4205 in
347 4143 453 4204 Missis
475 4144 637 4205 Festornrn
657 4145 851 4224 simplicium
870 4150 902 4208 et
924 4146 955 4208 in
978 4145 1170 4219 Ferialibns;
1184 4147 1208 4181 ¹²
1228 4152 1260 4210 et

207 4329 296 4380 ⁸Van
334 4329 382 4378 der
418 4328 551 4392 Stappeu,
588 4329 689 4379 Sacr.
779 4330 1006 4387 ¹⁰1).3328.2;
1031 4336 1058 4381 ct
1082 4331 1158 4381 3436.
1182 4333 1206 4382 3.

178 4401 275 4465 Litnrg.
778 4414 800 4444 ¹¹
822 4406 854 4456 ll.
875 4407 898 4457 3.
919 4408 975 4457 Jul.
999 4408 1073 4469 1896,
1092 4420 1118 4458 1¹.
1140 4408 1216 4463 3924.
1236 4408 1260 4461 4,

207 4480 268 4533 ῺΙ).
290 4482 367 4535 2481.
389 4481 413 4536 3,
778 4489 802 4527 1²
822 4483 854 4533 Ι).
875 4485 948 4537 1322.
966 4488 990 4534 8.
