<?xml version="1.0" encoding="UTF-8"?>
<!DOCTYPE html PUBLIC "-//W3C//DTD XHTML 1.0 Transitional//EN"
    "http://www.w3.org/TR/xhtml1/DTD/xhtml1-transitional.dtd">
<html xmlns="http://www.w3.org/1999/xhtml" xml:lang="en" lang="en">
 <head>
  <title>
</title>
<meta http-equiv="Content-Type" content="text/html;charset=utf-8" />
  <meta name='ocr-system' content='tesseract 3.04.00' />
  <meta name='ocr-capabilities' content='ocr_page ocr_carea ocr_par ocr_line ocrx_word'/>
</head>
<body>
  <div class='ocr_page' id='page_1' title='image "./compendiumsacra00wapegoog_0149.png"; bbox 0 0 2804 4890; ppageno 0'>
   <div class='ocr_carea' id='block_1_1' title="bbox 163 688 914 754">
    <p class='ocr_par' dir='ltr' id='par_1_1' title="bbox 163 688 914 754">
     <span class='ocr_line' id='line_1_1' title="bbox 163 688 914 754; baseline 0.001 -3"><span class='ocrx_word' id='word_1_1' title='bbox 163 688 223 751; x_wconf 83' lang='lat'>132</span> <span class='ocrx_word' id='word_1_2' title='bbox 506 698 560 752; x_wconf 84' lang='lat' dir='ltr'>Du</span> <span class='ocrx_word' id='word_1_3' title='bbox 583 699 702 752; x_wconf 80' lang='lat' dir='ltr'>nssssn</span> <span class='ocrx_word' id='word_1_4' title='bbox 727 697 914 754; x_wconf 82' lang='lat' dir='ltr'>SOLEMNI.</span> 
     </span>
    </p>
   </div>
   <div class='ocr_carea' id='block_1_2' title="bbox 165 863 1262 3648">
    <p class='ocr_par' dir='ltr' id='par_1_2' title="bbox 165 863 1256 1319">
     <span class='ocr_line' id='line_1_2' title="bbox 207 863 1253 946; baseline 0.002 -22"><span class='ocrx_word' id='word_1_5' title='bbox 207 868 236 926; x_wconf 78' lang='lat'>4.</span> <span class='ocrx_word' id='word_1_6' title='bbox 260 863 348 927; x_wconf 92' lang='lat' dir='ltr'>Dicit</span> <span class='ocrx_word' id='word_1_7' title='bbox 363 865 536 928; x_wconf 90' lang='lat' dir='ltr'>Introitum</span> <span class='ocrx_word' id='word_1_8' title='bbox 553 870 584 928; x_wconf 92' lang='lat' dir='ltr'>et</span> <span class='ocrx_word' id='word_1_9' title='bbox 600 864 697 945; x_wconf 80' lang='lat' dir='ltr'>lr&#39;yrie</span> <span class='ocrx_word' id='word_1_10' title='bbox 714 866 748 927; x_wconf 94' lang='lat' dir='ltr'>in</span> <span class='ocrx_word' id='word_1_11' title='bbox 763 885 860 927; x_wconf 89' lang='lat' dir='ltr'>cornu</span> <span class='ocrx_word' id='word_1_12' title='bbox 878 865 1045 946; x_wconf 84' lang='lat' dir='ltr'>Epistulae.</span> <span class='ocrx_word' id='word_1_13' title='bbox 1083 865 1169 927; x_wconf 92' lang='lat' dir='ltr'>Dum</span> <span class='ocrx_word' id='word_1_14' title='bbox 1183 884 1253 927; x_wconf 88' lang='lat' dir='ltr'>ean-</span> 
     </span>
     <span class='ocr_line' id='line_1_3' title="bbox 166 958 1255 1040; baseline 0 -20"><span class='ocrx_word' id='word_1_15' title='bbox 166 962 253 1021; x_wconf 89' lang='lat' dir='ltr'>tatur</span> <span class='ocrx_word' id='word_1_16' title='bbox 265 959 299 1020; x_wconf 92' lang='lat' dir='ltr'><em>K</em></span> <span class='ocrx_word' id='word_1_17' title='bbox 300 959 365 1039; x_wconf 81' lang='lat' dir='ltr'>yria</span> <span class='ocrx_word' id='word_1_18' title='bbox 378 964 481 1037; x_wconf 89' lang='lat' dir='ltr'>potest</span> <span class='ocrx_word' id='word_1_19' title='bbox 494 959 615 1021; x_wconf 89' lang='lat' dir='ltr'>sedere:</span> <span class='ocrx_word' id='word_1_20' title='bbox 631 959 763 1021; x_wconf 87' lang='lat' dir='ltr'>inclinat</span> <span class='ocrx_word' id='word_1_21' title='bbox 778 958 883 1033; x_wconf 85' lang='lat' dir='ltr'>Cruci,</span> <span class='ocrx_word' id='word_1_22' title='bbox 897 959 1057 1021; x_wconf 89' lang='lat' dir='ltr'>descendit</span> <span class='ocrx_word' id='word_1_23' title='bbox 1070 979 1126 1040; x_wconf 90' lang='lat' dir='ltr'>per</span> <span class='ocrx_word' id='word_1_24' title='bbox 1139 959 1255 1039; x_wconf 84' lang='lat' dir='ltr'>gradus</span> 
     </span>
     <span class='ocr_line' id='line_1_4' title="bbox 165 1051 1253 1132; baseline -0.001 -17"><span class='ocrx_word' id='word_1_25' title='bbox 165 1053 309 1115; x_wconf 76' lang='lat' dir='ltr'>laterales</span> <span class='ocrx_word' id='word_1_26' title='bbox 325 1059 356 1114; x_wconf 90' lang='lat' dir='ltr'>et</span> <span class='ocrx_word' id='word_1_27' title='bbox 372 1051 458 1113; x_wconf 90' lang='lat' dir='ltr'>sedet</span> <span class='ocrx_word' id='word_1_28' title='bbox 473 1072 509 1113; x_wconf 87' lang='lat' dir='ltr'>ac</span> <span class='ocrx_word' id='word_1_29' title='bbox 525 1052 621 1132; x_wconf 90' lang='lat' dir='ltr'>capiti</span> <span class='ocrx_word' id='word_1_30' title='bbox 638 1052 773 1114; x_wconf 87' lang='lat' dir='ltr'>biretum</span> <span class='ocrx_word' id='word_1_31' title='bbox 792 1053 927 1132; x_wconf 83' lang='lat' dir='ltr'>imponit</span> <span class='ocrx_word' id='word_1_32' title='bbox 935 1072 945 1127; x_wconf 90' lang='lat'>;</span> <span class='ocrx_word' id='word_1_33' title='bbox 963 1057 1119 1114; x_wconf 85' lang='lat' dir='ltr'>revertens</span> <span class='ocrx_word' id='word_1_34' title='bbox 1135 1051 1174 1114; x_wconf 91' lang='lat' dir='ltr'>ad</span> <span class='ocrx_word' id='word_1_35' title='bbox 1192 1071 1253 1114; x_wconf 93' lang='lat' dir='ltr'>me·</span> 
     </span>
     <span class='ocr_line' id='line_1_5' title="bbox 166 1145 1256 1226; baseline 0.001 -19"><span class='ocrx_word' id='word_1_36' title='bbox 166 1146 254 1207; x_wconf 93' lang='lat' dir='ltr'>dium</span> <span class='ocrx_word' id='word_1_37' title='bbox 270 1145 390 1207; x_wconf 79' lang='lat' dir='ltr'>Altaria</span> <span class='ocrx_word' id='word_1_38' title='bbox 404 1145 533 1207; x_wconf 90' lang='lat' dir='ltr'>chorum</span> <span class='ocrx_word' id='word_1_39' title='bbox 549 1145 665 1207; x_wconf 85' lang='lat' dir='ltr'>salutat</span> <span class='ocrx_word' id='word_1_40' title='bbox 679 1146 782 1226; x_wconf 89' lang='lat' dir='ltr'>primo</span> <span class='ocrx_word' id='word_1_41' title='bbox 797 1146 831 1206; x_wconf 93' lang='lat' dir='ltr'>in</span> <span class='ocrx_word' id='word_1_42' title='bbox 846 1145 942 1208; x_wconf 88' lang='lat' dir='ltr'>latere</span> <span class='ocrx_word' id='word_1_43' title='bbox 957 1145 1128 1225; x_wconf 83' lang='lat' dir='ltr'>Epistolae,</span> <span class='ocrx_word' id='word_1_44' title='bbox 1143 1145 1256 1208; x_wconf 91' lang='lat' dir='ltr'>deinde</span> 
     </span>
     <span class='ocr_line' id='line_1_6' title="bbox 167 1239 341 1319; baseline -0.011 -18"><span class='ocrx_word' id='word_1_45' title='bbox 167 1239 341 1319; x_wconf 83' lang='lat' dir='ltr'>Evangelii.</span> 
     </span>
    </p>

    <p class='ocr_par' dir='ltr' id='par_1_3' title="bbox 165 1332 1258 1696">
     <span class='ocr_line' id='line_1_7' title="bbox 209 1332 1258 1414; baseline 0.002 -20"><span class='ocrx_word' id='word_1_46' title='bbox 209 1337 238 1397; x_wconf 86' lang='lat'>5.</span> <span class='ocrx_word' id='word_1_47' title='bbox 261 1334 392 1396; x_wconf 82' lang='lat' dir='ltr'>Intonat</span> <span class='ocrx_word' id='word_1_48' title='bbox 421 1334 550 1404; x_wconf 83' lang='lat' dir='ltr'>Gloria,⁴</span> <span class='ocrx_word' id='word_1_49' title='bbox 578 1339 610 1395; x_wconf 89' lang='lat' dir='ltr'>et</span> <span class='ocrx_word' id='word_1_50' title='bbox 637 1338 706 1413; x_wconf 90' lang='lat' dir='ltr'>post</span> <span class='ocrx_word' id='word_1_51' title='bbox 733 1333 802 1412; x_wconf 87' lang='lat' dir='ltr'>ejus</span> <span class='ocrx_word' id='word_1_52' title='bbox 830 1332 1045 1397; x_wconf 73' lang='lat' dir='ltr'>recitationem</span> <span class='ocrx_word' id='word_1_53' title='bbox 1073 1332 1258 1414; x_wconf 86' lang='lat' dir='ltr'>genuflectit</span> 
     </span>
     <span class='ocr_line' id='line_1_8' title="bbox 172 1426 1258 1508; baseline 0.001 -18"><span class='ocrx_word' id='word_1_54' title='bbox 172 1428 269 1508; x_wconf 85' lang='lat' dir='ltr'>(resp.</span> <span class='ocrx_word' id='word_1_55' title='bbox 287 1426 452 1502; x_wconf 85' lang='lat' dir='ltr'>inclinat),</span> <span class='ocrx_word' id='word_1_56' title='bbox 470 1433 501 1489; x_wconf 90' lang='lat' dir='ltr'>ct</span> <span class='ocrx_word' id='word_1_57' title='bbox 519 1447 573 1507; x_wconf 89' lang='lat' dir='ltr'>per</span> <span class='ocrx_word' id='word_1_58' title='bbox 592 1428 673 1488; x_wconf 76' lang='lat' dir='ltr'>riam</span> <span class='ocrx_word' id='word_1_59' title='bbox 691 1427 862 1491; x_wconf 87' lang='lat' dir='ltr'>breviorem</span> <span class='ocrx_word' id='word_1_60' title='bbox 879 1427 919 1490; x_wconf 88' lang='lat' dir='ltr'>ad</span> <span class='ocrx_word' id='word_1_61' title='bbox 937 1447 1098 1489; x_wconf 86' lang='lat' dir='ltr'>scamnum</span> <span class='ocrx_word' id='word_1_62' title='bbox 1117 1427 1258 1508; x_wconf 89' lang='lat' dir='ltr'>procedit</span> 
     </span>
     <span class='ocr_line' id='line_1_9' title="bbox 165 1520 1258 1603; baseline -0.001 -17"><span class='ocrx_word' id='word_1_63' title='bbox 165 1527 224 1587; x_wconf 87' lang='lat' dir='ltr'>etc.</span> <span class='ocrx_word' id='word_1_64' title='bbox 238 1528 276 1586; x_wconf 90' lang='lat' dir='ltr'>nt</span> <span class='ocrx_word' id='word_1_65' title='bbox 288 1522 328 1585; x_wconf 88' lang='lat' dir='ltr'>ad</span> <span class='ocrx_word' id='word_1_66' title='bbox 342 1522 376 1583; x_wconf 88' lang='lat' dir='ltr'><strong><em>K</em></strong></span> <span class='ocrx_word' id='word_1_67' title='bbox 376 1520 452 1603; x_wconf 82' lang='lat' dir='ltr'>yria.</span> <span class='ocrx_word' id='word_1_68' title='bbox 478 1521 530 1584; x_wconf 90' lang='lat' dir='ltr'>Ad</span> <span class='ocrx_word' id='word_1_69' title='bbox 546 1522 638 1586; x_wconf 87' lang='lat' dir='ltr'>verba</span> <span class='ocrx_word' id='word_1_70' title='bbox 652 1521 831 1584; x_wconf 72' lang='lat' dir='ltr'>adoramus</span> <span class='ocrx_word' id='word_1_71' title='bbox 846 1525 895 1595; x_wconf 87' lang='lat' dir='ltr'>te;</span> <span class='ocrx_word' id='word_1_72' title='bbox 913 1521 1037 1585; x_wconf 80' lang='lat' dir='ltr'>Gratias</span> <span class='ocrx_word' id='word_1_73' title='bbox 1051 1523 1185 1603; x_wconf 73' lang='lat' dir='ltr'>aqimus,</span> <span class='ocrx_word' id='word_1_74' title='bbox 1200 1526 1258 1587; x_wconf 85' lang='lat' dir='ltr'>etc.</span> 
     </span>
     <span class='ocr_line' id='line_1_10' title="bbox 167 1613 1096 1696; baseline 0.001 -20"><span class='ocrx_word' id='word_1_75' title='bbox 167 1617 264 1695; x_wconf 87' lang='lat' dir='ltr'>caput</span> <span class='ocrx_word' id='word_1_76' title='bbox 280 1614 407 1694; x_wconf 88' lang='lat' dir='ltr'>detegit.</span> <span class='ocrx_word' id='word_1_77' title='bbox 448 1613 543 1677; x_wconf 88' lang='lat' dir='ltr'>Redit</span> <span class='ocrx_word' id='word_1_78' title='bbox 561 1634 617 1696; x_wconf 92' lang='lat' dir='ltr'>per</span> <span class='ocrx_word' id='word_1_79' title='bbox 636 1614 718 1675; x_wconf 88' lang='lat' dir='ltr'>viam</span> <span class='ocrx_word' id='word_1_80' title='bbox 737 1614 919 1693; x_wconf 83' lang='lat' dir='ltr'>longiorem,</span> <span class='ocrx_word' id='word_1_81' title='bbox 937 1619 975 1676; x_wconf 90' lang='lat' dir='ltr'>ut</span> <span class='ocrx_word' id='word_1_82' title='bbox 993 1635 1096 1696; x_wconf 86' lang='lat' dir='ltr'>supra.</span> 
     </span>
    </p>

    <p class='ocr_par' dir='ltr' id='par_1_4' title="bbox 166 1708 1262 2164">
     <span class='ocr_line' id='line_1_11' title="bbox 209 1708 1260 1791; baseline 0.001 -20"><span class='ocrx_word' id='word_1_83' title='bbox 209 1712 237 1773; x_wconf 88' lang='lat'>6.</span> <span class='ocrx_word' id='word_1_84' title='bbox 263 1712 447 1789; x_wconf 82' lang='lat' dir='ltr'>Epistolam,</span> <span class='ocrx_word' id='word_1_85' title='bbox 467 1708 634 1787; x_wconf 86' lang='lat' dir='ltr'>Graduale,</span> <span class='ocrx_word' id='word_1_86' title='bbox 650 1715 708 1773; x_wconf 92' lang='lat' dir='ltr'>etc.</span> <span class='ocrx_word' id='word_1_87' title='bbox 725 1710 804 1791; x_wconf 87' lang='lat' dir='ltr'>legit</span> <span class='ocrx_word' id='word_1_88' title='bbox 819 1709 973 1773; x_wconf 85' lang='lat' dir='ltr'>submissa</span> <span class='ocrx_word' id='word_1_89' title='bbox 988 1731 1042 1775; x_wconf 87' lang='lat' dir='ltr'>seu</span> <span class='ocrx_word' id='word_1_90' title='bbox 1058 1710 1164 1774; x_wconf 83' lang='lat' dir='ltr'>media</span> <span class='ocrx_word' id='word_1_91' title='bbox 1178 1729 1260 1775; x_wconf 87' lang='lat' dir='ltr'>voce.</span> 
     </span>
     <span class='ocr_line' id='line_1_12' title="bbox 166 1800 1258 1882; baseline 0.001 -20"><span class='ocrx_word' id='word_1_92' title='bbox 166 1801 309 1882; x_wconf 90' lang='lat' dir='ltr'>Imponit</span> <span class='ocrx_word' id='word_1_93' title='bbox 321 1820 450 1861; x_wconf 91' lang='lat' dir='ltr'>manum</span> <span class='ocrx_word' id='word_1_94' title='bbox 463 1800 664 1863; x_wconf 81' lang='lat' dir='ltr'>osculandam</span> <span class='ocrx_word' id='word_1_95' title='bbox 677 1802 711 1862; x_wconf 91' lang='lat' dir='ltr'>in</span> <span class='ocrx_word' id='word_1_96' title='bbox 725 1801 926 1881; x_wconf 84' lang='lat' dir='ltr'>Epistolario,</span> <span class='ocrx_word' id='word_1_97' title='bbox 937 1802 1011 1865; x_wconf 89' lang='lat' dir='ltr'>dein</span> <span class='ocrx_word' id='word_1_98' title='bbox 1025 1801 1258 1865; x_wconf 75' lang='lat' dir='ltr'>subdiaconum</span> 
     </span>
     <span class='ocr_line' id='line_1_13' title="bbox 167 1895 1258 1976; baseline -0.003 -16"><span class='ocrx_word' id='word_1_99' title='bbox 167 1895 324 1960; x_wconf 87' lang='lat' dir='ltr'>benedicit</span> <span class='ocrx_word' id='word_1_100' title='bbox 336 1895 382 1957; x_wconf 94' lang='lat' dir='ltr'>nil</span> <span class='ocrx_word' id='word_1_101' title='bbox 396 1895 511 1959; x_wconf 90' lang='lat' dir='ltr'>dicens.</span> <span class='ocrx_word' id='word_1_102' title='bbox 537 1895 629 1975; x_wconf 86' lang='lat' dir='ltr'>Legit</span> <span class='ocrx_word' id='word_1_103' title='bbox 643 1895 861 1976; x_wconf 84' lang='lat' dir='ltr'>Evangelium,</span> <span class='ocrx_word' id='word_1_104' title='bbox 875 1897 927 1959; x_wconf 85' lang='lat' dir='ltr'>sed</span> <span class='ocrx_word' id='word_1_105' title='bbox 941 1898 974 1959; x_wconf 90' lang='lat' dir='ltr'>in</span> <span class='ocrx_word' id='word_1_106' title='bbox 989 1896 1052 1960; x_wconf 90' lang='lat' dir='ltr'>fine</span> <span class='ocrx_word' id='word_1_107' title='bbox 1065 1896 1181 1958; x_wconf 92' lang='lat' dir='ltr'>librum</span> <span class='ocrx_word' id='word_1_108' title='bbox 1195 1917 1258 1959; x_wconf 91' lang='lat' dir='ltr'>non</span> 
     </span>
     <span class='ocr_line' id='line_1_14' title="bbox 167 1989 1262 2072; baseline 0 -18"><span class='ocrx_word' id='word_1_109' title='bbox 167 1990 328 2054; x_wconf 87' lang='lat' dir='ltr'>oseulatur</span> <span class='ocrx_word' id='word_1_110' title='bbox 339 2010 396 2053; x_wconf 90' lang='lat' dir='ltr'>nee</span> <span class='ocrx_word' id='word_1_111' title='bbox 410 1989 489 2056; x_wconf 88' lang='lat' dir='ltr'>dicit</span> <span class='ocrx_word' id='word_1_112' title='bbox 503 1991 567 2053; x_wconf 86' lang='lat' dir='ltr'>Par</span> <span class='ocrx_word' id='word_1_113' title='bbox 581 1989 759 2072; x_wconf 72' lang='lat' dir='ltr'>evangelica</span> <span class='ocrx_word' id='word_1_114' title='bbox 774 1990 868 2065; x_wconf 72' lang='lat' dir='ltr'>anta,</span> <span class='ocrx_word' id='word_1_115' title='bbox 881 1993 939 2055; x_wconf 87' lang='lat' dir='ltr'>etc.</span> <span class='ocrx_word' id='word_1_116' title='bbox 966 1992 1008 2054; x_wconf 92' lang='lat' dir='ltr'>In</span> <span class='ocrx_word' id='word_1_117' title='bbox 1021 1991 1126 2057; x_wconf 89' lang='lat' dir='ltr'>medio</span> <span class='ocrx_word' id='word_1_118' title='bbox 1141 1991 1262 2055; x_wconf 85' lang='lat' dir='ltr'>Altaria</span> 
     </span>
     <span class='ocr_line' id='line_1_15' title="bbox 168 2082 1013 2164; baseline 0.001 -19"><span class='ocrx_word' id='word_1_119' title='bbox 168 2082 305 2164; x_wconf 89' lang='lat' dir='ltr'>imponit</span> <span class='ocrx_word' id='word_1_120' title='bbox 323 2082 487 2145; x_wconf 88' lang='lat' dir='ltr'>incensum</span> <span class='ocrx_word' id='word_1_121' title='bbox 507 2082 648 2164; x_wconf 87' lang='lat' dir='ltr'>illudque</span> <span class='ocrx_word' id='word_1_122' title='bbox 667 2083 833 2161; x_wconf 86' lang='lat' dir='ltr'>benedicit,</span> <span class='ocrx_word' id='word_1_123' title='bbox 852 2088 890 2146; x_wconf 92' lang='lat' dir='ltr'>ut</span> <span class='ocrx_word' id='word_1_124' title='bbox 910 2104 1013 2164; x_wconf 84' lang='lat' dir='ltr'>supra.</span> 
     </span>
    </p>

    <p class='ocr_par' dir='ltr' id='par_1_5' title="bbox 168 2176 1259 2445">
     <span class='ocr_line' id='line_1_16' title="bbox 215 2176 1259 2259; baseline -0.001 -20"><span class='ocrx_word' id='word_1_125' title='bbox 215 2177 268 2256; x_wconf 92' lang='lat' dir='ltr'>(Si</span> <span class='ocrx_word' id='word_1_126' title='bbox 284 2176 454 2258; x_wconf 82' lang='lat' dir='ltr'>Sequentia</span> <span class='ocrx_word' id='word_1_127' title='bbox 467 2177 514 2240; x_wconf 87' lang='lat' dir='ltr'>vel</span> <span class='ocrx_word' id='word_1_128' title='bbox 529 2177 663 2239; x_wconf 84' lang='lat' dir='ltr'>Tractus</span> <span class='ocrx_word' id='word_1_129' title='bbox 677 2177 720 2239; x_wconf 87' lang='lat' dir='ltr'>sit</span> <span class='ocrx_word' id='word_1_130' title='bbox 732 2177 865 2259; x_wconf 89' lang='lat' dir='ltr'>longior,</span> <span class='ocrx_word' id='word_1_131' title='bbox 879 2177 1034 2240; x_wconf 84' lang='lat' dir='ltr'>benedicit</span> <span class='ocrx_word' id='word_1_132' title='bbox 1052 2176 1259 2252; x_wconf 89' lang='lat' dir='ltr'>Subdiaeono,</span> 
     </span>
     <span class='ocr_line' id='line_1_17' title="bbox 168 2270 1259 2352; baseline -0.001 -20"><span class='ocrx_word' id='word_1_133' title='bbox 168 2273 333 2352; x_wconf 88' lang='lat' dir='ltr'>postquam</span> <span class='ocrx_word' id='word_1_134' title='bbox 355 2271 557 2352; x_wconf 84' lang='lat' dir='ltr'>Sequentiam</span> <span class='ocrx_word' id='word_1_135' title='bbox 579 2270 626 2335; x_wconf 91' lang='lat' dir='ltr'>vel</span> <span class='ocrx_word' id='word_1_136' title='bbox 647 2271 798 2333; x_wconf 80' lang='lat' dir='ltr'>&#39;l&#39;ractum</span> <span class='ocrx_word' id='word_1_137' title='bbox 819 2270 914 2351; x_wconf 86' lang='lat' dir='ltr'>legit3</span> <span class='ocrx_word' id='word_1_138' title='bbox 934 2270 1021 2332; x_wconf 82' lang='lat' dir='ltr'>infra</span> <span class='ocrx_word' id='word_1_139' title='bbox 1040 2271 1110 2351; x_wconf 87' lang='lat' dir='ltr'>ejus</span> <span class='ocrx_word' id='word_1_140' title='bbox 1130 2273 1259 2333; x_wconf 90' lang='lat' dir='ltr'>cantum</span> 
     </span>
     <span class='ocr_line' id='line_1_18' title="bbox 168 2365 419 2445; baseline 0.004 -19"><span class='ocrx_word' id='word_1_141' title='bbox 168 2368 271 2445; x_wconf 91' lang='lat' dir='ltr'>potest</span> <span class='ocrx_word' id='word_1_142' title='bbox 288 2365 419 2444; x_wconf 85' lang='lat' dir='ltr'>sedere.)</span> 
     </span>
    </p>

    <p class='ocr_par' dir='ltr' id='par_1_6' title="bbox 167 2458 1260 2914">
     <span class='ocr_line' id='line_1_19' title="bbox 212 2458 1259 2522; baseline -0.002 -1"><span class='ocrx_word' id='word_1_143' title='bbox 212 2462 239 2521; x_wconf 72' lang='lat' dir='ltr'>t.</span> <span class='ocrx_word' id='word_1_144' title='bbox 263 2458 403 2522; x_wconf 88' lang='lat' dir='ltr'>Diacono</span> <span class='ocrx_word' id='word_1_145' title='bbox 418 2458 667 2522; x_wconf 87' lang='lat' dir='ltr'>benedictionem</span> <span class='ocrx_word' id='word_1_146' title='bbox 682 2459 753 2521; x_wconf 91' lang='lat' dir='ltr'>dat:</span> <span class='ocrx_word' id='word_1_147' title='bbox 771 2459 927 2522; x_wconf 82' lang='lat' dir='ltr'>Dominus</span> <span class='ocrx_word' id='word_1_148' title='bbox 941 2459 983 2522; x_wconf 87' lang='lat' dir='ltr'>sit</span> <span class='ocrx_word' id='word_1_149' title='bbox 999 2459 1035 2521; x_wconf 90' lang='lat' dir='ltr'>in</span> <span class='ocrx_word' id='word_1_150' title='bbox 1050 2460 1141 2522; x_wconf 82' lang='lat' dir='ltr'>corda</span> <span class='ocrx_word' id='word_1_151' title='bbox 1159 2463 1211 2521; x_wconf 88' lang='lat' dir='ltr'>tao</span> <span class='ocrx_word' id='word_1_152' title='bbox 1229 2461 1259 2520; x_wconf 83' lang='lat' dir='ltr'>ct</span> 
     </span>
     <span class='ocr_line' id='line_1_20' title="bbox 169 2551 1259 2634; baseline -0.003 -19"><span class='ocrx_word' id='word_1_153' title='bbox 169 2554 203 2615; x_wconf 90' lang='lat' dir='ltr'>in</span> <span class='ocrx_word' id='word_1_154' title='bbox 220 2552 311 2616; x_wconf 85' lang='lat' dir='ltr'>labiis</span> <span class='ocrx_word' id='word_1_155' title='bbox 328 2554 407 2616; x_wconf 69' lang='lat' dir='ltr'>tais:</span> <span class='ocrx_word' id='word_1_156' title='bbox 424 2558 460 2615; x_wconf 87' lang='lat' dir='ltr'>at</span> <span class='ocrx_word' id='word_1_157' title='bbox 477 2553 571 2632; x_wconf 74' lang='lat' dir='ltr'>digna</span> <span class='ocrx_word' id='word_1_158' title='bbox 589 2556 619 2615; x_wconf 88' lang='lat' dir='ltr'>at</span> <span class='ocrx_word' id='word_1_159' title='bbox 637 2556 849 2634; x_wconf 86' lang='lat' dir='ltr'>competenter</span> <span class='ocrx_word' id='word_1_160' title='bbox 863 2551 1033 2615; x_wconf 84' lang='lat' dir='ltr'>annuntias</span> <span class='ocrx_word' id='word_1_161' title='bbox 1049 2551 1259 2632; x_wconf 74' lang='lat' dir='ltr'>linanpeliam</span> 
     </span>
     <span class='ocr_line' id='line_1_21' title="bbox 167 2644 1260 2727; baseline -0.002 -18"><span class='ocrx_word' id='word_1_162' title='bbox 167 2668 278 2709; x_wconf 84' lang='lat' dir='ltr'>auam:</span> <span class='ocrx_word' id='word_1_163' title='bbox 289 2647 330 2708; x_wconf 86' lang='lat' dir='ltr'>In</span> <span class='ocrx_word' id='word_1_164' title='bbox 343 2647 469 2709; x_wconf 86' lang='lat' dir='ltr'>nomine</span> <span class='ocrx_word' id='word_1_165' title='bbox 482 2645 599 2718; x_wconf 86' lang='lat' dir='ltr'>Patris,</span> <span class='ocrx_word' id='word_1_166' title='bbox 612 2651 642 2709; x_wconf 90' lang='lat' dir='ltr'>at</span> <span class='ocrx_word' id='word_1_167' title='bbox 654 2645 741 2717; x_wconf 81' lang='lat' dir='ltr'>Filii,</span> <span class='ocrx_word' id='word_1_168' title='bbox 756 2648 793 2722; x_wconf 88' lang='grc' dir='ltr'>-Ι-</span> <span class='ocrx_word' id='word_1_169' title='bbox 808 2650 838 2708; x_wconf 87' lang='lat' dir='ltr'>et</span> <span class='ocrx_word' id='word_1_170' title='bbox 851 2644 992 2727; x_wconf 67' lang='lat' dir='ltr'>Spiritus</span> <span class='ocrx_word' id='word_1_171' title='bbox 1005 2644 1125 2708; x_wconf 80' lang='lat' dir='ltr'>Sancti.</span> <span class='ocrx_word' id='word_1_172' title='bbox 1138 2646 1260 2716; x_wconf 85' lang='lat' dir='ltr'>Aman,·</span> 
     </span>
     <span class='ocr_line' id='line_1_22' title="bbox 169 2736 1259 2822; baseline -0.005 -20"><span class='ocrx_word' id='word_1_173' title='bbox 169 2741 389 2822; x_wconf 79' lang='lat' dir='ltr'>dexteramque</span> <span class='ocrx_word' id='word_1_174' title='bbox 412 2739 614 2803; x_wconf 88' lang='lat' dir='ltr'>osculandam</span> <span class='ocrx_word' id='word_1_175' title='bbox 638 2739 775 2819; x_wconf 91' lang='lat' dir='ltr'>imponit</span> <span class='ocrx_word' id='word_1_176' title='bbox 798 2738 1027 2819; x_wconf 84' lang='lat' dir='ltr'>Evangeliario.</span> <span class='ocrx_word' id='word_1_177' title='bbox 1073 2736 1202 2800; x_wconf 89' lang='lat' dir='ltr'>Recedit</span> <span class='ocrx_word' id='word_1_178' title='bbox 1226 2737 1259 2797; x_wconf 94' lang='lat' dir='ltr'>in</span> 
     </span>
     <span class='ocr_line' id='line_1_23' title="bbox 169 2833 1009 2914; baseline -0.006 -17"><span class='ocrx_word' id='word_1_179' title='bbox 169 2854 266 2897; x_wconf 89' lang='lat' dir='ltr'>cornu</span> <span class='ocrx_word' id='word_1_180' title='bbox 283 2833 453 2914; x_wconf 86' lang='lat' dir='ltr'>Epistolae,</span> <span class='ocrx_word' id='word_1_181' title='bbox 467 2834 519 2896; x_wconf 94' lang='lat' dir='ltr'>ubi</span> <span class='ocrx_word' id='word_1_182' title='bbox 535 2837 642 2898; x_wconf 86' lang='lat' dir='ltr'>manet</span> <span class='ocrx_word' id='word_1_183' title='bbox 656 2833 696 2895; x_wconf 91' lang='lat' dir='ltr'>ad</span> <span class='ocrx_word' id='word_1_184' title='bbox 711 2833 820 2895; x_wconf 83' lang='lat' dir='ltr'>Altare</span> <span class='ocrx_word' id='word_1_185' title='bbox 835 2852 1009 2895; x_wconf 87' lang='lat' dir='ltr'>conversus.</span> 
     </span>
    </p>

    <p class='ocr_par' dir='ltr' id='par_1_7' title="bbox 169 2925 1260 3273">
     <span class='ocr_line' id='line_1_24' title="bbox 213 2925 1259 3007; baseline -0.004 -17"><span class='ocrx_word' id='word_1_186' title='bbox 213 2927 315 2990; x_wconf 83' lang='lat' dir='ltr'>Simul</span> <span class='ocrx_word' id='word_1_187' title='bbox 331 2949 366 2991; x_wconf 91' lang='lat' dir='ltr'>ac</span> <span class='ocrx_word' id='word_1_188' title='bbox 381 2928 540 2990; x_wconf 85' lang='lat' dir='ltr'>Diaconus</span> <span class='ocrx_word' id='word_1_189' title='bbox 554 2927 668 3007; x_wconf 86' lang='lat' dir='ltr'>incipit</span> <span class='ocrx_word' id='word_1_190' title='bbox 682 2925 890 3006; x_wconf 84' lang='lat' dir='ltr'>Evangelium</span> <span class='ocrx_word' id='word_1_191' title='bbox 904 2946 1024 2999; x_wconf 88' lang='lat' dir='ltr'>canere,</span> <span class='ocrx_word' id='word_1_192' title='bbox 1038 2946 1070 2988; x_wconf 88' lang='lat' dir='ltr'>se</span> <span class='ocrx_word' id='word_1_193' title='bbox 1085 2926 1179 2989; x_wconf 87' lang='lat' dir='ltr'>vertit</span> <span class='ocrx_word' id='word_1_194' title='bbox 1194 2945 1259 2986; x_wconf 83' lang='lat' dir='ltr'>ver-</span> 
     </span>
     <span class='ocr_line' id='line_1_25' title="bbox 169 3019 1259 3101; baseline -0.005 -17"><span class='ocrx_word' id='word_1_195' title='bbox 169 3042 222 3084; x_wconf 87' lang='lat' dir='ltr'>sus</span> <span class='ocrx_word' id='word_1_196' title='bbox 235 3021 350 3083; x_wconf 89' lang='lat' dir='ltr'>librum</span> <span class='ocrx_word' id='word_1_197' title='bbox 365 3021 508 3096; x_wconf 88' lang='lat' dir='ltr'>Diaconi‚</span> <span class='ocrx_word' id='word_1_198' title='bbox 521 3043 552 3086; x_wconf 86' lang='lat' dir='ltr'>se</span> <span class='ocrx_word' id='word_1_199' title='bbox 565 3023 680 3101; x_wconf 87' lang='lat' dir='ltr'>signat,</span> <span class='ocrx_word' id='word_1_200' title='bbox 692 3026 724 3083; x_wconf 89' lang='lat' dir='ltr'>et</span> <span class='ocrx_word' id='word_1_201' title='bbox 737 3020 776 3082; x_wconf 89' lang='lat' dir='ltr'>ad</span> <span class='ocrx_word' id='word_1_202' title='bbox 789 3040 903 3082; x_wconf 90' lang='lat' dir='ltr'>nomen</span> <span class='ocrx_word' id='word_1_203' title='bbox 916 3021 994 3082; x_wconf 81' lang='lat' dir='ltr'>Jesa</span> <span class='ocrx_word' id='word_1_204' title='bbox 1010 3019 1143 3081; x_wconf 83' lang='lat' dir='ltr'>inclinat</span> <span class='ocrx_word' id='word_1_205' title='bbox 1154 3039 1259 3081; x_wconf 81' lang='lat' dir='ltr'>versus</span> 
     </span>
     <span class='ocr_line' id='line_1_26' title="bbox 170 3112 1260 3192; baseline -0.004 -14"><span class='ocrx_word' id='word_1_206' title='bbox 170 3115 312 3178; x_wconf 83' lang='lat' dir='ltr'>Crucem.</span> <span class='ocrx_word' id='word_1_207' title='bbox 346 3116 387 3176; x_wconf 91' lang='lat' dir='ltr'>ln</span> <span class='ocrx_word' id='word_1_208' title='bbox 401 3115 461 3179; x_wconf 89' lang='lat' dir='ltr'>fine</span> <span class='ocrx_word' id='word_1_209' title='bbox 473 3114 633 3178; x_wconf 87' lang='lat' dir='ltr'>osculatur</span> <span class='ocrx_word' id='word_1_210' title='bbox 645 3114 761 3176; x_wconf 90' lang='lat' dir='ltr'>librum</span> <span class='ocrx_word' id='word_1_211' title='bbox 775 3114 897 3175; x_wconf 88' lang='lat' dir='ltr'>dicens:</span> <span class='ocrx_word' id='word_1_212' title='bbox 910 3114 974 3175; x_wconf 85' lang='lat' dir='ltr'>Par</span> <span class='ocrx_word' id='word_1_213' title='bbox 987 3112 1163 3192; x_wconf 71' lang='lat' dir='ltr'>evangelica</span> <span class='ocrx_word' id='word_1_214' title='bbox 1176 3112 1260 3174; x_wconf 88' lang='lat' dir='ltr'>dicta</span> 
     </span>
     <span class='ocr_line' id='line_1_27' title="bbox 170 3210 556 3273; baseline -0.008 0"><span class='ocrx_word' id='word_1_215' title='bbox 170 3213 228 3273; x_wconf 84' lang='lat' dir='ltr'>etc.</span> <span class='ocrx_word' id='word_1_216' title='bbox 248 3215 279 3273; x_wconf 93' lang='lat' dir='ltr'>et</span> <span class='ocrx_word' id='word_1_217' title='bbox 299 3215 348 3271; x_wconf 90' lang='lat' dir='ltr'>ter</span> <span class='ocrx_word' id='word_1_218' title='bbox 368 3210 556 3271; x_wconf 86' lang='lat' dir='ltr'>incensatur.</span> 
     </span>
    </p>

    <p class='ocr_par' dir='ltr' id='par_1_8' title="bbox 169 3298 1260 3648">
     <span class='ocr_line' id='line_1_28' title="bbox 212 3298 1259 3381; baseline -0.006 -16"><span class='ocrx_word' id='word_1_219' title='bbox 212 3307 241 3365; x_wconf 90' lang='lat'>8.</span> <span class='ocrx_word' id='word_1_220' title='bbox 264 3302 396 3365; x_wconf 86' lang='lat' dir='ltr'>Intonat</span> <span class='ocrx_word' id='word_1_221' title='bbox 410 3302 509 3365; x_wconf 83' lang='lat' dir='ltr'>Credo</span> <span class='ocrx_word' id='word_1_222' title='bbox 522 3308 554 3366; x_wconf 91' lang='lat' dir='ltr'>et</span> <span class='ocrx_word' id='word_1_223' title='bbox 568 3301 686 3381; x_wconf 88' lang='lat' dir='ltr'>reliqua</span> <span class='ocrx_word' id='word_1_224' title='bbox 701 3301 823 3381; x_wconf 88' lang='lat' dir='ltr'>peragit</span> <span class='ocrx_word' id='word_1_225' title='bbox 834 3306 871 3363; x_wconf 91' lang='lat' dir='ltr'>ut</span> <span class='ocrx_word' id='word_1_226' title='bbox 885 3300 923 3362; x_wconf 90' lang='lat' dir='ltr'>ad</span> <span class='ocrx_word' id='word_1_227' title='bbox 940 3299 1055 3364; x_wconf 85' lang='lat' dir='ltr'>Gloria.</span> <span class='ocrx_word' id='word_1_228' title='bbox 1090 3299 1140 3360; x_wconf 84' lang='lat' dir='ltr'>Ad</span> <span class='ocrx_word' id='word_1_229' title='bbox 1156 3299 1198 3361; x_wconf 76' lang='lat' dir='ltr'>lit</span> <span class='ocrx_word' id='word_1_230' title='bbox 1212 3298 1259 3361; x_wconf 90' lang='lat' dir='ltr'>in-</span> 
     </span>
     <span class='ocr_line' id='line_1_29' title="bbox 171 3391 1260 3476; baseline -0.005 -15"><span class='ocrx_word' id='word_1_231' title='bbox 171 3399 317 3461; x_wconf 81' lang='lat' dir='ltr'>carnatas</span> <span class='ocrx_word' id='word_1_232' title='bbox 334 3397 435 3476; x_wconf 90' lang='lat' dir='ltr'>capite</span> <span class='ocrx_word' id='word_1_233' title='bbox 451 3396 573 3459; x_wconf 88' lang='lat' dir='ltr'>detecto</span> <span class='ocrx_word' id='word_1_234' title='bbox 590 3395 721 3457; x_wconf 88' lang='lat' dir='ltr'>inclinat</span> <span class='ocrx_word' id='word_1_235' title='bbox 731 3415 739 3469; x_wconf 92' lang='lat'>;</span> <span class='ocrx_word' id='word_1_236' title='bbox 757 3396 782 3456; x_wconf 88' lang='lat' dir='ltr'>si</span> <span class='ocrx_word' id='word_1_237' title='bbox 800 3415 862 3456; x_wconf 93' lang='lat' dir='ltr'>non</span> <span class='ocrx_word' id='word_1_238' title='bbox 880 3394 995 3468; x_wconf 88' lang='lat' dir='ltr'>sedeat,</span> <span class='ocrx_word' id='word_1_239' title='bbox 1013 3391 1112 3456; x_wconf 86' lang='lat' dir='ltr'>flectit</span> <span class='ocrx_word' id='word_1_240' title='bbox 1128 3396 1260 3473; x_wconf 90' lang='lat' dir='ltr'>utroque</span> 
     </span>
     <span class='ocr_line' id='line_1_30' title="bbox 169 3486 1259 3573; baseline -0.007 -19"><span class='ocrx_word' id='word_1_241' title='bbox 169 3511 253 3573; x_wconf 89' lang='lat' dir='ltr'>genn</span> <span class='ocrx_word' id='word_1_242' title='bbox 275 3491 309 3553; x_wconf 93' lang='lat' dir='ltr'>in</span> <span class='ocrx_word' id='word_1_243' title='bbox 331 3489 529 3553; x_wconf 83' lang='lat' dir='ltr'>extremitate</span> <span class='ocrx_word' id='word_1_244' title='bbox 551 3487 751 3569; x_wconf 86' lang='lat' dir='ltr'>suppedanei.</span> <span class='ocrx_word' id='word_1_245' title='bbox 795 3486 846 3548; x_wconf 82' lang='lat' dir='ltr'>Ad</span> <span class='ocrx_word' id='word_1_246' title='bbox 867 3486 964 3550; x_wconf 83' lang='lat' dir='ltr'>simul</span> <span class='ocrx_word' id='word_1_247' title='bbox 985 3487 1136 3550; x_wconf 82' lang='lat' dir='ltr'>adoratur</span> <span class='ocrx_word' id='word_1_248' title='bbox 1157 3486 1259 3566; x_wconf 90' lang='lat' dir='ltr'>capite</span> 
     </span>
     <span class='ocr_line' id='line_1_31' title="bbox 170 3583 451 3648; baseline 0 -1"><span class='ocrx_word' id='word_1_249' title='bbox 170 3585 291 3648; x_wconf 88' lang='lat' dir='ltr'>detecta</span> <span class='ocrx_word' id='word_1_250' title='bbox 310 3583 451 3647; x_wconf 89' lang='lat' dir='ltr'>inclinat.</span> 
     </span>
    </p>
   </div>
   <div class='ocr_carea' id='block_1_3' title="bbox 170 3801 1262 4254">
    <p class='ocr_par' dir='ltr' id='par_1_9' title="bbox 170 3801 1262 4254">
     <span class='ocr_line' id='line_1_32' title="bbox 212 3801 1260 3883; baseline -0.005 -14"><span class='ocrx_word' id='word_1_251' title='bbox 212 3805 262 3869; x_wconf 84' lang='lat'>83.</span> <span class='ocrx_word' id='word_1_252' title='bbox 286 3805 336 3867; x_wconf 89' lang='lat' dir='ltr'>Ad</span> <span class='ocrx_word' id='word_1_253' title='bbox 359 3803 563 3866; x_wconf 81' lang='lat' dir='ltr'>Offertorium</span> <span class='ocrx_word' id='word_1_254' title='bbox 584 3806 641 3866; x_wconf 91' lang='lat' dir='ltr'>ete.</span> <span class='ocrx_word' id='word_1_255' title='bbox 663 3801 791 3864; x_wconf 87' lang='lat' dir='ltr'>calicem</span> <span class='ocrx_word' id='word_1_256' title='bbox 812 3823 869 3866; x_wconf 92' lang='lat' dir='ltr'>nee</span> <span class='ocrx_word' id='word_1_257' title='bbox 889 3801 1027 3883; x_wconf 87' lang='lat' dir='ltr'>cooperit</span> <span class='ocrx_word' id='word_1_258' title='bbox 1047 3821 1104 3865; x_wconf 89' lang='lat' dir='ltr'>nee</span> <span class='ocrx_word' id='word_1_259' title='bbox 1124 3801 1260 3882; x_wconf 81' lang='lat' dir='ltr'>detegit:</span> 
     </span>
     <span class='ocr_line' id='line_1_33' title="bbox 170 3894 1259 3975; baseline -0.007 -12"><span class='ocrx_word' id='word_1_260' title='bbox 170 3900 305 3963; x_wconf 87' lang='lat' dir='ltr'>officium</span> <span class='ocrx_word' id='word_1_261' title='bbox 329 3899 413 3962; x_wconf 88' lang='lat' dir='ltr'>eninr</span> <span class='ocrx_word' id='word_1_262' title='bbox 438 3896 569 3958; x_wconf 89' lang='lat' dir='ltr'>Diaconi</span> <span class='ocrx_word' id='word_1_263' title='bbox 594 3900 648 3958; x_wconf 89' lang='lat' dir='ltr'>est.</span> <span class='ocrx_word' id='word_1_264' title='bbox 696 3895 771 3959; x_wconf 85' lang='lat' dir='ltr'>Post</span> <span class='ocrx_word' id='word_1_265' title='bbox 796 3897 877 3958; x_wconf 86' lang='lat' dir='ltr'>Veni</span> <span class='ocrx_word' id='word_1_266' title='bbox 900 3894 1122 3975; x_wconf 72' lang='lat' dir='ltr'>Sanctificutar</span> <span class='ocrx_word' id='word_1_267' title='bbox 1144 3894 1259 3957; x_wconf 91' lang='lat' dir='ltr'>ibidem</span> 
     </span>
     <span class='ocr_line' id='line_1_34' title="bbox 171 3988 1261 4074; baseline -0.005 -19"><span class='ocrx_word' id='word_1_268' title='bbox 171 3992 313 4074; x_wconf 90' lang='lat' dir='ltr'>paullum</span> <span class='ocrx_word' id='word_1_269' title='bbox 331 3991 443 4053; x_wconf 86' lang='lat' dir='ltr'>faciem</span> <span class='ocrx_word' id='word_1_270' title='bbox 460 3989 613 4052; x_wconf 83' lang='lat' dir='ltr'>convertit</span> <span class='ocrx_word' id='word_1_271' title='bbox 630 3988 668 4050; x_wconf 90' lang='lat' dir='ltr'>ad</span> <span class='ocrx_word' id='word_1_272' title='bbox 685 3989 768 4050; x_wconf 87' lang='lat' dir='ltr'>latus</span> <span class='ocrx_word' id='word_1_273' title='bbox 786 3990 955 4069; x_wconf 87' lang='lat' dir='ltr'>Epistolae,</span> <span class='ocrx_word' id='word_1_274' title='bbox 970 3994 1002 4052; x_wconf 91' lang='lat' dir='ltr'>et</span> <span class='ocrx_word' id='word_1_275' title='bbox 1019 4008 1114 4051; x_wconf 89' lang='lat' dir='ltr'>manu</span> <span class='ocrx_word' id='word_1_276' title='bbox 1132 3989 1261 4051; x_wconf 87' lang='lat' dir='ltr'>sinistra</span> 
     </span>
     <span class='ocr_line' id='line_1_35' title="bbox 171 4082 1262 4167; baseline -0.005 -19"><span class='ocrx_word' id='word_1_277' title='bbox 171 4087 288 4167; x_wconf 86' lang='lat' dir='ltr'>pectori</span> <span class='ocrx_word' id='word_1_278' title='bbox 306 4085 442 4157; x_wconf 86' lang='lat' dir='ltr'>admota,</span> <span class='ocrx_word' id='word_1_279' title='bbox 460 4083 594 4162; x_wconf 89' lang='lat' dir='ltr'>imponit</span> <span class='ocrx_word' id='word_1_280' title='bbox 613 4083 773 4143; x_wconf 89' lang='lat' dir='ltr'>incensum</span> <span class='ocrx_word' id='word_1_281' title='bbox 792 4083 823 4143; x_wconf 94' lang='lat' dir='ltr'>in</span> <span class='ocrx_word' id='word_1_282' title='bbox 842 4082 1040 4144; x_wconf 91' lang='lat' dir='ltr'>thuribulum</span> <span class='ocrx_word' id='word_1_283' title='bbox 1058 4082 1181 4144; x_wconf 87' lang='lat' dir='ltr'>diceus:</span> <span class='ocrx_word' id='word_1_284' title='bbox 1198 4083 1262 4145; x_wconf 83' lang='lat' dir='ltr'>Per</span> 
     </span>
     <span class='ocr_line' id='line_1_36' title="bbox 170 4173 1260 4254; baseline -0.004 -12"><span class='ocrx_word' id='word_1_285' title='bbox 170 4179 422 4242; x_wconf 81' lang='lat' dir='ltr'>intercessionem</span> <span class='ocrx_word' id='word_1_286' title='bbox 439 4177 521 4239; x_wconf 89' lang='lat' dir='ltr'>beati</span> <span class='ocrx_word' id='word_1_287' title='bbox 534 4175 698 4237; x_wconf 77' lang='lat' dir='ltr'>Michaelis</span> <span class='ocrx_word' id='word_1_288' title='bbox 710 4175 911 4254; x_wconf 67' lang='lat' dir='ltr'>Archangeli,</span> <span class='ocrx_word' id='word_1_289' title='bbox 924 4176 1039 4239; x_wconf 84' lang='lat' dir='ltr'>stantis</span> <span class='ocrx_word' id='word_1_290' title='bbox 1052 4196 1071 4238; x_wconf 94' lang='lat' dir='ltr'>a</span> <span class='ocrx_word' id='word_1_291' title='bbox 1085 4173 1203 4239; x_wconf 64' lang='lat' dir='ltr'>dextris</span> <span class='ocrx_word' id='word_1_292' title='bbox 1216 4176 1260 4238; x_wconf 78' lang='lat' dir='ltr'>ai-</span> 
     </span>
    </p>
   </div>
   <div class='ocr_carea' id='block_1_4' title="bbox 168 4378 1262 4519">
    <p class='ocr_par' dir='ltr' id='par_1_10' title="bbox 168 4378 1262 4519">
     <span class='ocr_line' id='line_1_37' title="bbox 204 4378 1262 4433; baseline 0.002 -2"><span class='ocrx_word' id='word_1_293' title='bbox 204 4389 215 4421; x_wconf 87' lang='lat'><strong>⁴</strong></span> <span class='ocrx_word' id='word_1_294' title='bbox 236 4382 328 4431; x_wconf 83' lang='lat' dir='ltr'>Gloria</span> <span class='ocrx_word' id='word_1_295' title='bbox 352 4385 379 4430; x_wconf 81' lang='lat' dir='ltr'>et</span> <span class='ocrx_word' id='word_1_296' title='bbox 406 4379 450 4429; x_wconf 84' lang='lat' dir='ltr'>lte</span> <span class='ocrx_word' id='word_1_297' title='bbox 476 4380 558 4429; x_wconf 80' lang='lat' dir='ltr'>missa</span> <span class='ocrx_word' id='word_1_298' title='bbox 584 4383 623 4428; x_wconf 80' lang='lat' dir='ltr'>ert</span> <span class='ocrx_word' id='word_1_299' title='bbox 651 4379 688 4428; x_wconf 90' lang='lat' dir='ltr'>in·</span> <span class='ocrx_word' id='word_1_300' title='bbox 742 4378 887 4432; x_wconf 78' lang='lat' dir='ltr'>Praefatio</span> <span class='ocrx_word' id='word_1_301' title='bbox 906 4380 1073 4432; x_wconf 77' lang='lat' dir='ltr'>Natiuitatis</span> <span class='ocrx_word' id='word_1_302' title='bbox 1091 4380 1200 4432; x_wconf 84' lang='lat' dir='ltr'>dicitur.</span> <span class='ocrx_word' id='word_1_303' title='bbox 1228 4378 1262 4433; x_wconf 89' lang='lat' dir='ltr'>D.</span> 
     </span>
     <span class='ocr_line' id='line_1_38' title="bbox 168 4458 817 4519; baseline 0.005 -12"><span class='ocrx_word' id='word_1_304' title='bbox 168 4464 299 4513; x_wconf 83' lang='lat' dir='ltr'>tonantur</span> <span class='ocrx_word' id='word_1_305' title='bbox 315 4460 340 4509; x_wconf 95' lang='lat' dir='ltr'>in</span> <span class='ocrx_word' id='word_1_306' title='bbox 356 4465 420 4508; x_wconf 86' lang='lat' dir='ltr'>tono</span> <span class='ocrx_word' id='word_1_307' title='bbox 435 4458 466 4509; x_wconf 89' lang='grc' dir='ltr'>Β,</span> <span class='ocrx_word' id='word_1_308' title='bbox 482 4458 518 4507; x_wconf 77' lang='lat' dir='ltr'>M.</span> <span class='ocrx_word' id='word_1_309' title='bbox 536 4458 566 4507; x_wconf 82' lang='lat' dir='ltr'>V.</span> <span class='ocrx_word' id='word_1_310' title='bbox 581 4458 689 4519; x_wconf 83' lang='lat' dir='ltr'>qnando</span> <span class='ocrx_word' id='word_1_311' title='bbox 742 4459 817 4510; x_wconf 74' lang='lat'>3421.</span> 
     </span>
    </p>
   </div>
   <div class='ocr_carea' id='block_1_5' title="bbox 0 0 1417 4890">
    <p class='ocr_par' dir='ltr' id='par_1_11' title="bbox 0 0 1417 4890">
     <span class='ocr_line' id='line_1_39' title="bbox 0 0 1417 4890; baseline 0 0"><span class='ocrx_word' id='word_1_312' title='bbox 0 0 1417 4890; x_wconf 95' lang='lat' dir='ltr'> </span> 
     </span>
    </p>
   </div>
  </div>
 </body>
</html>
