2804 4890
193 697 247 755 uu
269 697 595 755 sroumrcsrrous
618 697 776 755 sinuum
796 699 944 756 russas
967 700 1154 756 ΜΥετῐοΑ.
1199 686 1260 752 267

170 872 298 951 ejusque
311 871 401 934 beata
413 871 519 934 anima
533 871 572 934 ad
587 871 705 934 interos
718 871 1072 953 descendens—Appos
1084 871 1162 936 Dei:
1177 870 1257 934 Con-

171 966 269 1027 versio
289 964 463 1028 multorum
485 965 661 1027 videntium
681 964 835 1046 prodigia,
857 970 990 1028 mortem
1012 965 1141 1026 Domini
1164 965 1258 1027 comi-

170 1059 280 1121 tantia.

212 1152 271 1214 1v.
293 1152 546 1233 Apertioealicis
563 1158 595 1217 et
613 1152 817 1215 Communio:
837 1154 958 1234 Corpus
975 1153 1104 1217 Domini
1122 1174 1141 1215 a
1159 1152 1258 1215 Cruoe

170 1246 347 1327 depositum
364 1253 395 1309 et
412 1246 810 1327 sepultum—Antiphone
828 1248 1083 1308 Communiouis:
1103 1246 1258 1309 Dominus

171 1340 538 1420 resurgens—Sacerdos
558 1343 681 1403 vertens
701 1361 732 1402 se
751 1346 783 1403 et
802 1341 954 1420 populum
973 1340 1130 1403 salutans:
1150 1338 1257 1401 Domi·

170 1453 230 1495 nus
250 1433 408 1496 redivisus
429 1453 582 1514 apparens
602 1437 635 1496 et
654 1434 733 1496 dans
754 1454 861 1514 paoem
882 1433 1258 1515 discipulis-Postmm-

171 1527 330 1591 munionis
355 1528 512 1591 orationes
536 1531 568 1590 et
592 1527 666 1589 libri
690 1529 851 1590 clausura:
878 1526 1034 1591 Dominus
1059 1526 1172 1591 docens
1197 1526 1259 1590 dis-

171 1621 291 1702 cipulos
309 1642 365 1702 per
381 1622 590 1702 quodraginta
608 1621 684 1697 dies,
703 1642 738 1683 ae
757 1621 870 1684 deinde
890 1622 1057 1684 ascendens
1076 1621 1111 1683 in
1128 1621 1259 1684 coelum.

170 1714 412 1778 —Benedietim
428 1715 568 1796 Spiritus
581 1720 706 1778 sanetus
720 1715 892 1796 promissus
906 1715 939 1776 in
953 1715 1123 1795 discipulos
1136 1715 1260 1778 deseen-

172 1808 461 1871 dens.—Ultimum
487 1808 711 1889 Evangelium:
739 1809 884 1870 Christus
908 1808 1009 1889 gloria
1035 1811 1201 1871 coronatus
1226 1807 1261 1869 in

172 1902 265 1977 coelo,
279 1909 310 1966 et
326 1902 398 1964 inde
414 1902 585 1964 Ecclesiam
602 1923 711 1983 regens
727 1903 890 1965 docentem
905 1922 1012 1964 omnes
1026 1905 1146 1982 gentes,
1160 1901 1261 1965 omni·

172 1996 228 2058 bus
244 1996 363 2070 diebus,
379 2016 476 2076 usque
493 1996 531 2057 a‹l
549 1997 850 2058 consummationem
868 1995 992 2058 saeculi.

213 2094 242 2153 4.
266 2090 306 2151 ln
322 2091 371 2152 his
387 2089 681 2170 significationibus,
697 2090 790 2153 sicuti
808 2089 841 2151 in
858 2089 1015 2170 parabolis
1030 2093 1063 2152 et
1078 2088 1262 2153 similitudi·

171 2185 264 2246 nibus
278 2183 442 2264 Evangelii
458 2205 521 2245 non
535 2185 641 2245 onmia
654 2183 751 2245 nimis
765 2187 840 2267 sunt
854 2183 1004 2262 urgenda,
1018 2182 1066 2245 vel
1081 2180 1261 2246 omnimoda

172 2278 238 2341 fere
255 2278 426 2358 aequalitas
446 2279 528 2338 inter
545 2277 685 2357 singulos
703 2278 784 2338 ritus
803 2282 834 2340 et
852 2277 1002 2355 mysteria
1020 2276 1197 2357 significata
1214 2295 1261 2337 re-

173 2371 333 2452 quirenda.
379 2372 444 2434 Nec
466 2371 658 2445 mirandum,
680 2371 707 2431 si
729 2369 854 2449 quondo
875 2370 909 2431 in
932 2368 1176 2432 accidentalibus
1198 2369 1260 2431 dis-

172 2467 333 2546 crepantia
358 2465 441 2527 inter
465 2471 606 2526 arretores
630 2464 813 2543 reperiatur.
858 2463 1033 2538 Praeterea,
1058 2466 1096 2525 ut
1121 2463 1152 2526 S.
1179 2462 1260 2526 Pon-

174 2558 254 2622 tifex
269 2558 457 2622 Benedictus
474 2558 564 2618 xlv.
582 2557 681 2633 docet,
694 2556 941 2637 ripnificetioues
956 2554 1104 2637 mysticae
1120 2557 1260 2637 ejusdem

174 2652 220 2715 rei
232 2653 338 2735 plures
353 2673 416 2716 esse
430 2657 570 2734 possunt.
