2804 4890
253 670 583 728 OBSERVATIONES
596 675 649 727 DE
663 675 929 730 LECTIONIBUS
942 676 992 729 ET
1005 676 1178 734 HYMNIS.
1203 667 1265 731 383

169 841 306 921 exceptis
326 841 454 922 vigiliis,
474 862 551 923 quae
573 848 742 907 occurrunt
764 845 797 906 in
818 845 907 907 feriis
927 845 1100 925 majoribus
1125 845 1176 925 (in
1198 844 1263 908 Ad·

171 936 276 1010 ventu,
294 934 539 1016 Quadragesima
556 940 588 999 et
606 936 747 1011 Quatuor
764 936 981 1018 Temporibus,
999 938 1032 1000 in
1050 939 1164 1019 quibus
1182 938 1264 1000 nihil

171 1027 208 1090 fit
221 1027 260 1090 de
272 1027 381 1108 vigilia
396 1029 429 1090 in
442 1028 551 1104 officio,
564 1028 617 1091 sed
632 1030 665 1090 in
681 1029 778 1092 Missa
793 1032 936 1107 tantum;
947 1036 980 1094 et
994 1032 1132 1113 exceptis
1147 1029 1264 1112 vigiliis

171 1121 309 1184 infestis
327 1125 374 1182 1⁸⁰
389 1120 506 1197 classis,
525 1124 557 1183 in
575 1121 686 1202 quibus
702 1122 783 1186 nihil
802 1123 838 1185 fit
854 1123 892 1186 de
911 1121 1029 1202 vigilia,
1046 1126 1263 1205 praeterquam

170 1215 204 1276 in
220 1213 339 1295 vigilia,
358 1214 555 1296 Epiphaniae
573 1213 712 1278 Domini.

212 1307 343 1382 Quando
363 1328 419 1389 pro
438 1327 521 1370 nona
539 1308 670 1370 lectione
690 1308 807 1389 legitur
824 1310 965 1385 homilia,
984 1311 1018 1372 in
1038 1311 1136 1374 Missa
1153 1311 1192 1375 de
1211 1311 1262 1375 dia

169 1399 320 1462 ultimum
344 1400 551 1481 Evangelium
574 1399 692 1463 dicitur
716 1401 754 1464 de
776 1401 884 1465 eadem
908 1402 1084 1480 Dominica,
1109 1405 1156 1467 vel
1181 1403 1262 1467 feria

169 1497 225 1556 aut
243 1491 360 1573 vigilia.

210 1677 280 1741 243.
317 1679 517 1760 Hymnorum
545 1679 712 1754 conclusio,
738 1702 792 1745 seu
818 1683 932 1745 ultima
959 1686 1087 1764 stropha
1113 1685 1146 1746 in
1172 1685 1259 1746 festi-

168 1772 266 1834 vitate
299 1771 484 1835 Nativitatis
518 1773 646 1836 Domini
678 1778 710 1837 et
741 1773 887 1854 Corporis
919 1775 1038 1837 Christi
1071 1780 1103 1840 et
1133 1776 1165 1837 in
1198 1774 1260 1838 offi-

168 1863 225 1926 ciis
247 1865 283 1926 Β.
307 1863 350 1926 M.
374 1865 413 1927 V.
436 1871 579 1928 mutatur
600 1866 632 1927 in
654 1867 732 1929 Jesu
756 1865 814 1929 tibi
834 1868 877 1930 sit
898 1867 1008 1949 ylario,
1031 1868 1093 1946 Qui
1114 1871 1207 1931 notus
1229 1888 1260 1932 ca

169 1957 205 2020 dc
238 1957 378 2038 Viryine,
406 1959 575 2021 dummodo
603 1960 713 2039 hymni
742 1960 789 2022 illi
818 1961 882 2024 sint
911 1963 1053 2042 ejusdem
1081 1963 1175 2025 metri
1203 1982 1259 2026 nec

169 2050 303 2112 habeant
334 2050 492 2131 p1oprianr
525 2050 764 2115 conclusionem.
819 2052 974 2115 Similiter
1005 2055 1038 2114 in
1069 2053 1140 2116 aliis
1171 2054 1261 2116 festis

170 2141 299 2207 Domini
329 2142 408 2206 aliae
437 2143 657 2205 conclusiones.
714 2142 832 2207 (Simul
863 2145 901 2206 ud
933 2145 1074 2207 Primam
1105 2147 1138 2207 in
1168 2146 1259 2226 Resp.

171 2236 254 2298 brevi
277 2239 420 2298 mutatur
444 2256 549 2298 versus
575 2236 637 2312 Qui
658 2238 745 2299 aedes
769 2237 809 2298 ud
833 2237 992 2300 dexteram
1016 2238 1149 2317 Patris.)

210 2331 238 2388 2,
283 2327 415 2402 Quando
438 2330 470 2389 in
498 2329 641 2408 Vesperis
664 2334 694 2390 et
718 2329 929 2409 Completorio
952 2330 1109 2394 conclusio
1132 2333 1262 2412 proprio

168 2419 313 2483 facienda
331 2421 395 2483 sit?

216 2514 267 2591 (a)
296 2512 427 2586 Quando
456 2513 519 2576 duo
549 2512 647 2576 officia
677 2518 879 2589 concurrunt,
909 2533 1042 2593 quorum
1071 2517 1259 2578 alter-utrum

167 2606 265 2686 exigit
287 2607 493 2668 mutationem
520 2606 628 2684 (hodie
650 2607 809 2686 propriam
830 2607 1070 2683 conclusionem,
1090 2628 1158 2669 crus
1178 2627 1260 2671 corn-

169 2718 306 2773 munem,
336 2702 368 2760 et
396 2699 461 2761 vice
491 2701 610 2775 versa),
641 2702 717 2761 tunc
747 2699 780 2760 in
812 2699 959 2779 Vesperis
987 2707 1019 2764 et
1049 2699 1261 2780 Completorio

168 2790 296 2872 proprio
325 2789 482 2853 conclusio
512 2791 659 2865 sumitur,
691 2791 782 2854 modo
812 2792 958 2861 officium,
988 2792 1069 2872 quod
1101 2793 1261 2873 propriam

168 2883 267 2964 erigit
280 2882 521 2959 conclusionem,
538 2886 570 2945 in
588 2883 734 2962 Vesperis
750 2886 1035 2947 commemoratur.³

215 2979 266 3056 (b)
295 2977 427 3052 Quando
445 2978 507 3040 duo
525 2977 625 3039 officia
643 2983 845 3053 concurrunt,
863 2986 893 3040 ct
912 2983 1080 3060 ulnamque
1099 2981 1260 3061 propriam

170 3071 358 3149 hymnorum
385 3070 614 3132 conclusionem
644 3069 764 3143 haheat,
794 3070 928 3149 hymnus
957 3070 1162 3152 Completorii
1190 3090 1260 3134 con-

170 3161 344 3224 cludendus
375 3166 423 3224 est
450 3160 652 3223 'conclusione
681 3161 770 3224 illius
803 3162 906 3238 officii,
938 3163 977 3225 dc
1009 3176 1073 3243 quo¹
1103 3164 1259 3244 Vesperae

171 3257 309 3335 integrae
330 3255 376 3316 rel
400 3275 417 3316 a
440 3253 587 3334 Capitulo
609 3253 700 3316 fiunt.

212 3351 239 3410 3.
284 3347 324 3407 In
345 3348 461 3426 hymno
482 3347 545 3409 Istc
566 3345 743 3426 Confessum
764 3346 790 3407 si
810 3347 945 3409 officium
965 3347 1137 3411 celebretur
1157 3348 1190 3410 in
1211 3348 1262 3412 die

169 3440 272 3502 obitus
301 3439 420 3510 Sancti,
448 3438 566 3500 dicitur
592 3437 711 3501 Meruit
739 3439 842 3501 beatas
869 3439 1015 3503 scandere
1041 3440 1138 3512 sedes,
1165 3442 1261 3504 etiarn

169 3553 225 3613 per
259 3537 358 3595 totam
394 3538 544 3604 octavam,
579 3531 605 3592 si
642 3530 680 3593 de
716 3530 832 3594 Sancto
867 3531 1046 3594 celebretur.
1106 3533 1199 3607 Item,
1234 3534 1259 3595 si

171 3626 285 3687 festum
318 3625 433 3686 hahens
465 3629 616 3695 octavam,
648 3645 665 3684 a
697 3622 747 3684 die
779 3621 882 3683 obitus
913 3643 976 3683 non
1008 3623 1092 3685 ultra
1123 3631 1261 3685 octavum

169 3718 390 3783 transferatur.
417 3717 449 3776 in
477 3715 557 3778 festo
582 3719 613 3775 et
639 3713 766 3792 reliquis
792 3719 916 3776 octavae
941 3713 1050 3774 <liebus
1076 3716 1129 3793 qui
1156 3735 1261 3795 super·

170 3815 254 3883 aunt,
287 3809 442 3871 retinetur
474 3805 592 3868 llerarit
627 3807 740 3871 heolus,
775 3806 848 3885 quia
880 3809 946 3868 tota
979 3811 1087 3869 octava
1119 3811 1263 3870 censetur

170 3905 268 3983 ipsius
287 3903 357 3964 festi
377 3900 582 3963 continuatio.
624 3899 658 3960 si
679 3919 748 3960 vero
767 3898 883 3961 festum
902 3898 1015 3977 absque
1034 3904 1142 3962 octava
1161 3904 1262 3963 trans·

172 3998 291 4059 feratur
317 4017 335 4056 a
360 3995 411 4056 die
438 3993 541 4057 obitus
567 3993 601 4051 in
627 3990 710 4053 diem
739 3989 919 4053 immediate
945 3995 1135 4071 sequentem,
1162 4013 1218 4055 nec
1244 4012 1262 4055 a

170 4089 317 4169 capitulo
338 4088 392 4148 liat
413 4086 450 4147 de
471 4086 527 4148 hoc
547 4084 687 4162 sequenti
709 4082 759 4145 sed
783 4082 978 4148 solummodo
998 4086 1262 4156 commemoratio,

171 4185 203 4245 in
228 4183 387 4244 Matutino
409 4184 440 4241 et
463 4177 607 4239 secundis
632 4176 778 4256 Vesperis
801 4176 920 4239 dicitur
944 4175 1058 4240 meruit
1080 4199 1261 4259 arrpremoa:

170 4278 195 4338 si
218 4276 328 4339 saltem
350 4294 368 4335 a
391 4271 539 4351 Capitulo
560 4270 615 4332 fiat
636 4269 674 4330 de
698 4269 729 4330 S.
753 4268 937 4333 Confessore
959 4271 1121 4346 translato,
1145 4269 1260 4332 dicitur

501 4421 934 4486 mmmmfflm.
