2804 4890
146 670 207 737 284
292 680 346 740 on
368 681 766 742 rsansmnmonrnus
792 685 1100 745 suncmonmus.

404 959 435 1022 0.
468 958 513 1020 Dc
535 959 716 1021 Palmarum
737 960 978 1024 Distributionc.

189 1147 258 1212 178.
281 1148 473 1212 Distributio
487 1149 664 1230 palmarum
678 1150 715 1212 fit
729 1149 837 1213 eodem
854 1151 945 1231 plane
963 1150 1064 1227 modo,
1080 1155 1117 1214 ut
1133 1150 1239 1212 distri-

147 1237 235 1301 butio
253 1238 464 1310 candelarum,
484 1260 579 1314 supra
596 1261 626 1302 n.
648 1243 716 1303 162.

191 1329 358 1394 Celebrans
382 1331 482 1412 igitur
505 1332 644 1413 palmam
668 1353 687 1394 a
710 1333 853 1414 digniore
879 1334 1073 1414 Presbytero,
1098 1336 1143 1397 vel
1171 1336 1236 1415 ipse

147 1422 331 1504 genuflexus
344 1444 381 1488 ex
392 1424 502 1488 Altarc
514 1425 637 1507 accipit.
682 1426 783 1501 Tunc,
796 1428 857 1488 nisi
872 1428 983 1489 chorus
996 1432 1111 1503 cantet,
1126 1429 1236 1490 recitat

148 1517 225 1580 Ant.
239 1517 338 1580 Pueri
352 1519 576 1582 Hebraeorum.

191 1612 219 1673 2.
243 1608 365 1675 Deinde
395 1611 562 1674 Celebrans
592 1633 693 1674 ramos
723 1612 897 1689 distribuit,
928 1614 1019 1677 Olero
1049 1615 1087 1676 ad
1119 1615 1237 1686 Altero,

148 1703 274 1786 populo,
292 1705 318 1767 si
336 1706 402 1785 ipse
420 1705 504 1781 velit,
523 1706 562 1767 ad
579 1706 749 1781 concellos;
768 1706 926 1768 Diaconus
944 1729 961 1769 a
980 1708 1118 1769 sinistris
1137 1728 1238 1769 ramos

148 1799 293 1880 porrigit,
313 1798 529 1862 Subdiaconus
547 1820 565 1862 a
581 1799 700 1862 dextris
717 1798 853 1880 pluviale
872 1801 1019 1866 sustollit.

191 1891 303 1954 Postea
322 1912 434 1954 manus
452 1893 536 1955 lavat
555 1894 589 1953 in
608 1893 704 1955 latere
724 1893 893 1973 Epistolae.
938 1894 1059 1957 Deinde

191 1987 219 2047 3.
243 1984 394 2048 “Accedit
412 2007 468 2066 per
484 1986 656 2066 longiorem
675 1986 713 2048 ad
733 1987 842 2049 Altare
860 1993 891 2050 et
911 1989 943 2048 in
961 2007 1058 2047 cornu
1079 1986 1238 2066 Epistolac

148 2077 227 2140 dicit
246 2079 311 2158 (vel
325 2081 448 2157 cantat)
468 2079 624 2144 Dominus
639 2079 797 2143 vobiscum
813 2085 844 2143 et
859 2080 1005 2143 ultimam
1021 2079 1236 2141 Orationern.’'

191 2170 346 2235 “Interim
369 2172 490 2252 primus
513 2173 643 2233 clericus
665 2174 796 2253 apponit
819 2178 849 2234 et
872 2174 978 2235 firmat
1002 2175 1080 2235 vitta
1103 2172 1236 2233 violacea

148 2283 245 2326 unam
260 2284 297 2328 ex
313 2264 427 2346 palmis
444 2267 477 2327 in
494 2266 676 2329 summitate
693 2265 803 2327 Crucis
819 2264 1086 2346 processionalis.''

188 2499 225 2562 n.
263 2499 307 2560 Dc
323 2498 522 2561 Processionc
538 2499 572 2561 in
588 2499 752 2561 Dominioa
767 2500 948 2562 Palmarum
964 2500 1081 2578 absque
1098 2500 1195 2562 sacris

607 2593 775 2655 Ministris.

191 2780 259 2844 1⁷4.
283 2781 467 2861 “Completa
490 2781 660 2844 Oratione'’
682 2788 750 2861 post
771 2781 947 2861 palmarum
968 2781 1234 2845 distributionem.

148 2875 291 2955 “primus
314 2874 443 2936 clericus
467 2875 601 2953 porrigit
625 2874 801 2934 l'clcbranti
825 2881 855 2935 ct
879 2874 950 2935 aliis
973 2875 1093 2936 duobus
1116 2876 1236 2937 clericis

148 2967 267 3049 palmas
284 2975 314 3030 et
331 2967 520 3046 exemplaria
536 2968 632 3044 liujus
650 2967 841 3028 llcruorialis
858 2987 914 3047 pro
932 2967 1099 3031 recitandis
1117 2969 1150 3028 in
1167 2989 1235 3048 pro·

148 3059 315 3124 cessione.''

190 3158 218 3216 2.
242 3153 429 3215 “Celebrans
444 3160 551 3215 tcncns
566 3154 700 3233 palmam
717 3156 749 3214 in
764 3155 918 3226 manibus,
934 3155 1026 3215 vertit
1040 3175 1071 3216 sc
1085 3154 1124 3215 ad
1140 3174 1235 3233 popu-

147 3247 214 3310 lum
234 3252 263 3310 et
284 3246 393 3323 dicit,''
413 3247 458 3308 vcl
479 3251 594 3321 cantat,
615 3249 669 3307 “in
690 3247 792 3308 medio
812 3247 949 3308 Altaria:
970 3248 1180 3309 Procedomus
1203 3250 1232 3310 in

148 3362 241 3423 pace;
266 3344 296 3403 ct
322 3339 426 3401 clerici
453 3340 657 3419 respondent:
686 3341 723 3402 In
751 3341 876 3402 nonrinc
904 3341 1033 3403 (feristi.
1059 3343 1180 3407 Amen:
1205 3351 1232 3400 el

147 3435 313 3499 Celebrans
336 3434 477 3496 inchoat:
502 3435 580 3495 Crini
605 3434 881 3515 appropinquaret,
905 3433 995 3509 etc.,''
1019 3434 1064 3495 vel
1088 3438 1238 3506 cantores,

148 3525 173 3586 si
192 3524 307 3600 adsint,
326 3525 473 3586 inchoant
492 3531 522 3586 ct
542 3530 781 3604 prosequuntur.

189 3621 217 3680 3.
241 3618 422 3698 “Dirigitur
457 3618 619 3698 processio,
654 3617 812 3697 praecedit
846 3619 967 3697 primus
1000 3617 1131 3679 clericus
1165 3636 1234 3677 cunr

148 3713 263 3775 Cruce:
279 3713 420 3792 sequitur
434 3710 622 3774 Cclcbrarrs’'
635 3711 736 3790 capite
752 3717 842 3786 tecto,
856 3716 925 3792 post
942 3711 1079 3781 Clerum,
1094 3710 1235 3771 “medius

148 3807 231 3869 inter
249 3806 327 3867 duos
345 3806 482 3879 clericos,
502 3806 634 3866 recitans
653 3805 833 3867 alternatim
853 3826 924 3867 cum
944 3806 988 3867 eis
1007 3806 1071 3867 alta
1090 3809 1121 3867 et
1139 3822 1235 3883 aequa

148 3921 219 3963 voce
235 3921 319 3963 more
337 3899 529 3961 Clericorum
548 3898 775 3976 llcgularium⁶
793 3899 992 3979 Antiplronas
1009 3919 1087 3978 quac
1104 3917 1235 3977 sequun-

147 4001 210 4069 tur,
228 3994 267 4056 ad
287 4014 391 4055 versus
410 3992 563 4072 aptatas?⁸

188 4091 217 4150 4.
240 4086 448 4148 “Procedilur
464 4106 519 4166 per
535 4087 616 4148 latus
633 4086 777 4148 doxtrum
797 4086 989 4149 Celebranlis
1007 4093 1094 4148 extra
1111 4092 1233 4165 portam

147 4180 363 4262 principalem,
385 4181 543 4242 recitando
565 4187 599 4242 nt
622 4180 736 4241 inlrn.''
781 4181 813 4240 Si
837 4182 986 4241 (autores
1008 4180 1122 4248 adsint,
1144 4185 1234 4239 “carr-

148 4279 257 4337 tantur
276 4280 436 4355 sequentes
457 4274 657 4353 Antiplronac
677 4274 719 4335 rel
742 4294 848 4334 ornnes
869 4275 913 4334 vol
934 4274 1055 4352 aliquae
1075 4292 1233 4352 quousque¹

147 4367 241 4430 durat
257 4367 465 4448 processio.''⁶
515 4366 605 4444 (l'id.
627 4367 855 4427 Proccssionnlc
874 4367 979 4441 llom.)

183 4530 194 4563 ⁸
214 4523 294 4575 Mem.
314 4524 369 4574 Rit.
389 4522 428 4573 ll.
448 4524 471 4574 2.
756 4528 767 4559 ⁶
789 4525 840 4574 llil.
861 4528 935 4578 nors.
