2804 4890
163 692 223 758 108
451 702 569 759 RITUS
594 702 741 759 MISSAE
765 703 974 760 PRIVATAE.

586 1028 700 1101 ΛΒΤ.
725 1029 829 1101 XIV.

333 1213 386 1268 DE
411 1214 517 1268 MODO
545 1216 780 1266 PARTICULAS
807 1213 1079 1268 CONSECRANDI.

205 1379 254 1444 71.
278 1379 457 1446 Particulae
473 1381 562 1463 prius
578 1402 596 1444 a
613 1382 800 1461 fragmentis
817 1381 1058 1444 adhaerentibus
1075 1386 1150 1444 sunt
1167 1379 1253 1462 puri-

164 1474 312 1551 ficandae,
330 1476 394 1538 sive
411 1474 512 1537 cribro
530 1475 628 1538 aliove
646 1476 866 1548 instrumento,
884 1475 948 1538 sive
965 1475 1103 1553 digitum
1121 1475 1252 1537 eircum-

163 1568 314 1632 ducendo.
360 1569 395 1631 Si
421 1589 537 1650 paucae
564 1569 639 1644 sint,
665 1569 790 1630 circiter
816 1588 878 1643 sex,
907 1568 1055 1630 Sacerdos
1083 1589 1133 1631 eas
1161 1587 1254 1647 super

163 1668 310 1743 patenam
326 1682 440 1743 ponere
458 1666 569 1741 potest.
615 1662 710 1724 Secus
728 1663 809 1724 locat
825 1683 876 1724 eas
894 1682 987 1741 super
1005 1661 1162 1741 corporale
1180 1665 1253 1722 ante

163 1756 301 1831 calicem,
322 1755 488 1835 paululum
509 1756 548 1818 ad
570 1776 667 1817 cornu
691 1755 865 1835 Evangelii,
888 1757 935 1818 vel
957 1756 1061 1836 potius
1084 1756 1118 1816 in
1139 1753 1253 1834 pyxide

163 1868 217 1911 seu
239 1849 355 1911 ciborio
378 1849 425 1912 vel
448 1849 483 1910 in
505 1850 566 1912 alie
588 1848 683 1911 calice
706 1854 789 1913 retro
813 1855 882 1929 post
905 1848 1042 1923 calicem,
1067 1849 1113 1910 vel
1138 1848 1175 1912 ob
1199 1867 1252 1909 an·

120 1984 129 2000 .
162 1943 300 2023 gestiam
328 1940 444 2023 lapidis
473 1941 639 2023 paululum
668 1943 707 2005 ad
737 1942 925 2004 alterutrum
955 1943 1251 2021 latus—nunquam

163 2056 234 2099 vero
255 2035 288 2097 in
307 2035 369 2099 alio
388 2036 542 2116 corporali
563 2036 766 2116 complicato;
786 2040 817 2099 el
838 2037 976 2115 contegit
995 2057 1048 2098 vas
1069 2035 1148 2097 illud
1170 2035 1253 2115 palla

164 2129 210 2192 vel
232 2134 346 2209 patena
366 2134 421 2192 aut
442 2129 623 2209 cooperculo
644 2150 710 2204 suo,
732 2129 784 2191 sed
805 2129 919 2209 absque
941 2129 1007 2193 velo
1029 2150 1093 2193 suo.
1139 2129 1253 2190 Hostia

164 2224 267 2301 major
288 2243 344 2303 pro
367 2225 538 2286 ostensorio
561 2223 691 2303 ponitur
715 2224 747 2284 in
771 2228 894 2302 patena,
917 2228 1041 2303 etpost
1064 2223 1253 2287 oblationem

163 2336 256 2398 super
272 2316 431 2398 corporale
449 2316 622 2379 lateraliter
639 2323 712 2379 ante
731 2317 857 2378 calicem
876 2337 893 2378 a
911 2317 1040 2379 sinistra
1059 2317 1253 2379 Celebrantis

163 2433 179 2474 e
202 2411 327 2490 regione
350 2410 480 2472 alterius
502 2411 621 2472 hostiae
645 2411 791 2490 majoris;
816 2410 860 2474 vel
887 2411 912 2472 si
937 2411 971 2471 in
994 2409 1104 2471 lunula
1128 2410 1253 2471 difficile

162 2505 263 2584 aptari
282 2505 390 2585 possit,
407 2504 578 2565 consecrari
597 2508 699 2583 potest
718 2505 750 2565 in
767 2504 834 2583 ipsa
852 2504 971 2577 lunula,
989 2504 1169 2590 supradicto
1186 2503 1253 2565 loco

162 2598 273 2678 posita.

205 2695 233 2754 2.
256 2690 308 2753 Ad
332 2690 547 2767 Offertorium,
572 2695 738 2770 antequam
767 2691 915 2753 Sacerdos
939 2697 1085 2772 patenam
1111 2691 1252 2771 recipiat,

162 2782 311 2848 “calicem
324 2784 416 2847 illum
428 2805 482 2846 seu
495 2805 547 2848 ras
561 2784 671 2847 dextra
685 2785 882 2864 discooperit,
896 2790 927 2848 et
942 2786 1149 2848 intentionem
1164 2806 1252 2846 suam

162 2878 257 2943 etiam
286 2878 326 2940 ad
353 2878 424 2940 illas
451 2878 625 2941 offerendas
653 2878 792 2957 dirigens
819 2878 913 2939 dicit:
938 2879 1108 2960 Suseipe,·''
1136 2883 1252 2960 postea,

163 2975 278 3053 patena
293 2971 444 3053 deposita,
460 2972 561 3034 “illud
577 2971 745 3053 cooperit.''

204 3068 233 3128 3.
257 3065 308 3128 Ad
330 3065 613 3140 Consecrationem,
636 3069 802 3145 antequam
826 3067 927 3128 dicat:
951 3067 1014 3144 Qui
1035 3067 1147 3149 pridie,
1171 3066 1252 3129 cibo-

161 3160 246 3222 rium
257 3157 423 3241 psululum
435 3158 579 3223 admovet
593 3179 697 3223 versus
710 3161 850 3221 ‹leutram
865 3180 954 3221 suam
972 3160 1099 3238 (saltem
1113 3161 1138 3221 si
1153 3160 1252 3222 obstet

163 3253 290 3316 lectioni
307 3252 471 3317 verborum
489 3252 771 3323 Consecrationis),
790 3253 930 3333 illudque
948 3274 1044 3315 ruanu
1063 3254 1173 3317 dextra
1190 3253 1251 3315 dis-

162 3348 308 3429 cooperit.
353 3346 429 3409 Post
448 3347 650 3410 elevationem
671 3346 800 3420 hostiae,
820 3345 1036 3424 genuflexione
1056 3346 1150 3421 faeta,
1171 3346 1251 3407 illud

162 3442 300 3522 cooperit
315 3446 347 3504 et
363 3441 486 3521 reponit
503 3440 569 3502 loco
585 3460 645 3520 quo
662 3439 750 3519 prius
766 3444 841 3502 erat.

204 3541 232 3598 4.
256 3534 389 3611 Quando
409 3535 528 3597 hostiae
549 3539 742 3595 consecratae
765 3536 982 3613 reponuntur?

209 3631 259 3709 (α)
289 3629 323 3692 Si
351 3649 445 3710 super
470 3627 621 3708 corporali
649 3634 843 3689 consecratae
870 3633 954 3701 sunt,
980 3649 1035 3691 nec
1063 3628 1252 3691 Communio

163 3723 380 3787 distribuenda
398 3743 455 3785 uer.
474 3723 563 3802 pyxis
583 3742 639 3801 pro
658 3721 745 3781 noris
766 3722 874 3782 hostiis
895 3721 1091 3801 purificanda
1110 3724 1162 3798 sit,
1181 3727 1252 3802 post

162 3819 373 3898 sumptionem
392 3838 415 3878 s.
435 3817 553 3877 bestiae
573 3819 735 3894 ponuntur
755 3815 786 3874 iri
806 3815 919 3894 pyxide
944 3814 1008 3893 (vel
1028 3816 1131 3895 major
1148 3817 1252 3879 hostia

162 3913 195 3974 in
215 3912 366 3987 lunula);
385 3910 457 3971 dein
477 3908 670 3986 colliguntur
691 3907 878 3985 fragmenta,
898 3913 929 3972 et
948 3913 1020 3989 post
1039 3911 1251 3991 sumptionem

163 4004 334 4085 Sanguinis
356 4002 446 4084 pyxis
474 4001 537 4080 (rel
561 4000 784 4079 ostensorium)
813 4001 846 4062 in
869 4000 1105 4064 tabernaculum
1127 4005 1251 4083 reponi·

161 4103 237 4164 tur.¹

197 4251 271 4303 101.
300 4251 370 4302 Rub.
400 4249 476 4300 Miss.
506 4248 560 4298 Tit.
591 4247 625 4298 X.
656 4249 679 4296 5.
732 4245 815 4308 juxta
842 4246 911 4296 alios
940 4251 1002 4311 post
1032 4246 1148 4311 primam
1177 4246 1254 4297 ablu·

159 4329 248 4380 Juxta
280 4329 410 4393 quosdam
445 4329 569 4376 auctores
602 4323 681 4388 pyxis
733 4322 841 4386 tionem,
867 4322 907 4373 vel
933 4323 960 4372 in
986 4322 1037 4373 fine
1062 4322 1164 4374 Missae
1194 4323 1254 4384 (vix

162 4406 257 4456 statim
278 4409 342 4455 ante
362 4403 542 4467 sumptionem
565 4400 679 4461 Sangui·
732 4399 807 4463 prob.
832 4400 884 4447 nisi
912 4399 1052 4448 deficiente
1075 4397 1255 4451 tabernaculo

160 4483 206 4536 nis
235 4482 263 4534 in
294 4481 500 4534 tabernaculum
531 4477 680 4543 reponitur,
733 4475 834 4540 inipso
852 4474 969 4537 Alteri).
