2804 4890
225 695 278 750 AB
302 695 506 751 ORATIONE
529 698 730 754 DOMINIOA
753 701 808 754 AD
832 701 960 756 FINEM
982 702 1141 758 MISSAE.
1179 691 1240 753 257

146 874 178 931 et
203 867 438 946 benedictionis,
464 876 496 933 et
519 878 657 953 praestat
681 872 771 934 nobis
797 893 851 953 per
878 873 1149 950 Communiouem,
1175 893 1236 954 qua

146 962 250 1042 gratia
262 968 294 1025 et
307 964 452 1025 omnibns
466 964 555 1027 bonis
568 964 734 1044 replemur,

190 1059 218 1119 3.
243 1056 342 1137 Signa
357 1057 467 1119 Crucis
482 1059 672 1137 significant,
687 1060 977 1135 sanctificationem,
994 1061 1236 1124 vivificationem

148 1154 178 1212 et
205 1149 453 1213 benedictionem
480 1173 544 1214 esse
572 1152 695 1214 fructus
723 1153 833 1215 Crrreis
859 1158 890 1216 et
919 1153 1078 1216 Passionis
1106 1153 1235 1214 Domini

148 1243 296 1324 nobisque
310 1264 348 1306 ex
364 1244 481 1307 virtute
497 1246 678 1325 meritisque
694 1247 853 1308 Passionis
868 1248 1040 1327 provenire.

191 1341 219 1400 4.
241 1338 305 1401 Per
323 1338 438 1421 ipsura,
458 1340 532 1419 qnia
552 1341 707 1415 Christus,
726 1346 763 1402 nt
784 1340 998 1415 licus-Homo,
1016 1345 1063 1403 est
1083 1341 1236 1403 mediator

151 1432 233 1493 inter
246 1430 349 1494 Deum
364 1436 395 1494 et
408 1432 560 1506 homines,
575 1437 606 1494 et
623 1455 693 1495 cern
708 1434 786 1514 ipso,
802 1433 875 1512 qnia
890 1436 936 1495 est
951 1453 1083 1513 persona
1097 1433 1203 1493 divina
1218 1453 1236 1493 a

151 1526 244 1589 Patre
262 1531 295 1588 et
314 1526 435 1606 Spiritu
458 1528 573 1588 Sancto
592 1526 752 1597 distincta,
770 1535 801 1590 ct
822 1529 854 1590 in
875 1529 949 1608 ipsos.
970 1527 1042 1608 quia
1067 1532 1138 1607 (per
1157 1527 1236 1589 “cir-

142 1618 452 1695 cuminsessionem'')
471 1625 519 1682 est
529 1640 612 1681 unus
625 1620 709 1680 Dens
721 1640 795 1682 eum
808 1621 902 1682 Patre
914 1627 945 1683 et
960 1619 1098 1699 Spiritus
1113 1617 1238 1695 Sancto,

151 1719 196 1778 cat
222 1712 281 1776 tidi-
306 1714 371 1776 Deo
398 1714 490 1775 Petri·
515 1715 735 1795 oranipotenti,
761 1717 796 1777 in
822 1716 944 1778 anitate
972 1714 1114 1797 Spiritus
1139 1715 1242 1779 sancti

150 1805 251 1868 omnia
271 1809 371 1869 donor
390 1812 419 1870 et
439 1806 547 1887 pieria.
591 1808 655 1870 Per
673 1809 780 1871 onznia
797 1809 920 1870 sacerdo
938 1809 1143 1870 saeculorum.
1187 1805 1237 1866 Ad

151 1900 254 1979 priora
270 1901 362 1964 rerba
376 1923 433 1982 per
448 1901 561 1981 ipmrrn,
576 1907 633 1964 etc.
653 1901 801 1965 Sacerdos
816 1903 935 1965 format
950 1908 1012 1964 tres
1028 1902 1142 1965 Cruces
1158 1903 1243 1964 intra

149 1993 230 2055 labia
243 1995 349 2056 calicis
363 2015 456 2074 super
469 1996 664 2071 sangninem,
679 2001 707 2056 et
723 2015 909 2075 prosequens
925 1998 970 2056 cat
986 1993 1124 2057 attineo
1138 1994 1238 2059 Patri.

150 2089 207 2147 etc.
230 2084 308 2147 duas
331 2084 445 2147 Cruces
469 2086 585 2147 format
607 2090 695 2148 extra
718 2086 855 2160 calicem,
878 2086 1059 2165 significans
1081 2085 1139 2146 hoe
1161 2083 1237 2158 ritu,

152 2178 234 2257 quod
248 2177 332 2240 solus
350 2179 451 2242 Filius
467 2185 503 2241 nt
518 2179 611 2241 homo
628 2181 812 2259 sangninem
830 2178 959 2254 fuderit,
976 2199 1040 2241 non
1055 2198 1127 2242 vero
1145 2178 1239 2239 Pater

151 2275 183 2334 et
201 2271 340 2352 Spiritus
358 2272 501 2335 Sanctus.

192 2364 243 2427 Ad
260 2366 353 2428 verba
372 2365 472 2429 omnis
492 2369 591 2428 donor
609 2374 638 2429 ct
656 2367 757 2448 qlorio
776 2367 925 2429 Sacerdos
944 2366 1044 2429 eierat
1061 2365 1189 2427 calicem
1208 2368 1239 2426 et

152 2458 296 2533 hostiam,
314 2464 351 2521 ut
365 2459 423 2521 hoe
442 2459 523 2539 qnod
541 2482 592 2521 ore
610 2460 769 2539 exprimit,
786 2461 907 2521 actione
926 2458 1155 2521 dernenstret.⁴⁷

194 2552 257 2616 Hic
269 2552 383 2615 finitur
397 2552 516 2630 Canon,
530 2557 562 2614 et
576 2553 688 2633 incipit
702 2552 899 2634 praeparatio
913 2552 953 2613 ad
968 2552 1238 2613 Communiouern.

583 2880 696 2950 ΛΒΤ.
722 2879 809 2950 VII.

187 3065 236 3114 aa
259 3064 451 3115 onnrrous
474 3063 664 3115 uorrrxrca
689 3064 810 3129 isoes
835 3064 886 3115 Au
910 3064 1034 3115 urrisu
1057 3062 1205 3114 nissen.

198 3238 265 3300 151.
291 3239 400 3301 Oratio
426 3237 590 3300 Dominica
614 3239 700 3316 ‹prrrsi
724 3236 891 3317 conjungit
915 3241 1036 3317 partem
1060 3234 1244 3316 praeceden-

155 3340 228 3409 tem,
255 3333 288 3393 in
316 3352 377 3412 qna
401 3331 553 3412 primaria
580 3332 661 3392 ratio
687 3331 849 3392 sacrificii:
879 3330 1103 3409 Soractifieetur
1130 3349 1242 3392 nomen

155 3434 255 3497 truria,
270 3436 339 3501 ete„
355 3448 425 3487 cnm
442 3426 639 3505 subsequenti
658 3431 746 3505 parte
764 3425 796 3487 in
812 3447 871 3505 qna
890 3426 1053 3505 praecipue
1070 3424 1248 3487 intenditur

155 3519 360 3581 sanctificatio
386 3517 522 3578 hominis
548 3538 602 3596 per
627 3517 684 3578 SS.
712 3517 927 3579 Eucharistiae
953 3514 1245 3596 participationem:

155 3614 272 3674 I'errern.
290 3616 432 3674 nostruin
449 3611 609 3692 quotidiam
617 3634 679 3684 rrrn,
695 3620 752 3673 ete.
781 3612 890 3673 Oratio
908 3611 1084 3684 Dorninica,
1100 3609 1246 3672 “Brevia-

156 3706 238 3766 rium
269 3705 366 3767 totins
397 3703 602 3781 Evanmlii’*
634 3704 726 3777 juxta
757 3702 788 3763 S.
819 3701 1049 3779 Hieronymum
1078 3720 1116 3762 ex
1147 3700 1244 3779 ipsias

158 3799 277 3861 (irrisu
304 3798 503 3860 institutione
529 3798 561 3857 in
588 3795 733 3873 Iritnrein
760 3796 925 3857 recitatur:
951 3795 1026 3855 “Sic
1050 3793 1157 3857 docuit
1182 3793 1244 3853 dis-

156 3892 276 3973 cipulos
294 3913 365 3954 snos
384 3897 418 3953 nt
437 3891 576 3971 qnotidie
597 3892 628 3952 in
648 3889 794 3970 Corporis
814 3889 899 3949 iltius
917 3887 1069 3950 sacrificio
1086 3886 1246 3949 eredentes

157 3987 293 4049 audeant
311 3987 412 4065 loqui:
436 3987 527 4046 t‘ater
543 3990 657 4051 noster,
675 3987 726 4064 qni
746 4005 777 4045 es
796 3984 826 4042 in
846 3982 948 4053 coelis,
965 3979 1044 4043 ete.”
1089 3980 1127 4041 In
1145 3980 1244 4041 omni-

157 4083 214 4141 bns
228 4081 382 4154 Litnreiis
397 4079 614 4159 praemittitur
626 4077 781 4159 praefatio
796 4076 963 4156 quaedam:
978 4076 1151 4157 praeceptis
1162 4075 1246 4137 sairr-

158 4175 287 4247 taridus,
308 4178 366 4239 ete.
390 4174 436 4237 vel
459 4174 534 4254 qnid
556 4172 667 4237 simile.

201 4269 240 4329 In
263 4268 324 4331 fine
348 4269 497 4330 Sacerdos
519 4278 635 4328 secreto
658 4264 822 4344 respondet
844 4264 956 4329 Amen.
979 4263 1098 4342 dequo
1121 4262 1245 4323 Cateetr.

159 4364 266 4426 Rom:
286 4363 445 4424 “Ecclesia
466 4364 498 4424 in
519 4360 671 4424 sacrificio
691 4358 815 4430 Missae,
834 4377 905 4418 cnm
926 4357 1152 4437 pronuntiatur
1172 4356 1246 4419 Ora-

241 4545 267 4581 ⁴⁷
287 4540 330 4591 Cf.
347 4556 372 4590 n.
391 4541 449 4601 147,
466 4541 489 4591 7.
769 4542 780 4575 ²
800 4534 906 4589 'Pertuk
