2804 4890
591 691 645 747 DE
667 692 839 747 CANONE.
1200 682 1259 742 255

168 866 277 948 jungit
284 864 333 944 3⁴⁰
351 863 408 929 alii
427 885 499 929 vero
518 886 581 928 non
602 865 693 945 pauci
714 884 769 945 per
789 865 872 925 hune
893 865 1056 927 “sanctum
1077 861 1256 944 Angelurn''

170 961 354 1042 intelligunt
373 959 530 1040 Spiritum
549 960 712 1034 Sanctum,
729 957 901 1020 “missum’'
925 958 1257 1039 (angelus=nuntius,

170 1055 313 1133 missus).
349 1054 408 1117 t’ti
424 1052 559 1134 Spiritui
575 1058 683 1115 sancto
696 1072 752 1132 per
765 1052 1052 1133 appropriationem
1068 1051 1258 1114 adscribitur

169 1147 358 1210 consecratio
377 1147 512 1227 (pariter
526 1168 560 1207 ac
574 1146 782 1222 incarnatio),
795 1146 840 1207 sie
854 1165 909 1225 per
924 1147 1026 1225 ipsum
1040 1165 1077 1207 ex
1092 1145 1150 1207 hoc
1163 1144 1257 1206 sacri-

170 1241 240 1306 ficio
255 1243 363 1305 “onmi
378 1241 593 1303 benedictione
609 1240 733 1301 coelesti
749 1245 780 1301 et
795 1241 898 1319 gratia
915 1239 1120 1320 repleamur.''
1166 1240 1258 1302 Prae-

169 1339 253 1398 terea
269 1335 380 1398 dicunt
398 1334 477 1395 hanc
496 1334 679 1395 ttrationem
697 1333 935 1413 correspondere
953 1334 1091 1415 Epiclesi
1108 1354 1162 1395 seu
1180 1331 1256 1394 cele-

170 1429 321 1492 berrimae
342 1429 395 1491 isti
416 1427 605 1490 invocationi
629 1426 767 1507 Spiritus
790 1427 909 1502 Sancti,
930 1447 1008 1507 quae
1029 1428 1063 1489 in
1083 1426 1173 1488 nulla
1192 1446 1257 1488 om·

168 1526 244 1588 nino
259 1526 390 1606 antiqua
404 1525 551 1602 Liturgia
567 1524 661 1586 deest.
706 1524 773 1604 (Oi.
791 1545 822 1585 n.
842 1528 911 1597 1:32),
930 1527 973 1597 t.)

212 1615 354 1696 Denique
371 1615 464 1678 multi
484 1618 659 1676 ”Sanctum
677 1612 856 1694 Angelum”
875 1614 1060 1693 intelligunt
1078 1634 1170 1676 sensu
1189 1614 1257 1676 lite-

171 1711 240 1785 rali,
259 1708 394 1790 aliquem
413 1729 451 1771 ex
469 1709 652 1771 caelestibus
672 1708 835 1788 spiritibus
854 1708 904 1769 cui
924 1728 961 1769 ex
979 1708 1078 1772 officio
1097 1708 1259 1771 incumbat

170 1804 358 1867 sacrificanti
375 1804 490 1878 adesse,
507 1824 579 1864 curn
596 1802 755 1883 adjurare,
772 1803 907 1882 dirigere
924 1804 1053 1883 ejusque
1070 1823 1174 1883 preces
1192 1802 1258 1865 Deo

171 1897 281 1961 offerre
308 1899 421 1977 (Apoc.
446 1897 542 1958 t'111.
566 1901 595 1973 3,
617 1899 669 1976 4),
692 1897 755 1958 sive
776 1897 905 1975 angelus
927 1916 1049 1976 praeses
1072 1897 1181 1977 templi
1203 1899 1260 1958 aut

172 1989 301 2067 Altaria,
320 1992 384 2053 sire
404 1991 544 2071 Angelus
563 1996 666 2053 custos
687 1990 891 2065 Celebrantis,
911 1991 975 2054 siue
995 1991 1075 2052 alius
1096 2012 1114 2052 a
1134 1990 1199 2052 Deo
1219 1989 1259 2052 ad

172 2083 205 2146 id
227 2085 427 2159 constitutus,
450 2085 514 2147 siue
537 2103 686 2146 numerus
710 2083 879 2162 singularis
901 2084 1022 2163 positus
1045 2103 1102 2164 pro
1125 2083 1258 2164 plurali:

173 2179 368 2242 “ministerio
393 2177 606 2259 angeloru1n.''

213 2277 241 2335 8.
265 2272 358 2335 Infra
380 2274 459 2334 hanc
484 2272 666 2334 ttrationem
690 2273 855 2354 Supplices
881 2273 1030 2335 Sacerdos
1053 2293 1108 2354 per
1131 2272 1261 2334 modum

173 2366 336 2428 humiliter
366 2366 573 2446 supplicantis
603 2366 760 2446 profunde
791 2367 962 2427 inclinatus
992 2367 1118 2444 junctas
1148 2385 1260 2426 manus

173 2480 265 2539 super
286 2460 396 2522 Altare
419 2464 511 2521 tenet.
557 2459 603 2520 lte
626 2459 727 2520 tribus
750 2459 859 2520 Crucis
881 2459 979 2538 signis
1001 2478 1093 2537 super
1115 2458 1260 2533 hostiam,

173 2554 300 2616 calicem
314 2559 345 2617 et
360 2555 464 2634 ipsum
480 2554 680 2615 Sacerdotem
696 2553 727 2614 S.
744 2554 880 2614 Thomas
896 2554 1001 2615 docet:
1018 2553 1261 2632 “Repraesenta-

174 2652 228 2709 tur
249 2648 388 2711 extensio
411 2648 568 2726 Corporis,
591 2655 623 2710 et
645 2647 756 2711 cllusio
781 2647 962 2725 Sanguinis
985 2653 1016 2710 ct
1040 2648 1164 2708 fructus
1188 2646 1261 2707 Pas-

174 2741 270 2803 sionis
285 2761 341 2821 pcr
355 2742 471 2802 trinam
487 2742 797 2820 crinesignationern,
813 2761 890 2820 quae
905 2741 942 2801 fit
957 2761 1051 2821 super
1065 2740 1129 2802 illis
1144 2740 1261 2801 verbis:

172 2836 293 2915 Corpus
312 2839 342 2898 et
363 2835 557 2915 Saripaincm
577 2835 814 2916 siiazpscrimaa,
834 2837 920 2897 orriai
940 2835 1164 2908 bencdictione,
1184 2835 1263 2898 etc.'’

218 3038 285 3099 149.
303 3040 564 3102 Commemoratis
580 3060 633 3102 scu
647 3038 807 3100 Memento
822 3055 877 3115 pro
892 3037 1069 3115 Delunotis,
1084 3060 1137 3102 seu
1153 3038 1262 3101 Oratio

175 3152 268 3212 super
284 3131 432 3212 diptycha
456 3133 510 3205 (de
528 3154 589 3212 qua
606 3152 699 3211 supra
717 3152 748 3194 n.
770 3135 838 3207 lli,
857 3136 907 3207 ⁶2).
954 3133 1014 3192 I'ro
1034 3133 1111 3194 viris
1130 3133 1165 3194 fit
1183 3153 1264 3196 eom-

174 3226 358 3288 memoratio
371 3230 443 3288 ante
458 3226 741 3299 t‘onsecrationem,
755 3225 829 3304 quia
840 3227 927 3306 quasi
942 3226 1080 3287 otlcrunt
1098 3227 1189 3305 t“qui
1204 3225 1261 3286 tibi

174 3317 349 3395 offerunt’')
364 3338 372 3392 ;
387 3319 546 3379 ‹letiuntis
561 3325 664 3379 tarrren
681 3318 802 3380 anobis
817 3319 940 3379 fructus
955 3320 1164 3398 applicantur.
1211 3319 1263 3381 Fit

175 3431 231 3492 pro
248 3413 298 3487 iis,
314 3412 388 3491 “qui
406 3433 461 3472 nos
477 3416 712 3491 praecesserunt
728 3432 798 3474 cunr
817 3412 906 3490 signo
924 3412 993 3472 fidei
1007 3410 1034 3483 ;'’
1053 3412 1264 3474 exeluduntur

177 3506 275 3586 igitur
289 3507 343 3586 qui
356 3518 445 3568 extra
458 3506 710 3567 communionem
724 3505 880 3567 Ecclesiae
895 3505 1011 3566 mortui
1026 3510 1111 3575 sunt,
1126 3526 1182 3586 pro
1197 3505 1264 3585 qui·

175 3600 232 3661 bus
252 3599 391 3662 Ecclesia
411 3620 473 3661 non
494 3599 683 3659 rnnninatim
702 3604 781 3675 orat,
801 3597 854 3660 sed
876 3599 909 3659 in
929 3618 1041 3677 genere
1061 3603 1187 3660 tantum
1206 3620 1263 3681 pro

175 3694 319 3757 omnibus
341 3695 375 3757 in·
398 3694 522 3756 t'leristo
545 3693 783 3774 qnatcmama.
806 3694 826 3756 i.
848 3715 874 3756 e.
897 3696 992 3755 etiinn
1015 3714 1070 3774 pro
1094 3695 1267 3767 haereticis,

174 3791 242 3862 etc,
267 3788 482 3850 materialibus
510 3788 555 3849 rel
585 3808 655 3849 vcra
680 3788 869 3849 contritione
896 3787 1113 3849 rccmniliatis.
1141 3787 1267 3848 “lucin

175 3886 248 3955 stat,
265 3882 367 3960 ipsnin
385 3882 582 3941 Sacerdotem
599 3881 694 3942 talem
710 3880 937 3943 caeremoniam
960 3888 1017 3953 (se.
1035 3880 1209 3955 Memento)
1231 3885 1269 3941 ut

175 3994 336 4053 personam
358 3974 513 4053 publicani
534 3973 729 4053 perlicerent
749 3972 937 4033 sacriticiurn
955 3993 992 4034 cx
1012 3994 1143 4054 persona
1163 3973 1266 4035 llcclo-

175 4067 237 4128 siae
264 4067 327 4126 lteo
352 4067 538 4129 ntlerre--et
562 4070 666 4127 tainen
692 4066 786 4128 simul
812 4073 848 4129 ut
872 4066 1031 4146 privatum
1058 4065 1137 4127 iuml
1165 4065 1266 4146 ipsum

175 4159 285 4222 ‹iilcrre
310 4160 469 4239 lteuniqne.
491 4180 546 4240 per
567 4160 669 4239 ipsum
691 4158 872 4239 proaliquo
893 4157 1121 4239 ‹leprecuri.''⁴¹

221 4253 247 4312 2.
271 4250 442 4312 Itomni'nnt
461 4251 492 4312 in
512 4271 620 4313 sorrrno
638 4249 734 4330 pacis,
751 4249 772 4310 i.
790 4270 816 4311 e.
834 4250 1033 4312 decesserunt
1049 4251 1082 4311 in
1100 4270 1175 4330 pace
1192 4249 1265 4311 fidei

178 4345 346 4405 catholicae
374 4345 533 4423 (inscript,
558 4344 589 4404 in
612 4343 750 4422 antiquis
773 4342 978 4422 sepulchris),
999 4349 1031 4408 et
1053 4342 1266 4405 resurrecturi.

263 4537 289 4569 ιο
309 4530 409 4580 Bencd.
432 4530 509 4583 xlv,
786 4535 812 4569 ⁴¹
832 4527 959 4582 Coninclr.
