2804 4890
265 702 320 758 DE
342 703 485 760 caucls
507 703 799 759 DENUDATIONE
820 704 871 760 ET
892 703 1163 761 ADORATIONE.
1205 693 1267 757 309

216 878 242 936 t.
266 873 453 937 “Celebrans
473 874 665 938 excalceatus
684 874 825 956 procedit
844 875 883 936 ad
903 875 1117 940 adorationem
1139 876 1259 953 Crucis,

172 988 265 1048 quam
281 968 394 1049 primo,
409 968 555 1043 secundo,
570 973 602 1032 et
617 970 711 1030 tertio
726 989 798 1031 cum
813 968 920 1032 debita
934 969 1117 1045 distantia,''
1134 971 1154 1033 i.
1170 992 1195 1035 e.
1212 971 1260 1032 in-

173 1060 301 1122 tervallo
318 1061 415 1123 trium
434 1061 499 1122 fere
515 1080 664 1141 passuum
681 1063 764 1123 inter
780 1061 915 1141 primam
931 1067 963 1124 et
980 1062 1147 1125 secundam
1166 1065 1259 1142 atque

175 1157 257 1218 inter
274 1156 440 1218 secundam
459 1161 490 1220 et
508 1157 635 1219 tertiam
653 1156 903 1237 genuflexionem
923 1156 1073 1221 “adorat''
1091 1157 1263 1239 genuflexi·

171 1267 229 1309 one
252 1251 383 1327 utroque
405 1268 488 1326 genu
510 1268 581 1309 cum
604 1247 688 1310 brevi
713 1249 841 1329 pausa3³
864 1249 897 1309 in
920 1249 1014 1311 tertia
1036 1247 1264 1328 genuflexione,

172 1341 247 1418 qum
264 1341 351 1419 prius
364 1343 483 1417 surgat,
498 1338 677 1402 “osculatur
693 1339 856 1411 Crucem‚''
871 1341 892 1401 i.
907 1360 932 1402 e.
949 1340 1041 1421 pedes
1056 1340 1218 1403 Crucifixi.

215 1437 242 1493 8.
266 1432 397 1511 “Surgit
423 1440 454 1495 ct
479 1434 562 1493 lacta
587 1429 824 1511 genuflexione’'
850 1432 1000 1513 simplici*
1026 1432 1153 1508 “Cruci,
1178 1433 1260 1496 redit

171 1526 208 1586 arl
230 1526 397 1587 scabellum
419 1531 450 1586 ct
471 1526 678 1588 calceamenta
701 1524 852 1587 resumit''
873 1531 966 1605 atque
987 1525 1205 1606 manipulum;
1226 1531 1259 1590 et

172 1619 305 1682 biretum
328 1620 486 1698 imponit‘*

216 1715 243 1773 9.
266 1711 401 1774 “Clerici
428 1711 590 1791 deponunt
614 1716 645 1774 et
670 1712 729 1792 ipsi
755 1711 994 1787 calceamenta‚'’
1018 1713 1045 1775 si
1069 1713 1261 1777 consuetudo

174 1804 246 1866 talis
268 1805 320 1878 sit,
344 1806 396 1867 “et
419 1809 490 1884 piost
513 1803 729 1866 celebrantem
753 1809 826 1867 ante
850 1825 957 1868 omnes
981 1806 1120 1870 aliosde
1145 1805 1260 1887 populo

169 1897 345 1959 adorabunt
365 1896 497 1960 Crucem
516 1896 625 1959 eodem
645 1897 736 1960 modo
755 1918 816 1978 quo
837 1897 1014 1975 Celebrans,
1033 1903 1065 1961 et
1084 1899 1198 1961 reversi
1218 1897 1259 1960 ad

170 2010 226 2052 sua
250 1990 326 2063 loca,
347 1988 556 2053 calceamenta
580 1989 774 2052 resumunt.’'

213 2087 260 2145 10.
283 2084 382 2147 “Post
400 2084 528 2147 clericos
547 2083 721 2146 adorabunt
740 2082 860 2147 sodales
879 2104 951 2146 cum
970 2085 1076 2160 saccis,
1095 2085 1122 2149 si
1141 2084 1258 2159 adsint,

169 2175 282 2240 deinde
299 2176 370 2247 viri,
386 2175 499 2238 ultimo
515 2175 678 2239 mulieres:
696 2196 803 2238 omnes
819 2177 896 2252 bini,
913 2177 1022 2240 devote
1038 2197 1074 2239 ac
1090 2176 1258 2258 graviter.”

214 2269 276 2332 Pro
302 2269 359 2332 hac
388 2269 568 2331 adoratione
596 2268 658 2330 alia
686 2267 772 2330 Crux
799 2267 866 2331 loco
893 2274 967 2349 apto
994 2289 1089 2350 super
1115 2272 1257 2350 tapetum

171 2364 299 2442 apponi,
314 2362 360 2426 vel
375 2362 415 2424 ad
429 2363 581 2426 canccllos
596 2382 613 2424 a
629 2361 795 2425 Sacerdote
810 2360 955 2424 fidelibus
970 2360 1138 2424 osculanda
1152 2361 1259 2424 offerri

171 2457 297 2536 potest.⁰

213 2552 259 2609 11.
283 2548 440 2611 “Interim
455 2550 576 2629 primus
592 2548 723 2610 clericus
738 2548 859 2610 assistit
874 2547 1088 2623 adorantibus,
1103 2553 1134 2610 et
1150 2567 1257 2611 secun-

170 2642 229 2703 dus
251 2649 282 2705 et
306 2642 418 2704 tertius
441 2642 571 2703 clericus
595 2640 748 2704 accedunt
770 2640 808 2702 ad
834 2640 1061 2712 Celent-antem,
1083 2645 1116 2702 et
1138 2640 1203 2702 alta
1226 2645 1258 2703 ct

169 2735 252 2798 clara
266 2756 336 2798 voce
352 2735 485 2798 recitant
499 2755 570 2797 cum
584 2756 619 2798 eo
633 2736 652 2797 Ι
657 2735 832 2816 inproperia
845 2741 882 2798 ut
896 2732 977 2795 hic.’'
1022 2733 1189 2797 Celebrans
1203 2732 1258 2795 illa

171 2830 280 2892 recitat
309 2829 403 2900 solus,
431 2829 458 2891 si
487 2828 591 2891 clerici
620 2827 746 2889 nonnisi
776 2828 881 2907 inepte
910 2826 1094 2907 respondere
1124 2826 1257 2889 valeant.

170 2920 336 2986 Celebrans
356 2921 465 2985 sedens
484 2925 647 3001 coopertus
668 2920 745 3001 legit
767 2920 979 3000 improperia²
1000 2919 1179 3001 etquidem
1200 2918 1258 2983 “cx

170 3020 245 3089 toto,
262 3015 403 3094 quamvis
420 3020 499 3077 esset
516 3013 670 3093 completa
686 3013 835 3076 adoratio.

212 3108 367 3182 Quoniam
393 3107 581 3187 improperia
607 3111 735 3186 propter
759 3106 1004 3169 abbreviationes
1029 3127 1066 3169 ex
1092 3105 1213 3168 Missali
1239 3125 1258 3168 a

171 3201 353 3264 Celebrante
372 3205 404 3263 et
423 3200 544 3263 clericis
570 3199 725 3279 [Diacono
745 3203 776 3262 et
799 3197 1012 3279 Subdiacono]
1036 3198 1161 3261 difficile
1182 3200 1257 3261 reci-

169 3295 229 3356 tari
247 3299 387 3374 possunt,
404 3293 454 3354 hic
470 3297 682 3373 apponuntur.

838 3012 882 3047 ”8

205 3478 335 3529 ³chens
378 3481 490 3536 secreto,
535 3477 558 3527 ai
603 3476 683 3528 velit:
774 3474 893 3527 ⁰“0ns
932 3490 963 3525 or
1002 3479 1055 3526 two
1094 3476 1257 3541 clargymam

169 3555 322 3604 Adoramna
349 3558 385 3615 te,
412 3552 528 3611 Christe,
554 3557 581 3603 et
610 3553 685 3603 banc·
741 3553 769 3602 in
788 3553 905 3618 surplice
924 3553 978 3603 aud
996 3553 1066 3606 stola
1084 3558 1194 3618 present
1213 3554 1259 3605 the

168 3631 283 3682 dicimus
308 3630 376 3680 tibi:
401 3630 466 3691 quia
490 3641 538 3693 per
561 3634 687 3680 sanctam
741 3630 851 3681 crucifix
871 3634 900 3680 to
919 3630 953 3679 be
972 3629 1061 3680 kissed
1081 3634 1111 3680 at
1131 3630 1177 3680 tha
1196 3629 1258 3680 rail-

168 3709 280 3759 Cracem
299 3713 374 3758 tuam
391 3707 532 3757 redemisti
549 3707 686 3757 mundum.
742 3706 827 3771 ing.''
863 3706 964 3757 Geram.
983 3706 1017 3756 U.
1038 3705 1064 3756 S.

171 3786 279 3851 Indulg.
776 3789 787 3822 ²
807 3783 882 3835 (laer.
900 3783 950 3848 Ep.
967 3782 1065 3846 11.25,
1082 3784 1123 3834 26.

205 3870 215 3902 ⁴
235 3862 268 3914 D.
287 3865 325 3913 10.
341 3862 408 3912 Mai.
426 3862 541 3925 1895,n.
557 3862 686 3912 385610.
776 3867 787 3901 ὓ
807 3859 980 3923 Martinucci‚
998 3858 1054 3909 111.
1070 3861 1095 3924 5,
1112 3860 1155 3911 66.

205 3941 360 3990 5038111311]
393 3939 436 3990 hle
469 3938 497 3990 iu
529 3938 616 3990 officio
647 3952 687 3990 so·

170 4019 248 4069 lcrrmi
268 4017 390 4068 assumit.
