2804 4890
446 700 564 757 RITUS
588 701 736 757 MISSAE
760 701 970 759 calvam.

609 897 724 968 Anu.
748 897 796 970 X.

158 1037 208 1087 DE
234 1036 426 1088 ORATIONn
452 1037 643 1088 DOMINICA
668 1039 715 1088 ΕΤ
741 1038 845 1089 ALIIS
870 1039 993 1104 USQUE
1019 1040 1070 1091 AD
1097 1039 1251 1091 FACTAM

573 1106 869 1158 COMMUNIONEM.

201 1222 250 1288 62.
274 1223 472 1301 “Celebrans,
500 1231 644 1306 cooperto
672 1226 789 1290 calice¹
818 1227 1007 1308 adoratoque
1037 1228 1249 1301 Sacramenta,

158 1318 255 1399 erigit
268 1339 310 1394 se,
324 1323 355 1381 et
369 1319 513 1381 manibus
528 1320 663 1382 extensis
678 1321 751 1382 hinc
766 1321 839 1384 inde
853 1341 947 1401 super
960 1322 1069 1383 Altare
1084 1321 1169 1382 intra
1184 1341 1250 1382 cor·

158 1412 263 1492 porale
275 1413 396 1493 positis,
409 1413 488 1474 dicit
501 1412 696 1493 intelligibili
710 1432 798 1475 voce:
819 1414 1001 1477 Per-omnia
1011 1416 1135 1477 saeculo
1146 1434 1250 1477 soeco-

160 1508 272 1578 lorum,
286 1510 401 1568 etcum
414 1505 509 1568 dicit:
525 1508 667 1578 Oremua,
680 1507 789 1587 jungit
803 1526 925 1582 manus,
938 1514 1032 1587 caput
1048 1507 1251 1569 Sacramento
1316 1547 1319 1551 ›

160 1600 327 1662 inclinans.
382 1601 463 1662 Cum
487 1600 617 1680 incipit:
649 1601 747 1665 Pater
770 1606 884 1673 noster,
908 1600 1050 1663 extendit
1072 1620 1195 1673 manus,
1219 1605 1251 1663 et

159 1701 247 1756 stans
266 1693 365 1757 oculis
386 1694 425 1756 ad
448 1695 686 1757 Sacramentum
708 1695 850 1768 intentis,
871 1695 1072 1775 prosequitur
1091 1714 1189 1774 usque
1210 1693 1250 1755 ad

160 1787 265 1850 finem.
310 1787 467 1867 Responso
493 1808 511 1849 a
536 1788 699 1850 ministro:
722 1789 786 1851 b'ed
811 1789 908 1851 libero
933 1809 989 1851 nos
1014 1809 1033 1852 u
1059 1790 1150 1862 molo,
1176 1792 1207 1850 et
1232 1809 1252 1850 a

163 1880 346 1943 Celebrante
367 1881 520 1943 submissa
541 1902 628 1943 voce:
649 1882 783 1953 Anien,”
804 1902 868 1943 non
889 1882 988 1961 prius,
1009 1881 1171 1944 sinistram
1193 1881 1252 1942 im-

161 1975 252 2055 ponit
273 1974 427 2054 corporali
449 1979 480 2036 et
503 1977 620 2036 “manu
643 1975 763 2050 dextra,
786 1975 898 2055 pollice
920 1979 952 2037 et
975 1975 1079 2038 indice
1101 1995 1166 2037 non
1188 1974 1252 2036 dis-

160 2067 290 2146 junctis,
313 2066 479 2147 patenam'’
502 2069 628 2148 penitus
650 2068 689 2130 de
712 2069 865 2148 corporali
888 2067 1044 2143 subducit,
1065 2072 1107 2144 et,
1129 2068 1157 2129 si
1179 2087 1252 2130 con-

161 2161 287 2224 veniens
312 2161 464 2236 videatur,
488 2162 615 2224 sinistra
640 2182 709 2224 eam
734 2161 926 2224 immobilem
951 2162 1061 2236 tenet,²
1086 2165 1118 2223 et
1141 2161 1252 2223 dextra

160 2254 414 2335 “aliquantulum
427 2256 642 2336 purificatorio
656 2254 849 2334 extergens,''
862 2255 944 2336 quod
959 2254 1071 2318 deinde
1085 2254 1252 2335 paululum

159 2368 178 2410 a
199 2349 352 2428 corporali
375 2349 522 2425 dimovet,
544 2352 632 2410 “eam
655 2349 770 2429 accipit
793 2349 877 2411 inter
897 2348 1034 2410 indicem
1056 2353 1088 2409 et
1110 2347 1250 2409 medium

156 2442 291 2522 digitos3
304 2462 397 2523 quam
409 2448 519 2505 tenens
531 2462 624 2522 super
637 2443 746 2504 Altare
757 2441 913 2504 erectam’'
925 2446 1013 2503 extra
1024 2440 1194 2521 corporale,
1206 2440 1251 2503 ita

160 2545 197 2600 ut
212 2538 281 2615 ejus
297 2556 369 2617 pars
386 2556 516 2599 concava
533 2537 575 2597 sit
591 2535 630 2599 ad
648 2537 784 2598 hostiam
800 2555 946 2598 conversa
964 2539 995 2597 et
1011 2554 1123 2596 manus
1141 2533 1251 2596 dextra

161 2650 255 2710 super
282 2638 426 2710 patenam
454 2636 633 2711 permaneat
661 2631 788 2706 clevata,
816 2630 954 2705 interim,
980 2629 1129 2690 “sinistra
1157 2649 1251 2708 super

158 2726 317 2805 corporale
334 2726 446 2806 posita,
462 2725 540 2789 dicit
556 2730 690 2789 secreto:
705 2724 819 2787 Libera
836 2745 903 2798 noe,
919 2743 1116 2807 quaesumus,
1132 2722 1213 2789 etc.''

203 2820 230 2878 2.
254 2817 453 2897 “Antequam
475 2817 641 2878 Celebraus
662 2817 762 2878 dicat:
782 2818 833 2879 Du
852 2816 1008 2897 propitius
1028 2837 1146 2897 pacem,
1169 2817 1251 2879 leuat

160 2930 256 2971 manu
278 2910 388 2975 dextra
411 2916 557 2990 patenam
581 2911 618 2972 de
642 2911 756 2985 Altari,
779 2919 809 2972 et
833 2910 970 2990 seipsum
993 2930 1066 2972 eum
1087 2929 1123 2973 ea
1145 2910 1251 2989 signat

158 3005 250 3083 signo
272 3004 392 3079 Crucis,
414 3003 536 3067 dicens:
559 3004 610 3066 Do
630 3003 786 3085 propitius
808 3025 914 3085 pacem
936 3003 971 3065 in
993 3004 1102 3067 diebus
1123 3004 1250 3066 naalma.

159 3098 241 3159 Cum
261 3098 365 3177 signat
386 3117 427 3171 se,
447 3117 576 3158 manum
595 3098 757 3158 sinistram
776 3097 866 3177 ponit
886 3096 972 3158 infra
991 3100 1116 3177 pectus:
1136 3095 1251 3158 deinde

160 3196 305 3270 patenam
330 3191 429 3270 ipsum
454 3189 642 3266 osculatur,''
667 3191 891 3268 congruentius
917 3191 948 3250 in
973 3190 1172 3253 extremitate
1196 3209 1249 3251 seu

156 3287 226 3349 ora³
244 3285 409 3365 superiori,
426 3286 478 3349 “et
495 3306 699 3366 prosequens:
719 3291 753 3348 ut
772 3307 828 3367 ope
847 3282 1077 3347 misericordiae
1097 3289 1178 3357 tore,
1194 3288 1253 3350 etc.

158 3377 319 3439 submittit
338 3383 485 3458 patenam
503 3379 633 3452 hostiae,
653 3397 746 3457 quam
767 3378 870 3438 indice
889 3378 1017 3438 sinistro
1036 3375 1249 3438 accommodat

160 3491 253 3550 super
274 3470 441 3552 patenam’'
463 3476 495 3533 et
516 3493 554 3533 ne
576 3471 748 3551 particulae
768 3471 888 3534 hostiae
910 3471 1017 3532 forsan
1040 3470 1073 3530 in
1096 3468 1249 3550 corporali

161 3566 285 3628 relictae
299 3565 487 3627 adhaereant
503 3566 646 3628 inferiori
662 3566 744 3645 parti
759 3569 900 3644 patenae,
914 3563 1047 3625 reclinat
1061 3564 1142 3625 hanc
1157 3582 1251 3643 super

160 3659 269 3738 pedem
295 3659 410 3733 calicis,
437 3659 482 3720 vel
508 3659 638 3739 deponit
663 3663 809 3738 patenam
835 3677 947 3737 parum
973 3675 990 3719 e
1015 3656 1119 3719 medio
1144 3675 1251 3719 versus

160 3773 255 3814 comn
277 3753 444 3833 Epistolae.

202 3850 229 3908 3.
254 3848 343 3906 Tum
362 3846 571 3926 “discooperit
589 3846 740 3907 calicem⁴
759 3850 790 3907 ct
808 3843 991 3924 genuflexus
1011 3844 1250 3905 Sacramentum

159 3941 284 4001 adorat:
303 3946 369 4002 tum
388 3962 419 4001 sc
436 3941 557 4016 erigens
575 3940 688 4018 accipit
707 3940 839 4000 hostiani
859 3939 941 3999 inter
958 3937 1101 4017 pollicem
1119 3941 1151 3999 et
1168 3934 1251 3997 indi-

160 4054 225 4097 cem
247 4033 373 4096 dextrae
396 4054 506 4094 manus
527 4039 558 4095 et
579 4053 649 4093 cum
672 4031 756 4093 illis'’
776 4032 900 4093 extollit
921 4050 1014 4109 super
1035 4028 1173 4103 calicem,
1195 4029 1250 4089 “ac

160 4127 272 4207 pollice
288 4133 319 4189 et
336 4126 439 4189 indice
456 4125 601 4187 sinistrae
620 4124 751 4186 manns'
769 4144 889 4204 quoque
906 4128 993 4185 “eam
1013 4142 1106 4202 super
1122 4120 1249 4183 calicem

160 4228 269 4284 tenens
298 4225 473 4283 reverenter
502 4220 624 4299 trangit
653 4239 708 4299 per
737 4216 908 4292 medium,”
938 4217 971 4277 in
1000 4215 1078 4276 duas
1107 4214 1250 4296 aequales

197 4353 206 4385 1
227 4346 259 4395 V.
279 4361 304 4396 n.
326 4348 368 4408 46,
388 4346 412 4396 7.
767 4342 830 4392 8Ι).
856 4342 930 4391 1711.
952 4342 976 4391 5.

196 4423 327 4472 ²('avcat
354 4427 454 4486 autem,
480 4437 514 4472 ne
540 4422 679 4486 manipulo
766 4425 779 4459 ⁴
799 4419 831 4468 V.
851 4434 876 4467 n.
896 4419 939 4482 46,
959 4417 983 4469 7.

160 4498 208 4548 SS.
228 4498 432 4549 Sacramentum
450 4503 558 4563 tangat.
