2804 4890
353 749 406 809 on
428 752 561 809 missis
584 751 754 811 vomam.
1061 738 1102 805 45

13 925 109 989 Missa
130 925 235 988 votiva
254 927 378 1008 privato
399 931 445 988 est
467 946 512 1001 ca,
535 946 613 1007 quae
634 947 691 1006 pro
714 948 746 990 re
768 947 831 989 non
851 927 940 1007 gravi
961 927 1009 990 vel
1032 928 1099 989 sine

12 1019 185 1083 indictione
204 1018 351 1101 Episcopi
371 1019 555 1096 celebratur,
575 1021 633 1084 etsi
653 1025 797 1083 cantetur
816 1040 888 1082 cum
910 1019 1048 1084 Diacono
1068 1024 1100 1083 et

13 1113 218 1177 Subdiacono.

53 1206 155 1270 Causa
171 1208 276 1288 gravis
293 1212 324 1270 et
342 1207 496 1270 sufficiens
514 1227 571 1289 pro
591 1208 687 1270 Missa
705 1208 808 1272 votiva
826 1208 958 1272 solemni
977 1214 1024 1272 est
1042 1208 1099 1271 im-

11 1302 146 1384 petratio
173 1300 314 1365 beneficii
341 1302 526 1378 communis,
553 1303 602 1363 uti
630 1303 724 1381 pacis,
751 1303 885 1382 pluviae,
912 1303 1100 1379 serenitatis,

12 1397 59 1459 rel
77 1395 245 1459 avertenda
264 1395 389 1458 afflictio
407 1396 592 1473 communis,
611 1397 659 1458 uti
680 1396 763 1471 belli,
782 1396 889 1477 pestis,
908 1396 955 1460 vel
976 1417 1099 1476 recupe

13 1490 111 1553 rande
128 1491 247 1553 sanitas
266 1489 389 1551 Summi
408 1488 583 1567 Pontificis,
602 1489 760 1571 Episcopi,
778 1490 824 1552 vol
844 1490 954 1554 electio
974 1490 1100 1570 Superi·

11 1586 75 1646 oris
97 1584 228 1646 Ordinis
251 1584 296 1645 rel
321 1583 504 1646 Provinciae
527 1585 560 1645 in
583 1585 719 1648 comitiis
741 1585 938 1665 generalibus
961 1585 1008 1647 rel
1030 1605 1100 1665 pro

11 1677 198 1740 vincialibus
219 1678 303 1757 apud
325 1677 526 1757 religiosos3¹
550 1699 611 1739 non
635 1700 705 1742 vcro
728 1698 820 1740 causa
840 1679 944 1759 gravis
966 1684 998 1742 et
1019 1678 1100 1740 suffi-

10 1772 97 1835 ciens
122 1778 266 1833 censetur
290 1771 399 1834 electio
423 1772 604 1846 abbatissae,
631 1772 755 1834 vestitio
780 1773 828 1834 vel
852 1771 1004 1851 professio
1030 1770 1100 1832 reli-

10 1866 109 1946 giosa,
144 1866 303 1945 primitiae
339 1866 605 1945 Neo-presbyteri,
640 1866 824 1927 Jubilaeum
861 1870 899 1925 50
936 1884 1101 1941 annorum,

10 1978 143 2031 novena,
160 1959 257 2022 Missa
272 1980 329 2039 pro
343 1979 456 2040 sponso
471 1966 502 2022 ct
518 1961 654 2039 sponsa.²

54 2052 118 2114 Pro
136 2052 233 2114 Missa
252 2053 354 2115 votiva
372 2054 494 2134 privata
512 2054 625 2116 sufficit
643 2055 768 2134 quaevis
787 2053 981 2115 rationabilis
999 2073 1102 2127 causa,

10 2148 60 2209 uti
82 2147 195 2227 petitio
216 2146 321 2208 dantis
341 2147 577 2226 eleemosynam,
599 2147 741 2227 specialis
762 2147 885 2210 devotio
908 2146 1102 2211 celebrantia

10 2260 87 2321 erga
108 2239 297 2319 Mysterium
319 2241 367 2303 vel
390 2247 551 2315 sanctum;
575 2261 637 2302 non
661 2262 731 2302 vero
754 2247 790 2302 ut
815 2241 964 2302 Sacerdos
986 2241 1048 2303 cito
1071 2260 1103 2303 se

10 2334 182 2415 expediat.³

54 2430 84 2489 3.
107 2427 142 2489 B.
175 2425 335 2493 Quaenam
365 2426 480 2489 Missae
510 2431 664 2504 tanquam
693 2427 821 2489 votivae
852 2426 1006 2488 celebrari
1036 2444 1102 2504 pos·

10 2520 99 2583 sinti
148 2523 199 2598 (a)
229 2521 341 2583 Missae
358 2522 391 2583 in
407 2521 469 2583 fine
486 2521 646 2581 llissalis⁴
664 2529 812 2600 tanquam
829 2520 991 2584 “votivae''
1008 2521 1102 2600 assig-

10 2622 115 2689 natae,
136 2635 247 2694 nempe
267 2635 378 2677 norem
399 2616 475 2677 istae
495 2615 553 2676 “dc
577 2615 633 2676 SS.
656 2616 823 2687 l'rinitatc,
846 2615 907 2677 Pro
928 2616 1102 2694 gratiarum

10 2710 137 2773 actione
160 2707 258 2784 etc.'';
281 2713 313 2772 et
337 2708 486 2771 tredecim
511 2709 589 2788 “pro
613 2708 756 2788 eligendo
783 2709 913 2771 Summo
940 2707 1102 2782 Pontifice,

10 2802 44 2865 in
65 2802 291 2863 Anniversario
310 2801 470 2865 electionis
489 2809 520 2864 et
539 2803 780 2864 consecrationis
800 2802 947 2882 Episcopi
968 2800 1060 2864 etc.''⁵

57 2896 113 2975 (b)
142 2895 189 2958 De
211 2895 335 2957 Sanctis
356 2895 589 2975 quibuscunque
610 2896 801 2958 canonizatis
823 2896 856 2957 in
879 2895 1103 2974 blartyrologio
1179 2974 1184 2983 Ι

10 2990 155 3063 relatis‚⁸
178 2995 232 3051 aut
254 2989 366 3068 quibus
386 3008 404 3050 a
427 2988 457 3049 S.
482 2989 561 3051 Sede
582 2990 759 3068 specialiter
781 2989 877 3051 Missa
899 2989 1011 3050 festiva
1032 3009 1103 3050 con-

10 3103 97 3148 cessa
109 3082 294 3146 est-Item
307 3082 345 3143 de
359 3082 498 3161 Angelis.

54 3177 102 3239 De
131 3176 239 3238 Beatia
268 3196 351 3239 vero.
367 3175 480 3255 absque
508 3175 634 3255 speciali
666 3176 789 3238 indulto
818 3177 999 3257 Apostolico
1028 3176 1104 3239 cele·

10 3267 96 3334 brari
116 3276 286 3350 nequeunt,
304 3270 362 3331 etsi
382 3269 478 3331 Missa
497 3270 608 3331 festiva
628 3290 769 3331 concessa
788 3271 894 3331 fuerit.

59 3365 110 3443 (o)
140 3363 255 3426 Missae
274 3363 404 3425 festivae
422 3363 461 3424 de
481 3364 516 3423 B.
536 3362 638 3424 llario
661 3364 790 3439 Virgine
810 3369 971 3443 sequentes
990 3364 1104 3425 solum·

15 3458 106 3521 modo
135 3464 284 3537 tanquam
314 3457 433 3518 votivae
459 3457 606 3519 celebrari
636 3463 782 3536 possunt:
814 3458 847 3517 1⁰
882 3459 1103 3520 lnnnaculatac

17 3550 237 3632 conceptionis
259 3552 423 3627 (Galaticus
438 3551 587 3630 paradella,
605 3551 637 3611 in
654 3553 744 3627 cujus
763 3551 888 3613 Secreta
903 3551 969 3614 loco
986 3554 1104 3615 Solem·

21 3647 115 3709 nilale
130 3645 249 3706 dicitur
265 3645 598 3717 Conimemoratioae).
637 3645 672 3703 2⁰
693 3646 818 3723 Scptcin
838 3645 986 3707 llolorurn
1009 3646 1104 3721 (laria

23 3735 74 3800 vl.
103 3745 173 3820 post
204 3738 401 3800 Dominicam
431 3737 599 3805 Passionis,
628 3759 697 3797 cuni
729 3741 877 3800 ttrationc
906 3740 1032 3818 propria
1062 3739 1103 3799 ibi

24 3835 128 3910 posita,
153 3840 186 3895 et
211 3833 279 3895 sino
306 3832 506 3912 Sequentia).
556 3831 592 3889 3⁰
625 3832 787 3892 l‘urissirni
819 3832 940 3901 (bulis,
968 3833 1020 3893 ubi
1048 3834 1104 3896 boc

53 4018 114 4070 11).
131 4019 209 4069 3009.
227 4019 252 4068 6.
624 4017 730 4080 ⁶Quae
752 4017 839 4068 Missa
860 4018 953 4068 votiva
974 4018 1108 4083 solemnis,

52 4101 65 4135 ²
82 4095 170 4147 Varia
186 4096 296 4146 decreta
313 4093 340 4145 S.
357 4093 386 4145 C.
403 4095 434 4145 a.
590 4095 733 4144 accedente
749 4096 878 4144 mandato
896 4096 1031 4160 Episcopi,
1047 4112 1107 4147 can-

52 4177 65 4212 ⁸
82 4173 185 4225 Menti
200 4172 223 4222 1.
237 4174 263 4235 t,
277 4172 300 4222 3.
588 4176 664 4221 tatur
683 4172 710 4220 in
729 4172 938 4223 Cathedralibus
955 4178 981 4223 et
1001 4173 1108 4237 collegi·

53 4250 187 4301 cuim
218 4249 326 4300 votivae
357 4263 406 4314 per
436 4263 536 4299 annum
589 4249 643 4298 atis
673 4253 795 4312 tantum3
829 4251 856 4299 in
887 4251 950 4301 aliis
982 4251 1108 4301 Ecclesiis

22 4322 119 4379 officiis
140 4326 249 4389 votivis,
271 4340 342 4377 anno
367 4326 432 4375 1883
456 4326 536 4375 intro·
589 4325 617 4374 nt
638 4328 856 4377 commemoratio
881 4328 919 4387 (v.
939 4342 981 4376 no.
1003 4328 1044 4385 21,
1065 4330 1107 4387 3).

21 4402 114 4467 ductis,
134 4403 329 4470 respondentes
349 4403 457 4453 omuino
477 4418 536 4466 sup·
626 4403 689 4454 ll).
717 4403 758 4452 30.
784 4403 848 4454 Jun.
878 4404 952 4465 1896,
977 4417 1003 4453 n.
1031 4406 1106 4455 3922.

20 4494 126 4546 pronao
143 4484 217 4531 aunt.
254 4479 348 4531 Novae
367 4479 451 4529 Rubr.
471 4479 536 4529 vll.
591 4479 645 4529 III.
667 4483 688 4530 1.

18 4558 42 4612 1.
