2804 4890
403 658 456 712 DE
480 657 649 713 MUNERE
675 655 963 714 CONCIONANDI.
1167 637 1226 701 507

138 822 325 900 obviamtur,
349 824 458 887 eodem
480 824 590 887 ordine
615 831 652 887 ut
677 844 734 905 pro
757 823 865 886 adulto
896 825 943 902 (n.
970 822 1063 900 307).
1111 816 1229 879 Psalmi

138 916 278 978 Loeedotc
300 920 392 998 pareri
413 923 446 979 et
465 917 559 980 Booti
580 917 777 978 immaculati
797 922 829 979 et
850 915 970 995 reliqua
991 917 1160 975 cantantur
1183 910 1229 974 vel

139 1009 321 1084 recitantur,
342 1010 430 1072 utin
450 1009 580 1071 Rituali.

180 1104 208 1161 2.
233 1099 268 1161 Si
286 1104 384 1164 iunus
401 1104 468 1166 sine
486 1104 660 1183 praesentia
680 1100 856 1166 Sacerdotis
872 1102 912 1164 ad
931 1099 1103 1162 Ecclesiam
1121 1097 1228 1160 ailera-

138 1197 200 1269 tur,
215 1194 350 1256 officium
364 1195 543 1275 sepulturae
559 1197 592 1257 in
607 1195 745 1258 Ecclesia
762 1195 858 1274 incipi
875 1199 977 1275 potest
991 1194 1029 1255 ab
1045 1191 1228 1269 Antiphoni

138 1286 202 1347 llic
228 1287 360 1369 accipiet
388 1309 459 1350 cum
490 1288 541 1350 Ps.
571 1291 619 1349 23.
669 1287 800 1349 Ilomini
826 1292 870 1348 cst
900 1291 991 1357 terro,
1019 1285 1073 1365 qui
1101 1284 1229 1357 dicitur,

137 1380 229 1439 “cuin
260 1381 460 1460 pervenerint
491 1381 531 1442 ad
563 1380 735 1443 Ecclesiam
744 1379 772 1440 :'’
805 1380 825 1441 i.
857 1400 882 1442 e.
913 1380 1030 1442 feretro
1061 1377 1094 1437 in
1125 1375 1226 1437 media

137 1472 275 1533 Ecclesia
306 1474 471 1552 deposit0.³
523 1473 572 1533 Ibi
604 1493 710 1535 omncs
740 1494 772 1534 se
800 1473 928 1546 sistunt,
958 1476 995 1533 ut
1025 1471 1058 1531 in
1090 1468 1228 1549 exequiis

136 1565 335 1641 adultorum3
362 1566 511 1628 Sacerdos
534 1566 693 1646 adspergit
717 1585 828 1646 corpus
853 1566 886 1626 in
910 1562 1023 1639 medio,
1047 1583 1066 1624 a
1091 1560 1229 1623 sinistris

136 1660 166 1718 et
186 1657 304 1720 dextris
325 1659 400 1734 suis,
420 1680 482 1720 non
504 1660 657 1721 circuiens
678 1660 838 1721 feretrum.

178 1754 206 1812 3.
229 1751 335 1812 “Dum
354 1757 498 1831 portatur
515 1752 554 1814 ad
573 1751 743 1826 mnndum,
761 1757 793 1815 et
811 1751 934 1814 etiamsi
951 1755 1027 1813 tunc
1045 1770 1108 1812 non
1127 1755 1227 1829 porte·

136 1849 198 1917 tur,
213 1843 330 1904 dicitur
345 1847 421 1906 Aut.
436 1846 574 1907 Juccnes
588 1851 617 1905 cl
635 1842 769 1923 cirpines
783 1850 814 1906 ct
832 1845 881 1906 l's.
897 1843 1038 1906 Loudolc
1053 1843 1227 1905 Dominum

136 1935 172 1996 dc
198 1936 309 1997 coelis·''
332 1941 364 1998 et
389 1938 516 2016 reliqua.
564 1937 669 1999 Finita
695 1936 854 2009 (tratione,
879 1946 1047 2016 antequam
1072 1936 1170 1997 funus
1194 1937 1227 1996 in

135 2028 333 2106 sepulchrum
366 2029 556 2099 demittitur,
590 2028 738 2089 Suc-crdos
771 2029 931 2089 incensum
964 2030 996 2090 in
1029 2027 1226 2090 thuribulum

136 2121 270 2198 imponit
296 2124 327 2181 et
351 2119 504 2181 benedicit
538 2123 601 2197 (Ab
630 2122 684 2181 illo
710 2121 900 2182 benedicaris
925 2125 1024 2195 etc.);
1051 2128 1119 2182 tum
1146 2139 1227 2199 aqua

135 2212 295 2274 benedicta
312 2220 359 2273 ter
374 2210 544 2290 adspergit,
559 2213 647 2291 prins
662 2232 783 2291 corpus,
800 2213 912 2273 deinde
930 2212 1088 2273 tumulum
1105 2231 1226 2290 separa·

135 2305 212 2378 tim;
233 2304 380 2364 similiter
402 2309 448 2365 tor
470 2304 609 2365 incensat
630 2311 697 2367 turn
719 2324 831 2383 corpus
851 2310 919 2365 tum
940 2304 1122 2367 tumulum*

175 2401 203 2457 4.
228 2397 330 2457 “l'urn
360 2416 377 2456 a
405 2395 566 2475 sepultura
596 2401 796 2457 revertuntur
828 2397 859 2457 in
891 2395 1072 2469 Ecclesiam,
1101 2397 1226 2457 dicatur

136 2488 315 2551 Benedicile
333 2492 390 2550 etc.
431 2487 552 2550 Deinde
568 2497 641 2550 ante
659 2487 768 2551 Altare
788 2487 928 2561 Oratio,''
945 2496 982 2551 ut
1000 2490 1033 2550 in
1053 2488 1182 2551 Rituali.

177 2586 203 2642 5.
229 2581 263 2642 Si
283 2582 378 2642 funus
395 2586 471 2642 tunc
488 2580 526 2641 ad
544 2581 702 2641 tumulum
720 2601 781 2641 non
800 2586 952 2660 portetur,
969 2581 1015 2644 vel
1033 2583 1059 2643 si
1077 2580 1225 2643 Sacerdos

136 2674 213 2736 illud
237 2694 299 2734 non
324 2674 502 2747 comitetur,
524 2673 630 2736 onmia
652 2672 802 2734 dicuntur
825 2680 856 2736 et
880 2674 961 2735 liunt
983 2675 1017 2735 in
1041 2673 1144 2736 media
1167 2673 1225 2734 Ec·

133 2766 235 2843 clesia,
253 2764 444 2847 probabilius
464 2765 560 2828 etiam
580 2766 718 2845 corporis
737 2765 896 2846 adspersio
914 2771 946 2828 et
966 2765 1183 2828 thurificatio.⁸

574 2979 688 3049 ART.
714 2979 779 3050 VI.

414 3139 464 3190 oa
485 3138 645 3191 nomas
666 3138 935 3193 ooscronxnm.

173 3268 242 3331 ³15.
267 3270 506 3345 “Concionator,
534 3272 560 3331 si
589 3270 626 3331 de
657 3269 747 3332 Floro
775 3269 908 3345 regulari
940 3272 1047 3346 fuerit,
1074 3271 1222 3335 retinebit

131 3363 272 3424 lmliitum
301 3362 422 3423 ordinis
448 3363 516 3434 sui;
542 3361 590 3423 sin
618 3361 676 3423 erit
705 3383 721 3422 e
750 3362 840 3423 (*lcro
868 3363 1028 3432 saeculari.
1056 3366 1147 3428 debet
1172 3366 1221 3426 uti

131 3455 363 3535 superpelliceo.
392 3502 399 3515 .
434 3501 441 3515 .
476 3501 482 3515 .
512 3454 610 3514 Extra
638 3453 754 3515 Urbem
781 3474 847 3514 mos
870 3460 926 3521 cst.
952 3460 986 3515 ut.
1014 3455 1221 3517 concionator

131 3549 156 3608 si
180 3548 343 3625 Presbyter
366 3544 417 3620 sit,
439 3544 551 3607 stolam
575 3543 686 3606 induat
707 3565 723 3605 e
744 3544 823 3607 collo
844 3545 1041 3625 pendentem.
1063 3549 1089 3609 si
1113 3547 1221 3609 Diaco-

132 3661 200 3713 nus,
219 3644 327 3701 utatur
346 3639 411 3718 ipsa
431 3637 532 3718 posita
552 3637 584 3698 in
603 3636 733 3697 humero
750 3637 878 3700 sinistro
895 3644 925 3699 ct
946 3639 977 3698 in
998 3638 1094 3701 latere
1112 3639 1221 3700 ‹lextro

133 3731 297 3793 lirnmta.''¹
343 3732 430 3792 Stola
451 3729 678 3793 concionatoris
699 3728 739 3790 sit
761 3727 872 3789 eoloris
893 3728 991 3791 officio
1011 3729 1074 3791 diei
1097 3749 1220 3809 respon·

131 3826 233 3887 dentis
251 3824 345 3887 etiarn
367 3824 417 3885 dic
437 3826 465 3884 2.
486 3820 696 3883 Novembris!

162 3952 278 4003 ³Verba
298 3951 369 4002 enirn
394 3951 447 4001 ista
469 3948 649 4017 intelligenda
696 3949 802 4013 pulchri
831 3950 930 4002 habere
957 3952 1091 4012 videntur.
1121 3955 1161 4007 ita
1187 3960 1217 4006 nt

127 4033 198 4088 mm,
222 4043 274 4077 non
297 4028 330 4079 ‹le
351 4027 439 4092 primo
462 4039 579 4085 accessu,
601 4024 647 4075 sed
697 4024 724 4073 in
756 4028 916 4078 coemeterio
947 4027 1089 4081 benedicto
1120 4045 1218 4097 corpus

127 4107 159 4154 dc
189 4110 309 4170 ternpore
338 4118 390 4168 qiio
419 4101 510 4153 omnia
539 4100 566 4149 in
599 4100 648 4150 Ec·
696 4105 802 4151 tantum
817 4103 1040 4168 adspergatnret
1056 4106 1216 4159 incensetur.

125 4181 207 4232 elesia
252 4180 387 4246 disposita
432 4177 545 4229 scierint.
607 4175 648 4228 De
694 4176 838 4229 Caralieri.

125 4258 223 4313 llerdt,
250 4255 304 4306 ΠΙ.
330 4257 395 4318 27ος
422 4260 449 4305 et
473 4251 647 4314 Martinucci,
731 4252 898 4305 conveniri.

128 4333 180 4383 lll.
203 4336 242 4391 Π,
261 4333 302 4381 33.
730 4329 925 4393 ¹Martinncci‚
942 4331 974 4382 V.
992 4334 1031 4384 10.

160 4409 258 4458 ⁴llaec
282 4407 422 4471 adspersio
445 4411 473 4456 et.
497 4405 646 4457 incensatio
730 4404 785 4455 ²1).
803 4406 827 4455 6.
845 4405 925 4457 Febr.
944 4408 1020 4472 1892,
1035 4424 1062 4461 u.
1079 4409 1157 4463 3764.
1174 4409 1215 4463 13.

125 4485 221 4535 tumuli
242 4483 374 4534 rationem
392 4480 590 4532 benedictionis
608 4497 646 4535 se·
