2804 4890
153 649 213 712 546
308 660 393 714 ΑΡΡ.
418 661 443 714 Ι.
489 658 803 716 DEMONSTRATIO
829 659 1090 715 DEFECTUUM.

195 823 243 879 54.
267 820 317 881 Ad
341 820 475 883 Sursum
498 820 591 883 cordo
612 819 732 882 clausas
754 817 898 883 attollere
920 838 1034 881 manus
1054 821 1113 881 aut
1136 816 1258 898 palmis

153 929 215 972 uon
239 912 277 973 ad
303 913 434 974 invicem
458 911 512 975 sed
535 913 574 975 ad
598 912 707 976 Altare
730 911 893 974 conversis.

194 1008 243 1065 55.
265 1004 423 1067 lnolinare
444 1011 540 1085 caput
562 1005 601 1067 ad
624 1004 738 1086 otique
760 1001 878 1086 pretias
900 1024 990 1085 apere
1014 1009 1071 1066 aut
1094 1003 1136 1065 ad
1160 1002 1257 1066 rerba

150 1118 208 1180 per
222 1097 384 1160 Christum
397 1097 570 1161 Dominum
586 1102 729 1160 nostrum
744 1099 777 1159 in
791 1097 996 1179 praefatione,
1010 1097 1058 1159 vel
1073 1095 1139 1160 alio
1151 1097 1257 1159 etiam

154 1189 218 1252 loco
243 1193 461 1271 praeterquam
484 1196 554 1271 post
578 1191 737 1254 Memento
762 1190 994 1253 detunctorum.

194 1286 243 1344 56.
267 1283 380 1345 Pectus
395 1288 556 1364 percutere
570 1282 701 1345 dicendo
714 1284 850 1347 Sanctus
864 1287 919 1345 aut
934 1303 997 1345 non
1009 1281 1165 1344 mediocri
1181 1302 1256 1345 voce

151 1376 254 1439 dicere
276 1377 397 1456 ipsum;
420 1377 550 1439 recitare
571 1396 643 1439 voce
665 1374 859 1455 intelligibili
881 1381 985 1438 totum
1008 1376 1173 1437 Cononem
1197 1377 1254 1437 aut

151 1469 272 1549 aliquot
294 1470 363 1547 ejus
386 1472 499 1549 partes,
523 1488 619 1549 quum
643 1468 749 1532 omnia
773 1473 889 1532 secreto
910 1468 1042 1529 dicenda
1065 1467 1141 1530 sint

194 1565 243 1624 51.
267 1561 340 1623 Nou
366 1562 498 1642 jungere
527 1581 638 1624 manus
667 1562 850 1642 priusquam
879 1560 968 1642 signa
998 1559 1110 1622 Crucis
1139 1559 1254 1634 faciat,

151 1659 208 1716 aut
230 1673 410 1734 suspensam
435 1658 539 1717 tenere
563 1654 736 1730 sinistram,
759 1653 837 1716 dum
860 1653 988 1716 dextera
1011 1653 1171 1714 actionem
1195 1652 1253 1716 ali-

152 1766 245 1826 quam
265 1748 453 1828 exsequitur.

194 1843 243 1900 58.
267 1839 391 1919 Digitos
412 1839 509 1903 saliva
529 1859 731 1920 conspergere
752 1840 792 1903 ad
813 1838 980 1903 evolvenda
1001 1837 1140 1900 Missalis
1162 1838 1254 1900 tolia.

194 1934 243 1994 59.
267 1931 435 1993 Immorari
456 1933 551 1993 nimis
573 1933 607 1994 in
628 1935 794 2007 memento,
815 1933 863 1995 vel
883 1933 982 1994 nimia
1002 1931 1157 1993 brevitate
1179 1949 1254 1992 con-

151 2023 252 2099 ficere,
273 2029 327 2086 aut
349 2026 413 2088 alta
436 2046 508 2089 voce
530 2025 670 2106 prolerre
691 2026 850 2088 Memento
874 2024 1018 2095 Domine,
1040 2027 1099 2086 etc.

194 2120 242 2178 60.
267 2115 400 2180 Pollioes
434 2137 608 2198 supponere
646 2115 759 2199 palmis
794 2136 947 2179 mannum
984 2115 1117 2179 dicendo
1154 2116 1253 2180 Hane

152 2210 251 2290 tpitur
273 2208 472 2283 oblationem,
495 2213 552 2274 ete.

194 2306 243 2365 61.
266 2303 451 2383 Abstergere
481 2305 607 2381 digitos,
636 2309 802 2384 antequam
832 2304 965 2383 accipiat
995 2300 1155 2378 Hostiam,
1188 2321 1252 2363 non

151 2402 290 2459 extremo
311 2395 363 2458 sed
385 2396 488 2458 medio
508 2398 659 2476 corporali
681 2417 776 2477 prope
799 2396 955 2459 Hostiam.

194 2492 242 2549 62.
263 2489 428 2568 imponere
455 2489 616 2550 brachium
644 2490 808 2550 sinistrum
837 2489 939 2549 Altari
968 2487 1154 2549 sustinendo
1186 2488 1251 2548 Ho-

152 2584 245 2644 stiam
265 2586 338 2644 ante
360 2581 630 2644 Consecrationem
653 2583 690 2642 ad
715 2583 805 2643 rerba
826 2581 994 2646 benedixit.
1015 2579 1123 2662 trepit.
1146 2587 1208 2642 etc.

194 2678 243 2735 63.
267 2674 416 2736 Insistere
443 2680 474 2736 et
501 2674 658 2736 incurvari
686 2673 864 2735 indecenter
888 2693 980 2753 super
1007 2672 1116 2735 Altare
1144 2673 1252 2752 prole-

154 2769 240 2829 rendi
268 2789 357 2828 causa
386 2768 636 2828 Consecrationis
663 2767 762 2828 verba.

193 2863 241 2921 64.
266 2859 458 2922 Proterendo
481 2860 571 2921 verba
594 2858 843 2921 Consecrationis
864 2858 1044 2938 gesticulari
1066 2859 1171 2938 eapite
1195 2864 1250 2920 aut

150 2957 352 3031 contorquere
378 2973 506 3032 corpus:
533 2974 595 3014 non
623 2953 762 3031 prolerre
789 2952 841 3014 illa
866 2957 992 3018 secreto.
1019 2951 1126 3013 cadem
1156 2952 1250 3013 verba

154 3049 299 3126 repetere,
328 3046 429 3108 dicere
457 3046 617 3112 sufflando,
646 3050 700 3107 aut
729 3044 838 3125 pedem
868 3045 1031 3106 dexterum
1060 3063 1251 3123 suspensum

151 3155 254 3201 tenere
271 3141 429 3200 utstatim
447 3141 544 3220 possit
560 3138 737 3215 aenutlccti

186 3236 234 3294 65.
259 3232 330 3293 Non
360 3253 515 3295 removere
543 3232 580 3293 dc
610 3231 712 3291 Altari
744 3232 864 3293 cubitos
894 3252 950 3291 neo
980 3231 1060 3291 terre
1092 3250 1249 3292 manuum

150 3325 298 3388 articulos
314 3346 418 3387 versus
435 3327 571 3386 frontem
588 3324 707 3384 Altaris
724 3330 794 3404 post
811 3324 1094 3396 Consecrationem,
1111 3328 1148 3384 ut
1167 3344 1251 3386 com-

150 3420 273 3480 modius
290 3418 528 3496 genuflectatur.

192 3517 240 3574 66.
266 3514 341 3573 l'ost
374 3512 577 3573 elevationem
614 3510 744 3570 Hostiae
779 3509 921 3586 detegere
957 3509 1104 3583 Calicem,
1139 3514 1249 3589 postea

148 3606 364 3683 genuflectere.

193 3703 240 3759 67,
264 3699 413 3777 Accipere.
436 3694 928 3776 (51155555515551555155151555
952 3700 980 3756 ct
1004 3697 1086 3756 1555
1109 3697 1250 3775 praecla-

150 3814 217 3852 rum
244 3790 376 3851 Calicem
402 3812 495 3851 uranu
520 3790 644 3850 ‹lextera
668 3793 803 3854 tantum,
825 3810 857 3847 os
879 3792 908 3850 et
933 3807 1042 3848 nasum
1067 3787 1167 3848 Calici
1192 3788 1251 3848 im-

149 3904 272 3963 ponere.
291 3888 344 3945 aul
367 3883 515 3944 inclinare
532 3903 603 3943 cirin
624 3883 660 3942 ad
683 3904 712 3942 se
730 3883 774 3943 vel
795 3880 896 3941 stilari
916 3879 1107 3959 applicatam
1129 3883 1249 3940 tenere.

192 3981 239 4037 68.
265 3978 301 4037 ln
323 3976 492 4037 elevatione
512 3998 573 4036 non
594 3976 677 4054 sequi
698 3973 796 4035 oculis
816 3974 961 4034 Hostiam
982 3970 1171 4034 citationi
1195 3980 1250 4034 551

149 4071 266 4132 eleuare
280 4076 311 4131 cl.
325 4070 489 4130 ‹leniitlerc
504 4069 599 4129 nimis
614 4068 809 4130 testinantes,
823 4073 876 4127 aut
893 4065 963 4144 plus
979 4085 1074 4142 aequo
1090 4067 1252 4127 sustinere

150 4164 281 4224 sublime
309 4163 339 4224 in
366 4167 564 4241 conspectum
592 4161 797 4223 adstantium.
823 4166 879 4221 aut
905 4159 1000 4218 nimis
1026 4157 1173 4218 attollere
1199 4183 1251 4220 ex-

150 4257 246 4316 tensis
259 4260 454 4318 monstruose
468 4255 613 4321 brachiis.
628 4259 682 4314 aut
698 4259 760 4314 tam
777 4273 886 4332 parom
904 4249 1045 4312 attollere
1058 4253 1094 4310 ut
1106 4253 1253 4332 conspici

151 4370 210 4409 non
237 4350 367 4429 possint,
391 4353 445 4411 aut
470 4347 618 4413 elevando
642 4367 735 4425 super
758 4349 852 4423 caput
878 4363 1001 4424 ponere,
1026 4346 1081 4404 aut
1108 4342 1254 4413 Calicem

149 4442 291 4504 osculari.
