2804 4890
149 677 201 733 DE
219 680 281 746 HS,
296 679 404 747 QUAE
420 681 567 737 Missas
585 681 837 736 PONTIFICALI
857 680 1132 738 PRAECEDUNT.
1181 673 1239 733 185

219 846 368 926 Acotytbi
382 867 439 909 serr·
457 846 611 910 ministri:
727 850 780 928 (9)
808 848 928 910 Urceus
941 867 1013 909 cum
1026 847 1119 928 pelvi,
1132 851 1163 909 et
1176 847 1236 908 lin·

198 942 249 1014 (1)
278 939 357 1001 Min.
380 939 419 1001 de
441 940 529 1004 libro.
842 942 931 1004 teoto.

197 1034 249 1111 (t)
308 1033 328 1062 “
444 1035 581 1097 candela.
725 1037 778 1115 (b)
808 1034 972 1097 Gremiale.

197 1128 249 1205 (3)
306 1127 326 1155 “
443 1128 560 1190 baculo.
726 1129 771 1208 (i)
800 1128 926 1208 Caligae
943 1134 974 1190 et
991 1128 1141 1191 sandalia.

198 1222 249 1299 (4)
309 1221 328 1249 “
444 1223 548 1284 mitra.
726 1225 779 1301 (t)
808 1224 910 1303 Bugia
930 1222 1106 1301 (candela).

197 1316 249 1392 (5)
308 1316 327 1344 “
442 1317 612 1379 thuribulo.
718 1316 1235 1396 (ManipuliDiaconiministran·

198 1409 280 1488 (6,7)
308 1410 328 1438 “
444 1410 646 1474 candelabris.
842 1413 884 1475 tis
916 1416 947 1474 et
980 1411 1169 1476 Subdiaconi
1204 1414 1236 1474 in

198 1503 249 1581 (8)
309 1504 328 1532 “
444 1504 597 1583 gremiali.
845 1525 971 1566 scamno
990 1505 1178 1584 ponuntur.)

191 1675 219 1733 3.
242 1672 410 1753 Presbyter
427 1675 574 1737 assistens
594 1674 705 1737 “debet
724 1695 788 1737 esse
808 1676 933 1755 dignior
953 1695 990 1737 er
1011 1672 1235 1754 Presbyteris,''

148 1772 180 1828 et
196 1765 301 1828 induit
318 1769 489 1829 “aniictum
506 1787 599 1847 super
615 1769 771 1832 roccbetto
787 1776 843 1830 aut
859 1775 942 1830 cotta
964 1768 1236 1848 (superpelliceo),

148 1865 180 1921 et
197 1879 289 1940 super
306 1881 341 1922 eo
359 1861 505 1941 pluviale,
524 1863 656 1941 tempori
675 1882 847 1942 congruum
859 1862 887 1936 ;''
906 1862 1040 1945 Diaconi
1057 1863 1236 1925 assistentes

150 1954 370 2016 “dalmaticam
397 1974 491 2034 supra
519 1956 722 2031 rocchettum,
748 1957 774 2015 si
801 1958 870 2035 ejus
898 1977 989 2017 usum
1015 1956 1160 2030 habeant,
1186 1955 1235 2015 sin

149 2049 264 2122 minus,
280 2069 373 2128 super
388 2054 504 2110 cottam
520 2054 552 2110 et
567 2050 716 2110 amictum
727 2048 757 2124 ;”
774 2070 809 2111 ex
828 2070 884 2109 usu
901 2051 997 2127 hujus
1014 2050 1150 2129 regionis
1167 2047 1236 2110 alba

148 2160 205 2221 pro
218 2142 441 2222 superpelliceo
456 2146 602 2217 utuntur,
617 2148 649 2205 at
662 2143 729 2204 sine
744 2143 905 2222 manipulo
920 2150 951 2205 et
966 2144 1068 2204 stola.⁴

190 2239 219 2296 4.
243 2237 374 2310 Quando
400 2235 620 2316 processionali
647 2236 737 2299 modo
764 2236 803 2297 ad
830 2236 939 2298 Altaro
966 2236 1235 2316 progrediuntur,⁶

150 2330 296 2409 imposito
311 2331 403 2394 thuro
419 2331 468 2392 bic
484 2330 559 2392 ordo
575 2336 731 2392 servatur:

197 2425 249 2503 (1)
277 2424 515 2486 'thuriferarius
534 2445 606 2486 cum
626 2423 787 2487 thuribulo
807 2424 993 2504 fumigante.

197 2518 249 2597 (2)
278 2518 423 2580 Crucifer
446 2519 528 2581 inter
550 2518 628 2579 duos
650 2517 861 2580 ceroferarios

196 2612 249 2689 (3)
277 2611 397 2687 Cieros,
417 2610 596 2691 incipiendo
615 2631 632 2672 a
649 2612 837 2690 junioribus.

196 2705 249 2784 (t)
278 2704 494 2767 subdiaconus
510 2708 638 2785 portans
656 2704 781 2766 Missaie
797 2726 868 2766 cnm
884 2704 1047 2786 manipulo
1063 2706 1193 2769 incluso.

194 2799 247 2880 (5)
275 2800 441 2880 Presbyter
457 2803 604 2863 assistens
622 2805 654 2864 et
672 2800 830 2864 Diaconus
845 2800 1039 2864 ministrans.

196 2894 248 2969 (a)
278 2892 450 2972 Episcopus
473 2893 556 2954 inter
581 2892 733 2954 Diaconos
756 2893 943 2954 assistentes.

272 2988 374 3068 Prope
390 2987 494 3069 Episc.
513 2988 730 3050 (Taiutatarius.
749 2988 890 3050 Ministri
907 2988 945 3051 de
962 2989 1057 3052 mitra
1073 2994 1105 3051 et
1120 2989 1240 3053 bacuio.

272 3081 413 3144 Ministri
433 3081 471 3142 dc
491 3081 569 3142 libro
588 3096 615 3142 el
638 3081 774 3142 corniola.

192 3179 219 3234 5.
243 3174 284 3235 ln
306 3173 447 3236 Ecclesia
471 3174 496 3234 si
522 3173 695 3253 Episcopus
722 3174 883 3239 irnluatur.
909 3175 946 3234 :nl
974 3176 1121 3237 thronum
1147 3194 1235 3255 para-

148 3272 253 3329 menta
274 3267 382 3335 sumit.
403 3267 525 3329 medius
547 3267 630 3330 inter
654 3266 824 3327 Diaconum
850 3268 1082 3329 ministrantem
1103 3274 1135 3329 et
1158 3268 1236 3330 Sub·

148 3361 324 3423 ‹tiaconum
371 3361 464 3422 Prius
487 3361 514 3424 ei
539 3360 656 3439 caligae
680 3366 711 3422 et
736 3360 876 3423 sandalia
901 3382 919 3422 a
944 3361 1141 3423 Sutuiiacono
1165 3382 1235 3424 cum

149 3455 400 3517 Caeremoniario
428 3454 563 3517 secundo
593 3455 816 3534 imponuntur:
843 3454 956 3518 deinde
986 3455 1159 3536 Episcopus
1185 3456 1235 3516 ‹ie-

146 3550 237 3632 ponit
267 3571 409 3632 cappam,
439 3549 523 3614 lavat
554 3551 692 3625 manus,⁰
722 3554 754 3612 et
783 3551 976 3630 paramentis
1009 3549 1154 3612 induitur
1185 3572 1240 3633 per

153 3643 324 3704 ltiaconum
354 3643 526 3724 adjuvante
556 3642 754 3704 Subdiacono
783 3652 814 3703 ot
843 3641 1097 3703 ministrantibus
1127 3642 1235 3704 Caere·

149 3736 312 3802 moniariis
326 3743 358 3800 et
372 3737 542 3815 acolythis
560 3736 724 3815 Presbyter
739 3735 886 3798 assistens
902 3735 1040 3799 detrahit
1054 3741 1086 3798 et
1101 3736 1236 3816 imponit

148 3830 313 3903 annulum,
324 3837 355 3895 et
368 3831 503 3912 porrigit
515 3829 692 3892 naviculam
706 3829 834 3891 incensi.
870 3829 900 3890 S.
916 3828 1058 3892 Ministri
1072 3835 1237 3893 assumunt

185 3995 317 4047 ⁴Carem.
354 3995 387 4047 U.
424 3993 536 4045 s-Si
575 3991 665 4042 desint
720 3993 755 4042 ad
779 3994 907 4053 Lavabo;
931 3995 964 4042 4⁰
989 3998 1050 4059 post
1073 3993 1236 4045 ablutiones.

149 4072 226 4124 Diac.
244 4086 306 4135 ass,
325 4072 357 4123 D.
374 4075 403 4122 et
421 4070 468 4121 Sd.
486 4085 520 4120 m.
538 4069 665 4134 supplere
722 4069 814 4119 Presb.
828 4071 918 4120 assist.
933 4085 992 4120 cum
1005 4068 1104 4121 osculis
1116 4070 1237 4121 extrahit

146 4150 217 4199 ticet.
254 4149 287 4200 D.
300 4148 378 4200 3114.
390 4148 414 4199 3,
720 4151 748 4195 et
770 4152 865 4210 postea
888 4146 995 4210 reponit
1017 4147 1155 4210 annulum,
1177 4161 1236 4212 por·

185 4231 197 4262 ⁶
218 4225 248 4276 E.
269 4240 295 4289 g.
314 4225 337 4274 si
357 4224 509 4290 Episcopus
527 4222 555 4272 in
575 4223 665 4272 Secre·
721 4222 788 4285 rigis.
801 4224 972 4288 mappulam;
988 4223 1053 4274 item
1066 4237 1115 4287 pro
1130 4224 1237 4274 incenso

151 4302 222 4351 tario
238 4316 284 4351 seu
301 4301 407 4353 Sabello
424 4301 537 4350 indutus
551 4300 597 4350 sit.
722 4298 837 4362 porrigit
858 4301 1025 4364 naviculam3
1045 4298 1130 4350 etiam
1150 4304 1237 4351 trans·

185 4378 345 4429 ⁶tationes
370 4392 511 4429 maurium:
543 4379 574 4427 1⁰
601 4380 666 4426 anto
722 4376 777 4424 tort
793 4375 912 4427 Missale.

154 4453 278 4518 ,iliatam
298 4457 330 4506 2⁰
348 4460 406 4521 post
426 4471 449 4505 v.
466 4455 611 4512 ()ffertor.;
631 4452 663 4497 3⁰
