2804 4890
151 682 212 743 498
255 690 309 745 DE
333 690 475 747 FUNCT.
500 691 607 746 PAST.
633 691 913 749 SACRAMENTIS
936 693 1129 755 souma.

152 857 322 939 regularis3
358 859 413 939 (d)
449 858 559 922 Olerus
589 856 773 935 saecularis3
809 861 858 938 (e)
895 858 1063 922 Celebrans
1091 857 1250 919 “indutus

151 950 374 1031 superpelliceo
393 956 425 1014 et
443 952 523 1014 stola
543 951 645 1030 nigra,
666 952 712 1013 vel
732 951 829 1014 etiam
850 950 981 1031 pluviali
1001 948 1143 1032 ejusdem
1165 947 1249 1013 colo

151 1043 225 1120 ris,''
256 1064 275 1106 a
308 1043 401 1123 cujus
433 1045 530 1106 latere
564 1043 622 1106 ibit
654 1042 785 1105 clericus
815 1042 920 1106 ferens
954 1042 1114 1106 vasculum
1147 1059 1249 1122 aquae

152 1136 332 1200 benedictae
347 1140 378 1199 et
394 1135 539 1211 Rituale;
560 1136 608 1217 (f)
629 1135 697 1214 alii,
712 1136 776 1198 sive
793 1136 866 1199 laici
881 1136 946 1200 sive
962 1135 1068 1200 clerici
1084 1135 1119 1196 in
1134 1133 1250 1198 habitu

151 1228 297 1309 vulgari.²

193 1323 222 1383 2.
245 1320 286 1382 In
305 1321 398 1385 domo
417 1321 560 1386 defuncti
580 1323 628 1385 vel
649 1322 715 1384 loco
735 1321 895 1403 praedicto
915 1342 947 1385 se
967 1321 1085 1385 sistunt
1104 1319 1145 1383 ad
1165 1319 1248 1382 fere

150 1418 238 1476 trum
261 1413 438 1490 Celebrans,
460 1435 532 1476 eum
556 1414 677 1477 Clerico
699 1434 812 1495 aquam
837 1414 1030 1478 benedictam
1052 1415 1183 1488 ferente,
1204 1412 1248 1475 ad

151 1505 245 1586 pedes
260 1505 414 1583 defuncti,
430 1505 574 1569 crucifer
591 1507 674 1569 inter
689 1507 892 1570 ceroferarios
907 1507 947 1570 ad
963 1510 1068 1588 caput,
1083 1509 1116 1569 et
1131 1504 1247 1585 reliqui

150 1600 233 1661 circa
256 1598 419 1662 feretrum
466 1598 632 1662 Celebrans
656 1619 767 1680 eorpus
792 1598 952 1680 adspergit
975 1617 1057 1680 aqua
1080 1597 1246 1661 benedicta

152 1692 186 1753 in
208 1690 322 1766 medio,
344 1711 362 1753 a
384 1690 522 1753 sinistris
544 1695 575 1753 et
596 1712 614 1753 a
636 1691 754 1754 dextris
777 1693 859 1768 suis,
880 1691 993 1755 deinde
1014 1692 1140 1755 inchoat
1162 1692 1247 1753 anti·

151 1784 289 1863 phonam
304 1782 342 1845 Si
356 1783 550 1864 iniquitates,
565 1787 598 1846 et
613 1783 724 1846 recitat
739 1804 811 1846 cum
828 1784 919 1849 Clero
935 1786 986 1848 Ps.
1002 1785 1050 1848 De
1065 1784 1247 1867 profundis,

151 1881 221 1952 etc,
248 1876 361 1955 repetit
385 1876 591 1955 antiphonam
617 1881 726 1939 totam.
775 1875 896 1940 Deinde
922 1878 1020 1940 funus
1046 1875 1186 1952 effertur,
1214 1883 1247 1941 et

151 1967 326 2049 procedunt
345 1967 452 2032 eodem
472 1968 583 2032 ordine
602 1989 663 2050 quo
682 1975 831 2032 venerant
857 1971 910 2049 (ut
929 1970 1056 2050 supra),
1077 1967 1248 2034 Celebrans

151 2060 338 2141 praecedens
363 2061 517 2125 feretrum
544 2061 717 2124 luminibus
743 2062 921 2141 stipatum,³
948 2061 1043 2125 “inde
1070 2064 1247 2142 sequuntur

150 2154 206 2217 alii
244 2153 342 2216 funus
378 2152 594 2216 comitantes.''
653 2154 820 2217 Celebrans
857 2153 1003 2218 “intonat
1038 2153 1244 2233 antiphonam

151 2246 365 2311 Essnltabnnt
383 2247 530 2319 Domino,
551 2251 583 2309 et
602 2250 743 2309 cantores
763 2246 912 2310 inchoant
934 2246 984 2308 Ps.
1005 2246 1153 2310 Miserere
1175 2251 1247 2319 ete,

152 2360 187 2402 ac
209 2340 235 2402 si
260 2338 425 2419 longitudo
449 2340 572 2401 itineris
595 2338 809 2419 postulaverit,
834 2338 981 2401 dicantur
1004 2338 1056 2401 Ps.
1080 2337 1247 2420 graduales

150 2432 196 2495 rel
218 2432 273 2493 alii
296 2432 408 2512 psalmi
431 2453 467 2494 ex
489 2432 597 2493 Officio
619 2430 849 2494 Mortuerum.''

199 2524 253 2604 (Si
277 2543 389 2604 eorpus
414 2545 476 2586 non
503 2525 534 2584 in
560 2522 743 2600 Ecclesiam,
768 2524 819 2586 sed
845 2525 952 2586 statim
979 2524 1017 2586 ad
1044 2523 1246 2604 sepulchrum

151 2617 304 2692 defertur,
324 2616 465 2697 seqnitur
485 2616 659 2696 antiphona
680 2616 721 2678 In
741 2616 949 2698 paradisuml

193 2710 264 2771 “Ad
281 2711 457 2788 ingressum
474 2708 650 2770 Ecclesiae'’
664 2714 762 2771 cessat
779 2715 888 2771 cantus
905 2709 1028 2790 psalmi,
1045 2708 1248 2772 concluditur

151 2823 206 2884 per
223 2803 373 2884 Requiem
403 2851 409 2863 .
445 2851 451 2863 .
479 2801 509 2864 ei
526 2800 672 2873 Domine,
692 2806 724 2864 et
743 2801 917 2882 “repetitur
937 2801 1109 2881 antiphona
1128 2802 1245 2866 Bront-

153 2897 264 2957 tebnnt
283 2895 419 2957 Domino
437 2894 516 2957 cte.''

194 2991 222 3050 3.
246 2987 416 3050 Ecclesiam
447 2987 576 3065 ingrcssi
606 2989 735 3049 cantant
764 2987 1016 3066 llesporrsorium,
1045 2990 1170 3051 cantore
1199 2992 1247 3049 in-

153 3081 297 3160 cipiente,
315 3086 347 3143 et
366 3078 456 3141 Clero
475 3079 655 3141 alternatim
676 3078 892 3158 respondente,
910 3078 1054 3143 videlicet
1074 3081 1246 3144 seriumne

151 3171 245 3236 ete.''⁴
288 3172 451 3251 Tempore,
472 3191 533 3250 quo
555 3171 737 3247 absolvitur,
759 3170 863 3234 clerici
887 3193 917 3234 se
940 3172 1089 3236 dividunt
1109 3173 1143 3234 in
1165 3173 1248 3236 duas

153 3264 260 3339 lineas,
283 3268 314 3327 et
339 3265 372 3324 in
399 3263 501 3325 medio
526 3284 632 3326 eurum
658 3263 827 3343 deponitur
853 3265 1015 3338 feretrum,
1040 3266 1107 3330 “ita
1130 3270 1167 3329 ut
1195 3268 1247 3331 de-

152 3357 255 3419 functi
271 3356 374 3437 pedes,
390 3357 415 3418 si
432 3356 530 3418 fuerit
544 3356 652 3427 laicus,
669 3355 733 3419 sint
750 3376 854 3418 versus
870 3356 979 3418 Altare
995 3358 1117 3437 majus3
1132 3359 1157 3421 si
1173 3380 1248 3423 vero

153 3448 313 3525 Sacerdos,
330 3453 425 3530 caput
442 3449 484 3511 sit
501 3468 607 3511 versus
624 3448 728 3529 ipsum
746 3447 900 3511 Altare.''⁶
940 3448 1107 3513 Celebrans
1124 3454 1188 3515 stat
1206 3453 1248 3516 ad

185 3606 381 3671 ²Martinneei,
402 3606 451 3658 IV.
473 3608 498 3669 8,
520 3607 566 3670 143
588 3608 617 3659 et
636 3604 670 3657 D.
755 3604 950 3658 ⁴⁴‘Feretrum
1007 3608 1157 3675 deponetur
1217 3612 1247 3663 in

150 3683 191 3733 14.
210 3683 280 3734 Mar.
301 3683 376 3747 1903,
394 3699 420 3733 n.
438 3682 514 3734 4109.
720 3681 811 3733 media
834 3683 957 3735 Ecclesia
980 3689 1007 3736 et
1031 3686 1190 3737 cantabitur
1213 3689 1247 3740 R.

186 3758 303 3809 ⁸“Cum
328 3757 512 3823 antiquissimi
537 3758 607 3809 ritus
631 3773 670 3810 ee·
721 3755 908 3808 Subvenite.’'
948 3760 1123 3825 Martinueei,
1146 3761 1197 3814 IV.
1220 3765 1248 3826 8,

149 3834 295 3886 elesiastici
317 3835 362 3896 sit,
385 3849 476 3886 cereos
496 3848 622 3886 accensos
642 3834 670 3884 in
720 3832 762 3883 23.

149 3911 269 3975 exequiis
287 3915 313 3961 et
333 3910 477 3962 funeribus
495 3910 611 3974 deferre,
629 3925 671 3961 ca·
756 3909 850 3961 ⁶Item
867 3912 956 3976 quoad
973 3913 1095 3965 tumbam
1111 3914 1139 3964 in
1155 3915 1248 3970 efficio

150 3991 231 4038 veant
250 3986 375 4049 Paroehi,
396 4002 429 4039 ne
447 3986 583 4051 ejusmodi
601 3984 672 4037 ritus
722 3986 856 4050 exequiali
888 3989 997 4052 quando
1028 4003 1125 4056 corpus
1154 4004 1247 4044 saeer-

150 4062 322 4123 omittantur,
341 4078 372 4114 ac
389 4063 505 4127 nequid
524 4064 672 4114 arareaut
723 4062 795 4112 dotis
824 4078 877 4115 non
906 4065 998 4129 potuit
1028 4067 1062 4118 ad
1094 4067 1248 4121 Ecclesiam

151 4137 263 4203 indigne
283 4139 309 4187 in
328 4154 360 4189 ee
379 4137 605 4189 committatur.''
641 4139 670 4188 Si
723 4137 833 4188 deferri.
863 4139 895 4189 ln
922 4141 1058 4192 delatione
1085 4142 1182 4193 feretri
1211 4148 1248 4197 ad

150 4215 287 4265 commode
316 4213 418 4264 deferri
448 4217 592 4277 nequeunt,
621 4213 670 4264 sal·
721 4214 870 4265 Ecclesiam
930 4231 1029 4282 corpus
1089 4217 1251 4272 Sacerdotis

151 4294 205 4341 tem
221 4290 246 4338 in
262 4289 384 4341 Ecclesia
398 4289 452 4339 sint
467 4289 585 4355 appositi
600 4290 674 4341 circa
722 4290 813 4341 eonem
852 4293 907 4341 situ
947 4307 999 4357 qno
1037 4309 1134 4359 corpus
1173 4297 1250 4359 laici,

153 4366 299 4427 feretrunr;
325 4365 439 4416 “cereis
460 4366 579 4416 accensis
600 4381 672 4416 curn
722 4380 817 4431 nempe
832 4382 890 4416 cum
908 4368 1024 4432 'tectibus
1038 4373 1170 4434 anterius,
1185 4388 1248 4438 por·

151 4456 249 4507 corpus
272 4441 380 4491 dicatur
403 4440 557 4492 officium.''
602 4442 671 4492 (Rit.
722 4447 804 4492 tatur.
839 4444 882 4493 f'f.
900 4444 959 4494 Vnn
978 4447 1245 4513 ‹lerStappemLit

152 4517 244 4581 Rom.)
720 4515 780 4570 Sac.
802 4517 849 4568 IV.
871 4534 896 4584 p.
917 4520 975 4572 258.
