2804 4890
406 668 791 723 ANIMADVERSIONES
816 667 1026 723 Pausulae.
1200 656 1256 718 431

212 838 239 895 9.
264 836 368 909 Quium
392 835 574 915 Baptismus
597 835 748 915 privatus,
771 835 809 896 ob
833 834 943 895 mortis
967 832 1152 915 periculum,
1175 832 1260 894 domi

171 928 378 991 conserendus
394 934 450 1003 est,
468 927 626 1003 Sacerdos,
642 927 721 990 stola
737 928 807 989 alba
824 927 965 1001 indutus,
980 928 1103 987 omissis
1118 925 1262 987 omnibus

169 1027 242 1082 ante
263 1021 460 1100 Baptismunr
480 1018 621 1081 dicendis
642 1021 686 1080 sel
706 1019 845 1100 agendis,
866 1020 1132 1082 Calechurncnuna
1154 1018 1260 1081 statim

170 1113 253 1175 trina
270 1114 316 1174 rel
333 1114 428 1176 ctiam
446 1133 508 1175 una
527 1133 622 1192 aquae
641 1113 800 1174 infusione
819 1113 878 1173 rite
897 1113 1030 1191 baptiset
1040 1132 1049 1187 ;
1068 1116 1173 1192 postca
1191 1131 1261 1172 sero

170 1206 196 1266 si
210 1212 332 1286 tempus
346 1206 447 1267 adhuc
461 1209 617 1285 suppetat,
630 1212 661 1268 et
675 1205 819 1267 Chrisma
833 1225 936 1267 secum
953 1206 1072 1280 lrabeat,
1086 1204 1179 1266 liniat
1190 1223 1262 1265 eum

172 1298 204 1359 in
225 1298 349 1374 vertice,
370 1305 401 1361 et
421 1298 585 1361 linteolum
607 1297 777 1359 candidum
800 1299 951 1377 imponat,
972 1297 1193 1377 candelamque
1215 1318 1262 1358 ac-

170 1411 294 1453 censam
308 1392 337 1455 ei
352 1391 502 1471 porrigat,
516 1391 597 1454 sicut
612 1391 644 1451 in
659 1389 777 1452 Ordine
790 1390 968 1469 baptizandi
985 1388 1131 1452 traditur.
1153 1392 1257 1470 (238.)

213 1488 260 1545 10.
285 1483 445 1546 Haeretici
465 1482 614 1564 plerique,
633 1502 704 1545 cum
723 1483 761 1546 de
781 1483 944 1562 Baptismo
963 1502 1074 1563 pamm
1094 1486 1175 1545 recte
1194 1501 1261 1543 sen·

171 1577 254 1638 tiant
277 1624 284 1638 .
327 1624 333 1636 .
375 1625 383 1651 ,
403 1576 483 1637 ritus
501 1574 662 1656 quosdam,
681 1574 748 1637 sine
767 1574 880 1655 quibus
900 1575 982 1637 haud
1002 1575 1146 1638 consistit
1164 1593 1263 1636 sacra-

170 1669 270 1731 menti
294 1670 374 1731 ratio
398 1667 556 1748 negligere
580 1667 689 1730 solent.
739 1667 873 1748 Ideoque
899 1688 959 1743 eos,
985 1687 1081 1749 quum
1107 1667 1263 1730 Ecclesiae

171 1782 282 1823 nomen
302 1762 390 1836 dant,
410 1762 522 1824 iterum
544 1761 693 1841 baptizari
713 1764 780 1843 fera
798 1782 921 1842 semper
939 1762 1085 1840 oportet.⁴
1109 1761 1215 1838 (240.)

215 1859 262 1915 11.
287 1854 376 1928 Quod
402 1854 486 1915 idem
510 1853 679 1915 dicendum
703 1859 760 1928 est,
784 1854 810 1915 si
836 1854 918 1918 forte
942 1853 1073 1915 dubium
1099 1853 1137 1914 de
1161 1851 1264 1916 valore

172 1948 326 2026 Baptismi
354 1947 391 2007 ab
418 1946 592 2022 obstetrice,
619 1953 675 2007 aut
700 1946 761 2006 alia
787 1964 919 2026 persona
943 1946 1022 2009 laica
1048 1945 1262 2007 administrati

171 2041 341 2101 excitatum
363 2039 470 2100 fuerit.
515 2038 587 2099 Non
608 2037 704 2112 illico,
725 2039 763 2101 ob
783 2043 927 2099 exortum
948 2038 1079 2100 dubium
1103 2037 1264 2099 iterandus

170 2136 216 2192 est
237 2131 437 2210 Baptisnms;
457 2131 510 2191 sed
531 2137 597 2191 tota
618 2149 665 2191 res
685 2133 774 2193 caute
794 2136 825 2191 et
845 2130 1014 2210 diligenter
1036 2129 1263 2210 investiganda,

172 2230 202 2286 et
225 2223 405 2286 testimonia
425 2242 542 2296 eorum,
563 2224 617 2302 qui
639 2222 865 2295 interfuerunt,
886 2222 1072 2284 definienda.
1119 2223 1224 2300 (241.)

215 2320 262 2377 12.
287 2316 407 2394 Optant
432 2314 589 2395 praesules
613 2314 710 2392 hujus
735 2313 912 2393 provinciae
937 2318 973 2376 ut
999 2314 1173 2377 benedictio
1196 2335 1263 2376 mu·

172 2409 257 2469 lieris
277 2413 345 2487 post
366 2410 491 2486 partum
511 2426 574 2467 non
594 2404 779 2486 promiscue,
797 2411 891 2484 atque
910 2405 998 2467 nulla
1018 2407 1137 2470 ratione
1157 2407 1264 2469 habita

172 2520 340 2581 puerperae
357 2497 596 2578 dispositionis,⁵
615 2517 713 2577 neque
731 2503 819 2560 extra
838 2496 1008 2560 Ecclesiam
1026 2498 1073 2561 sel
1091 2498 1195 2562 locum
1210 2499 1264 2561 ubi

173 2614 296 2655 sacrum
314 2593 360 2665 fit,
381 2592 413 2652 in
433 2597 592 2671 posterum
612 2591 802 2653 conferatur.
829 2592 934 2669 (246.)

213 2784 284 2849 272.
307 2786 368 2847 “ln
389 2785 587 2848 conversione
604 2782 831 2845 haereticorum
850 2803 868 2845 a
885 2803 1078 2865 quocumque
1097 2785 1164 2849 loco
1183 2786 1267 2850 vela

172 2898 365 2961 quacumque
383 2882 465 2939 secta
482 2876 635 2950 venerint,
654 2874 878 2956 inquirendum
894 2882 940 2940 est
956 2877 995 2940 de
1013 2878 1175 2942 validitate
1192 2879 1264 2959 bap-

173 2974 258 3035 tismi
282 2974 314 3034 in
335 2970 453 3033 haeresi
474 2968 619 3047 suscepti.
640 2967 794 3030 Instituto
815 2969 914 3046 igitur
935 2969 968 3031 in
989 2969 1122 3049 singulis
1144 2971 1264 3034 casibus

173 3067 325 3134 examine,
344 3064 369 3124 si
390 3067 586 3142 compertum
605 3060 712 3130 fuerit,
732 3067 785 3123 aut
805 3059 929 3123 nullum
948 3068 1004 3126 aut
1025 3063 1155 3126 nulliter
1174 3063 1265 3126 colla·

176 3163 241 3219 tmn
259 3157 365 3227 fuisse,
379 3152 559 3235 baptizandi
576 3157 669 3215 erunt
684 3152 839 3214 absolute:
857 3154 883 3214 si
898 3159 1003 3217 autern
1018 3177 1074 3236 pro
1090 3164 1265 3236 temporum

174 3255 229 3312 ant
256 3249 393 3311 locorum
420 3248 552 3315 ratione,
580 3245 820 3324 investigatione
846 3252 981 3326 peracta,
1010 3248 1090 3310 nihil
1119 3249 1183 3314 sive
1211 3270 1267 3331 pro

176 3341 347 3415 validitate,
368 3342 431 3403 sive
452 3359 508 3420 pro
531 3337 739 3412 invaliditatc,
759 3339 934 3418 detegatur,
957 3345 1012 3402 aut
1034 3341 1135 3404 adhuc
1158 3343 1266 3423 proba·

209 3493 292 3543 ⁴“lf
312 3509 350 3544 we
371 3493 450 3543 could
471 3493 539 3542 have
560 3490 692 3541 sufficient
746 3505 780 3542 on
800 3492 846 3543 the
867 3493 948 3557 child,
969 3496 1084 3546 without
1104 3500 1183 3550 much
1204 3515 1268 3551 anx·

172 3571 317 3634 certainty,
333 3570 417 3620 about
434 3570 480 3621 the
497 3568 616 3632 baptism
633 3579 692 3616 con·
751 3567 806 3630 iety
836 3582 868 3618 as
898 3572 926 3619 to
958 3571 1077 3622 whether
1108 3574 1174 3637 they
1205 3590 1268 3639 may

171 3649 262 3700 ferred
283 3648 310 3697 in
331 3661 386 3710 any
406 3646 566 3697 Protestant
584 3647 641 3695 sect
661 3646 691 3694 at
750 3644 831 3693 touch
859 3643 905 3694 tha
934 3644 1003 3708 skin,
1032 3661 1063 3695 or
1090 3649 1191 3711 merely
1220 3651 1270 3701 fal!

175 3725 219 3774 the
251 3726 359 3787 present
392 3722 454 3784 day,
486 3720 509 3770 it
540 3718 628 3769 would
659 3718 694 3768 be
752 3734 786 3768 on
819 3720 864 3769 the
897 3720 1011 3771 dress.”
1043 3722 1107 3772 Ber.
1141 3724 1269 3777 O'Kane.

169 3801 253 3851 about-
273 3800 334 3850 that
352 3799 496 3850 conferred
516 3797 554 3860 by
571 3798 617 3847 the
637 3796 691 3846 An·
751 3793 837 3845 Notes
858 3811 892 3846 on
916 3797 961 3847 the
982 3797 1099 3849 Rubries
1119 3801 1152 3851 of
1173 3802 1218 3852 the
1240 3802 1270 3853 R.

170 3877 282 3936 plicans.
307 3914 313 3926 .
342 3915 348 3926 .
372 3875 426 3927 Yet
447 3875 523 3924 there
545 3873 569 3922 is
590 3873 692 3935 always
750 3870 853 3933 Ritual,
878 3887 904 3922 n.
930 3874 989 3923 458.

172 3952 305 4002 sufficient
323 3964 418 4001 reason
436 3953 465 3999 to
482 3947 576 4010 doubt,
595 3947 621 3995 in
639 3961 693 4008 any
782 3948 811 3985 ⁵⁴
819 3948 826 3972 ⁴
834 3949 1033 4001 Tantummodo
1057 3951 1120 4005 illae
1144 3956 1270 4007 mulieres

174 4028 324 4093 particular
351 4040 421 4088 case,
449 4025 568 4075 whether
596 4023 618 4073 it
645 4023 694 4072 has
747 4022 795 4086 jus
820 4024 856 4074 ad
882 4024 957 4076 illam
983 4026 1198 4081 benedictionem
1225 4033 1269 4083 ha·

174 4106 239 4154 l‘een
269 4103 391 4165 actually
419 4100 562 4151 conferred
595 4099 621 4148 in
649 4098 694 4147 the
746 4099 821 4162 bent,
854 4115 923 4165 qnae
955 4117 988 4154 ex
1020 4103 1143 4165 legitimo
1176 4108 1268 4158 matri.

174 4194 284 4230 rnanner
306 4177 425 4228 directed
447 4176 484 4240 by
504 4176 550 4225 the
571 4177 692 4240 ‘prayer
748 4176 837 4226 naonio
872 4179 1074 4241 pepererunt.”
1123 4180 1149 4232 8.
1182 4182 1210 4234 0,
1242 4185 1269 4236 t‘,

175 4255 266 4305 l=oolr.'
286 4293 318 4304 ..
365 4253 437 4316 Very
466 4252 622 4316 frequently
649 4251 694 4299 the
750 4254 780 4302 18
804 4252 869 4303 Jun.
895 4254 969 4304 1859.
1010 4256 1047 4305 At
1070 4273 1123 4308 non
1146 4260 1268 4324 prohibe·

175 4333 297 4381 minister
330 4335 455 4379 contenis
486 4327 597 4377 himself
628 4327 693 4375 with
747 4332 792 4378 tur
811 4329 945 4392 parochis.
965 4333 1107 4394 quominus
1126 4336 1190 4385 aliis
1207 4350 1268 4399 qno·

174 4409 291 4473 dipping
312 4406 354 4456 his
376 4406 462 4468 linger
486 4405 511 4452 in
533 4404 579 4454 the
602 4406 692 4453 water,
750 4419 801 4465 quo
821 4404 980 4455 mulieribus
1000 4406 1170 4459 benedicant.
1201 4410 1269 4464 Acta

174 4485 228 4539 und
252 4482 387 4548 throwing
409 4496 460 4531 one
483 4495 513 4530 or
536 4484 589 4530 two
613 4480 694 4549 drops
751 4478 778 4529 8.
797 4478 883 4534 Sedis.
