2804 4890
167 655 230 719 396
313 666 368 721 ΒΕ
390 666 562 723 orrrcfls
585 667 663 723 VEL
686 668 821 723 rnsrls
844 667 1116 726 SPEOIALIBUS.

168 835 249 898 ratio
275 837 459 914 intercedat,
486 837 533 899 vel
561 839 656 900 etiam
683 838 710 899 si
738 839 846 902 eodem
873 839 950 918 loco,
977 837 1086 904 eodem
1113 843 1264 920 tempore,

167 928 275 993 eadem
297 930 334 993 de
358 949 451 993 causa
472 932 570 992 vitam
592 929 737 1008 obierint,
761 931 919 995 Patronus
941 937 997 996 aut
1019 933 1102 994 alius
1126 931 1264 996 Sanctus

167 1022 314 1104 proprius
329 1043 347 1085 a
361 1023 461 1088 Sociis
474 1044 538 1087 non
552 1027 724 1104 separatur,
739 1025 792 1088 sed
807 1026 846 1088 de
860 1026 1006 1088 omnibus
1020 1023 1115 1088 simul
1128 1023 1263 1088 celebra·

166 1121 221 1181 tur
235 1116 365 1180 Festum
377 1117 434 1179 sub
450 1118 515 1179 ritu
529 1118 583 1198 qui
599 1117 737 1180 Patrono
751 1125 807 1181 aut
823 1118 939 1182 Sancto
951 1119 1079 1199 proprio
1094 1122 1262 1198 competat.

168 1207 258 1283 Quod
273 1209 350 1273 itam
365 1209 412 1288 fit,
426 1210 454 1272 si
469 1228 577 1272 omnes
591 1208 729 1290 qualibet
744 1210 783 1273 de
798 1230 891 1273 causa
905 1211 1001 1274 simul
1017 1211 1052 1273 in
1068 1208 1264 1274 Kalendario

167 1301 317 1383 descripti
338 1303 404 1367 sint
426 1303 483 1365 sub
507 1303 572 1366 ritu
597 1303 716 1383 duplici
741 1305 856 1383 majori
881 1304 928 1367 vel
953 1304 1070 1366 minori
1092 1306 1149 1366 aut
1170 1303 1264 1367 serni·

166 1394 296 1476 duplici.
345 1395 385 1457 In
409 1396 460 1458 his
487 1402 592 1459 tamen
620 1396 740 1458 casibus
767 1396 899 1459 Patroni
927 1397 975 1460 vel
1003 1397 1112 1460 Sancti
1139 1398 1262 1478 proprii

166 1506 280 1550 nomen
296 1493 328 1552 et
340 1494 438 1568 gesta,
453 1508 531 1569 quae
547 1489 690 1566 sejuncta
706 1489 781 1565 sint,
797 1490 830 1551 in
848 1490 997 1552 Oratione
1012 1496 1044 1552 et
1059 1488 1263 1552 Lectionibus

167 1579 202 1640 ΙΙ
221 1579 379 1644 Nocturni
397 1581 520 1643 nomini
539 1586 570 1645 et
588 1581 685 1661 gestis
703 1581 867 1644 Sociorum
887 1580 1156 1663 praeferuntur.''²

209 1680 238 1741 3.
262 1677 353 1741 Infra
371 1684 522 1755 octavam,
541 1680 567 1742 si
585 1680 673 1742 aliud
691 1681 808 1742 festum
827 1679 942 1761 duplex
959 1681 1063 1760 majus
1081 1680 1262 1742 autminus

169 1771 217 1832 vel
248 1769 443 1850 semiduplex
476 1772 523 1834 vel
557 1771 724 1834 Dominiea
752 1776 905 1848 occurrat,
937 1772 976 1834 fit
1008 1771 1263 1835 commemoratio

167 1866 292 1926 octavae
309 1864 342 1924 in
358 1863 529 1939 Laudibus,
546 1864 644 1927 Missa
660 1870 692 1927 et
708 1865 856 1944 Vesperis
877 1867 1015 1946 (semper
1031 1886 1069 1927 ex
1087 1869 1115 1926 2.
1132 1863 1262 1943 Vesp.).

170 1955 205 2019 si
222 1955 340 2018 festum
358 1958 375 2017 9
394 1957 564 2018 lectionum
581 1977 645 2018 non
662 1961 814 2033 occurrat,
833 1957 869 2021 fit
884 1958 922 2019 de
939 1958 990 2019 die
1007 1956 1093 2018 infra
1109 1959 1262 2018 octavam.

168 2047 215 2113 De
235 2047 286 2111 die
306 2053 413 2111 octava
433 2048 470 2112 fit
488 2048 622 2112 officium
644 2051 737 2128 juxta
757 2048 880 2129 regulas
900 2050 1122 2112 occurrentiae.

209 2148 238 2209 4.
262 2145 298 2208 Si
314 2145 432 2209 festum
448 2145 602 2209 Titularis
618 2145 774 2211 Ecclesiae
790 2148 917 2228 proprio
933 2147 984 2210 die
998 2168 1035 2210 er
1051 2147 1262 2210 Rubricarum

167 2239 359 2322 praescripto
381 2239 529 2301 celebrari
552 2259 615 2302 non
638 2238 746 2320 possit,
769 2240 816 2302 vel
836 2242 879 2302 sit
899 2239 1168 2302 extraordinarius
1189 2254 1262 2302 con·

167 2350 276 2396 cursus
295 2331 405 2413 populi
425 2332 464 2394 ad
484 2331 704 2394 celebrandum
725 2333 842 2394 festum
866 2330 1000 2412 [aliud],
1019 2332 1112 2412 quod,
1132 2331 1206 2395 licet
1226 2352 1262 2394 eo

167 2423 219 2486 die
235 2428 388 2500 occurrat,
405 2425 437 2485 in
455 2425 553 2488 officio
572 2429 675 2486 tamen
693 2429 724 2488 ct
743 2425 839 2486 Missa
856 2425 1023 2487 transferri
1040 2424 1141 2498 debet,
1159 2428 1261 2504 potest

168 2518 289 2580 cantari
314 2516 411 2579 Missa
434 2517 472 2579 de
496 2516 633 2578 Titulari
659 2517 704 2578 vel
730 2519 789 2579 isto
811 2518 891 2580 testo
915 2518 964 2578 uti
988 2518 1091 2578 votiva
1113 2514 1262 2579 solemnis

168 2629 240 2672 curn
256 2610 350 2672 unica
367 2609 516 2672 Oratione
532 2615 563 2671 et
580 2608 751 2687 Evangelio
767 2610 798 2671 S.
816 2609 952 2671 «loannis
968 2611 1001 2670 in
1018 2609 1097 2684 fine;
1113 2610 1263 2687 “excepta

170 2701 336 2764 Dominica
353 2701 378 2762 Ι.
415 2701 507 2776 Adv,
524 2703 582 2764 fer.
599 2701 657 2763 IV.
676 2701 757 2777 Cin,
776 2701 865 2764 Dom.
883 2702 908 2762 l.
927 2700 1038 2775 Quad,
1056 2700 1145 2762 Dom.
1163 2700 1261 2773 Pass,

169 2793 259 2855 Dom.
277 2792 344 2854 Pal.
362 2813 433 2855 cum
448 2798 515 2855 tota
531 2792 735 2854 Hebdomada
750 2794 876 2871 majori,
893 2793 983 2854 Dom.
1004 2794 1111 2856 Resur.
1128 2813 1200 2855 cum
1217 2814 1261 2855 se-

167 2887 276 2967 quenti
295 2884 400 2960 biduo,
419 2884 510 2947 Dom.
531 2886 564 2945 in
583 2884 653 2947 Alb.
674 2884 764 2947 Dom.
785 2887 874 2947 Pent.
894 2905 965 2947 cum
983 2885 1104 2947 duabus
1121 2890 1260 2965 sequent.

168 2978 267 3052 feriis,
284 2976 373 3038 Dom.
389 2976 497 3039 Ssrnae
512 2976 691 3052 Trinitatis,
706 2977 757 3039 die
773 2978 880 3041 Nativ.
896 2976 1036 3052 Domini,
1053 2977 1262 3057 Epiphaniae,

168 3069 367 3132 Ascensionis
394 3072 425 3131 et
451 3069 532 3131 festo
559 3068 705 3147 Corporis
731 3069 850 3130 Christi
860 3068 903 3144 ;''⁸
930 3075 962 3132 et
988 3071 1144 3150 “exceptis
1170 3068 1262 3131 festis

169 3161 226 3225 SS.
246 3162 356 3242 Apost.
377 3160 464 3222 Petri
484 3166 515 3223 et
535 3159 638 3236 Pauli,
659 3161 893 3241 Assumptionis
914 3164 950 3224 B.
972 3163 1015 3225 M.
1036 3163 1087 3235 V,
1108 3162 1261 3224 Omnium

169 3254 368 3330 Sanctorum,
391 3252 569 3328 Titularis,⁴
595 3252 625 3314 S.
650 3252 785 3314 Joannis
809 3254 970 3333 Baptistae
991 3261 1021 3317 et
1045 3253 1261 3316 Dedicationis

167 3346 312 3428 propriae
331 3344 485 3408 Ecclesiae
495 3344 538 3420 ;”15
558 3346 590 3407 in
610 3344 722 3425 quibus
739 3345 848 3407 diebus
866 3347 1002 3408 sumitur
1021 3347 1119 3408 Missa
1137 3346 1211 3420 diei,
1230 3351 1262 3410 et

167 3460 230 3504 non
251 3439 324 3502 licet
344 3438 505 3502 collectam
527 3459 580 3500 seu
603 3439 927 3500 commemorationem
952 3439 1035 3509 testi,
1056 3439 1137 3518 quod
1159 3443 1261 3501 trans·

167 3533 280 3605 fertur,
305 3532 502 3611 adjungero.⁰
552 3529 648 3591 Missa
674 3552 744 3593 vero
772 3531 986 3592 conventualis
1012 3531 1050 3593 de
1077 3531 1127 3593 die
1153 3531 1259 3594 omitti

166 3627 276 3706 nequit
294 3626 326 3686 in
346 3623 493 3685 Ecclesiis
510 3623 563 3684 ubi
580 3628 626 3686 est
642 3622 791 3702 obligatio
809 3623 904 3685 ebori.

209 3723 237 3781 5.
262 3718 300 3778 In
320 3716 467 3778 Ecclesiis
487 3721 515 3778 et
538 3714 692 3777 Oratoriis
711 3715 844 3794 publicis
863 3716 974 3778 saltem
992 3715 1174 3791 benedictis,
1193 3716 1260 3796 qni·

166 3811 224 3874 bns
249 3808 356 3872 nullus
383 3808 492 3870 Clarus
516 3807 691 3886 adscriptus
717 3811 773 3880 est,
798 3807 836 3872 de
862 3807 999 3870 Titulari
1027 3810 1058 3870 in
1084 3810 1154 3888 ejus
1181 3809 1261 3871 festo

168 3904 265 3966 Missa
290 3902 410 3964 cantari
434 3905 536 3980 potest
560 3900 615 3961 sub
641 3899 705 3960 ritu
730 3899 816 3979 ‹lnpl
844 3904 890 3960 1le
915 3901 1021 3962 classis
1045 3922 1115 3963 curn
1144 3889 1260 3969 Olorio'.

168 3995 268 4059 credo
284 3999 315 4056 et
331 3991 688 4064 commemorationibus,
705 4012 783 4071 quac
799 3995 831 4055 in
851 3992 939 4056 festis
956 3995 971 4054 1
989 3994 1027 4056 cl.
1044 3992 1261 4057 admittuntur

173 4088 271 4166 (nihil
285 4087 323 4148 de
338 4083 452 4164 simpl,
468 4083 575 4161 vigilia
589 4089 618 4145 et
633 4085 683 4145 die
699 4084 783 4145 infra
797 4090 935 4146 octavam
951 4086 1182 4165 communem),
1196 4107 1260 4149 orn-

203 4244 320 4295 ²Novaa
339 4243 423 4294 Rubr.
444 4242 495 4292 IX.
514 4245 564 4294 4.5.
739 4260 895 4296 coneursum
917 4246 1020 4313 populi.

203 4319 310 4370 ⁸Rubr.
332 4319 436 4369 Miasal.
459 4335 484 4384 p.
508 4320 524 4381 l,
545 4319 589 4369 tit.
612 4321 635 4368 6.
776 4321 829 4372 5D.
851 4323 927 4373 2738.

202 4393 282 4448 *Ubi
305 4394 399 4461 agitur
422 4395 455 4446 de
479 4394 552 4447 testo
576 4395 630 4445 alio
654 4396 689 4446 ob
774 4398 829 4448 ⁶1).
845 4398 921 4449 3009.
937 4399 961 4450 2.
