2804 4890
465 1197 626 1344 &aa
668 1198 885 1345 &tima

123 1463 200 1537 Da
241 1463 630 1540 SAGROSANOTO
667 1467 865 1541 MISSAE
902 1465 1216 1542 SACRIFIOIO.

548 1867 739 1944 CAPUT
768 1868 803 1945 Ι.

197 2051 256 2107 na
277 2051 522 2119 na0ms1r1s
543 2054 600 2108 nn
625 2054 785 2110 masan
809 2052 1139 2111 CELEBRANDAM.

588 2217 703 2289 ΛΒΤ.
729 2217 759 2287 Ι.

467 2403 517 2454 DE
544 2402 639 2454 LOCO
665 2403 879 2455 sncmnlcn.

170 2552 200 2616 7.
224 2552 332 2616 Mrssa
347 2555 418 2635 jure
434 2555 594 2619 ordinario
609 2554 757 2619 celebrari
772 2555 863 2620 debet
878 2562 934 2619 aut
949 2557 984 2619 in
1000 2555 1148 2620 Ecclesiis
1163 2559 1222 2620 aut

124 2650 162 2711 in
176 2648 331 2711 Oratoriis
344 2669 399 2711 seu
413 2649 548 2729 Capellis
561 2648 672 2712 saltem
685 2650 856 2712 benedictis
869 2652 1055 2714 auctoritate
1067 2650 1218 2730 legitima.

168 2741 311 2806 Ecclesia
326 2742 528 2823 intelligitur,
543 2762 620 2823 quae
634 2764 669 2806 eo
683 2744 883 2824 potissimum
898 2744 959 2807 fine
975 2744 1169 2820 aedificatur,
1182 2747 1220 2806 ut

125 2836 254 2917 publico
272 2835 374 2899 fidelis
392 2837 503 2917 pepuli
522 2837 593 2898 usui
612 2838 776 2913 deserviat,
794 2843 826 2901 et
845 2857 922 2918 quae
940 2841 988 2901 est
1006 2838 1219 2918 independens

126 2931 245 3010 aliique
260 2929 417 2993 Ecclesiae
431 2949 495 2994 nou
509 2930 660 3010 subjecta,
676 2932 719 2993 ita
735 2936 771 2994 ut
786 2932 1020 2995 administratio
1038 2932 1218 2995 Sacramen-

126 3029 234 3087 torum
259 3029 316 3088 ete.
343 3023 386 3086 ibi
411 3025 483 3104 jure
507 3025 635 3105 proprio
660 3029 691 3087 et
717 3047 780 3088 non
805 3025 992 3088 subsidiaria
1017 3030 1217 3107 peragantur.

128 3119 277 3181 Oratoria
293 3138 364 3180 vero
381 3118 517 3198 triplicis
534 3122 610 3181 sunt
625 3119 764 3198 generis:
783 3119 917 3201 publica,
936 3120 1059 3201 privata
1076 3141 1111 3181 ac
1128 3121 1218 3182 semi-

127 3212 263 3292 publica.
299 3212 445 3275 Oratoria
457 3211 583 3294 publica
596 3232 631 3274 ea
645 3217 729 3288 sunt,
743 3213 841 3292 “quae
855 3214 1041 3276 auctoritate
1056 3213 1217 3275 Ordinarii

125 3306 166 3368 ad
179 3305 342 3386 publicum
355 3305 412 3368 Dei
425 3305 546 3368 cultum
560 3312 710 3386 perpetuo
723 3307 876 3380 dedicata,
889 3306 1050 3368 benedicta
1064 3306 1110 3368 vel
1123 3307 1219 3368 etiam

128 3401 310 3462 solemniter
333 3405 512 3462 consecrata
534 3402 665 3478 januam
689 3401 804 3462 habent
830 3401 862 3461 in
888 3401 947 3475 via,
971 3399 1017 3462 vel
1043 3400 1176 3462 liberum
1201 3420 1219 3462 a

128 3494 253 3574 publica
269 3495 319 3557 via
334 3493 495 3556 Fidelibus
511 3494 684 3556 universim
699 3494 844 3574 pandunt
861 3495 1045 3573 ingressum.
1089 3494 1219 3556 Privata

127 3596 255 3650 econtra
271 3589 381 3650 stricto
397 3608 488 3650 sensu
504 3587 656 3650 dicuntur
673 3588 827 3663 Oratoria,
844 3608 921 3668 quae
939 3590 971 3648 in
988 3588 1120 3668 privatis
1135 3587 1218 3649 aedi-

128 3683 238 3744 busin
260 3681 459 3744 commodum
479 3682 615 3761 alicujus
636 3702 783 3762 personae
805 3682 851 3743 vel
874 3682 1014 3743 familiae
1034 3702 1071 3743 ex
1094 3681 1218 3742 indulto

130 3777 263 3839 Sanctae
291 3776 381 3838 Sedis
406 3780 510 3838 erecta
536 3783 620 3837 sunt.
665 3775 751 3850 Quae
777 3776 916 3838 medium
945 3776 1029 3837 inter
1055 3776 1130 3836 hacc
1157 3776 1218 3836 dun

128 3871 230 3934 locum
250 3874 369 3947 tenent,
387 3875 424 3932 ut
443 3891 557 3935 nomen
576 3871 680 3951 ipsum
700 3869 830 3945 indicat,
850 3870 995 3932 Oratoria
1013 3870 1218 3951 aeriiipublica

126 3970 202 4028 sunt
216 3970 249 4028 et
263 3964 457 4029 vocantur.”²

171 4062 199 4118 ⁶2,
222 4058 289 4121 “Ut
301 4063 408 4122 autem
421 4057 577 4139 quaelibet
590 4056 778 4135 ambiguitas
792 4056 874 4118 circa
886 4057 961 4119 haec
977 4057 1121 4117 Oratoria
1134 4075 1217 4118 ame

128 4158 249 4227 icatur,
268 4152 331 4215 Leo
351 4151 449 4214 XIII.
469 4172 506 4215 ex
528 4151 612 4213 Sacr.
634 4150 766 4211 Rituum
786 4149 1045 4229 Congrcgationis
1065 4146 1217 4222 consulto,

127 4247 242 4309 statuit
270 4249 303 4308 et
332 4245 518 4308 declaravit:
561 4245 707 4307 Oratoria
737 4243 939 4324 semipublica
969 4263 1004 4305 ea
1034 4262 1109 4319 esse,
1140 4260 1218 4322 quae

449 4399 888 4464 mmmmmma

1075 4505 1109 4558 11
