2804 4890
162 663 202 724 48
287 673 340 728 Da
364 674 602 743 QUIBUSDAM
625 676 758 732 MISSIS
782 679 824 732 IN
849 679 1128 737 PARTICULARI.

208 848 260 927 (p)
289 847 400 921 Feriis,
430 847 542 928 quibus
570 848 774 928 anticipando
803 851 848 912 vel
878 852 1056 932 reponenda
1082 857 1131 917 est
1158 854 1255 918 Missa

162 939 382 1014 Dominicae,¹⁹

207 1033 259 1111 (la)
289 1033 349 1094 For
368 1037 396 1093 3.
414 1038 445 1096 et
463 1037 490 1094 4.
513 1034 734 1113 Rogatianum,
753 1035 778 1097 si
799 1036 855 1098 fiat
875 1035 1034 1099 Processio
1052 1037 1088 1100 in
1105 1037 1255 1102 Eoolesiis

160 1145 253 1187 unam
275 1129 400 1187 tantum
423 1125 550 1188 Missam
571 1126 765 1189 habentibus.

200 1217 247 1280 De
266 1217 363 1278 Missa
383 1238 440 1297 pro
460 1236 572 1297 sponso
591 1223 623 1281 et
641 1238 754 1298 sponsa
775 1220 837 1283 vid.
858 1240 909 1284 no.
931 1223 1001 1282 299.

199 1417 248 1481 28.
272 1419 306 1481 E.
340 1418 495 1484 Quomodo
511 1419 626 1480 Missae
643 1419 770 1483 votivae
788 1420 938 1484 dicendae
954 1421 1040 1484 sintl

202 1513 235 1574 Si
256 1514 388 1576 habetur
409 1514 505 1576 Missa
525 1514 662 1594 propria,
683 1516 757 1576 haee
778 1515 906 1591 dicitur,
927 1516 953 1577 si
976 1515 1155 1581 Celebrauti
1176 1538 1248 1580 con·

157 1628 239 1669 cessa
262 1609 304 1669 sit
325 1613 417 1686 atque
440 1609 534 1670 etiam
558 1614 646 1671 extra
670 1609 785 1670 festum
810 1610 922 1672 veritas
945 1611 979 1671 in
1004 1610 1104 1671 verbis
1128 1613 1247 1675 formu·

158 1700 232 1762 laris
255 1701 368 1764 Missae
389 1706 529 1764 servetur
547 1702 596 1774 uel
618 1702 724 1781 pausis
745 1703 974 1765 mutationibus
996 1723 1049 1765 seu
1071 1704 1248 1766 omissioni-

157 1795 213 1856 bus
229 1796 345 1856 servari
362 1795 477 1874 possit;
493 1796 571 1856 alias
588 1795 724 1856 sumitur
743 1795 839 1857 Missa
855 1796 893 1858 de
912 1797 1090 1858 Communi.
1126 1797 1247 1860 Mutari

157 1893 258 1967 potest
273 1889 463 1960 solemnitas
480 1889 634 1960 natalitia,
650 1889 807 1969 festivitas
824 1891 857 1951 in
875 1890 966 1952 rerba
983 1894 1247 1965 commemoratio,

158 1984 316 2053 orooooria,
342 1985 458 2054 lionam·
484 1983 644 2045 omittitur
668 1983 770 2053 badia,
796 1984 948 2047 lroaliarno
971 1982 1031 2057 die,
1056 2005 1164 2048 annuo
1186 1990 1244 2048 etc.

158 2076 312 2138 Introitus
346 2076 541 2138 Gaudeamus
571 2081 715 2138 mutatur
746 2078 780 2138 in
810 2076 907 2137 alium
940 2077 1176 2140 convenientem
1207 2077 1246 2140 de

156 2169 333 2233 Communi.
385 2170 554 2231 Omittitur
583 2169 762 2250 Sequentia.
814 2169 980 2245 Graduale,
1010 2170 1168 2233 Versiculi
1198 2171 1245 2234 rel

155 2264 298 2336 Tractus,
324 2264 349 2323 si
376 2265 408 2324 in
434 2264 560 2342 proprio
585 2263 746 2337 rlefiriuut,
771 2284 787 2325 e
814 2263 982 2325 Communi
1008 2268 1189 2340 sumuntur,
1215 2271 1246 2327 et

155 2378 210 2437 pro
232 2358 380 2436 temporis
401 2358 549 2419 uarietate
572 2361 745 2417 mutantur.
790 2357 875 2430 Quae
895 2358 995 2418 sancti
1016 2356 1153 2437 alicujus
1174 2378 1244 2439 pro

156 2451 313 2531 priissinra
336 2455 420 2525 suut,
443 2471 479 2511 ea
500 2450 593 2512 aliam
620 2451 653 2510 in
679 2449 783 2510 Missis
807 2451 917 2511 votivis
941 2450 1141 2527 adhibentur,
1163 2471 1188 2515 e.
1213 2472 1242 2531 g.

154 2565 259 2605 uorsus
280 2545 310 2604 S.
331 2544 474 2604 Andreae
494 2543 564 2622 Ap,
587 2544 617 2603 S.
639 2543 781 2617 Martini,
803 2544 834 2604 S.
856 2544 1034 2620 Francisai3
1054 2544 1244 2606 Communia

156 2639 187 2699 S.
210 2638 326 2717 Ignatii
350 2637 404 2710 M,
427 2638 457 2697 S.
481 2638 630 2714 agathae.

196 2735 223 2792 2.
249 2731 283 2791 Si
300 2736 437 2809 tempore
453 2729 589 2809 paschali
606 2730 788 2791 relebranda
804 2731 846 2791 sit
861 2731 965 2792 votiva
980 2730 1037 2792 SS.
1054 2730 1242 2809 Martyrum,

154 2845 287 2905 quorum
313 2824 427 2885 tostum
453 2829 541 2884 extra
565 2828 688 2901 tompus
713 2822 856 2902 paschale
880 2824 1005 2897 colitur,
1030 2824 1168 2885 sumitur
1204 2847 1241 2886 ex

154 2918 320 2980 Conmruni
345 2938 400 2996 pro
423 2923 561 2996 tompore
584 2917 740 2995 pasolrali3
762 2925 791 2977 ot
814 2922 970 2991 econtra,
993 2936 1115 2996 semper
1136 2921 1241 2978 tamen

153 3012 283 3073 rotantis
307 3012 354 3085 iis,
378 3031 455 3090 <puae
478 3015 552 3071 sunt
575 3009 703 3089 propria
726 3010 866 3087 ipsorum
890 3009 1012 3071 Missae.
1026 3011 1052 3043 ²⁰
1098 3009 1191 3086 Item,
1215 3011 1241 3071 si

152 3107 189 3167 de
218 3106 363 3184 ‹propianr
391 3103 541 3182 rtpostolo
569 3110 706 3182 tempora
735 3104 837 3182 pasalr.
867 3103 1049 3165 celebranda
1077 3103 1129 3177 sit,
1158 3123 1241 3164 sum-

153 3202 218 3262 itur
231 3199 327 3259 Missa
338 3219 375 3258 ex
390 3200 467 3258 sesto
479 3199 510 3259 S.
525 3197 623 3258 Marri
646 3197 696 3257 die
719 3200 767 3256 25.
792 3196 911 3275 Aprilis
932 3216 1003 3258 cum
1026 3195 1240 3273 Orationibus,

153 3293 294 3373 Epistola
317 3297 346 3353 et
371 3291 541 3369 Evangelio
565 3312 601 3354 ex
627 3290 723 3352 Missa
747 3291 872 3369 propria
881 3310 890 3365 3
914 3290 951 3352 de
976 3290 1007 3351 S.
1031 3290 1157 3352 ‹loanne
1179 3291 1239 3370 Ap.

151 3389 197 3448 uti
215 3388 265 3448 (lie
282 3391 309 3447 6.
327 3386 417 3462 Maji,
433 3390 505 3447 ante
521 3391 641 3466 portam
661 3384 819 3446 Latinam.

192 3484 219 3540 3.
246 3481 279 3539 Si
305 3480 401 3540 Missa
426 3480 528 3540 sotira
552 3480 587 3539 B.
613 3479 655 3538 M.
681 3479 718 3539 i'.
744 3478 789 3538 rel
815 3478 949 3553 alicujus
975 3477 1081 3539 Sancti
1107 3477 1238 3539 dicenda

151 3575 192 3636 sit
223 3575 283 3647 die,
314 3595 374 3653 qua
405 3574 442 3636 do
474 3573 583 3633 iisdem
615 3572 748 3633 offitium
791 3574 902 3650 agatur
933 3571 1054 3633 ratione
1085 3570 1158 3634 testi
1192 3569 1238 3631 uel

150 3674 282 3739 octavae,
313 3669 409 3729 Missa
438 3668 497 3727 erit
527 3667 564 3727 ale
594 3666 674 3727 festo
703 3666 747 3727 vol
778 3669 894 3738 octava,
923 3684 994 3725 cum
1026 3663 1238 3737 Orationibus,

152 3762 266 3829 Gloria.
293 3765 402 3833 (telo,
428 3759 599 3839 Evangelio
623 3760 749 3839 proprio
776 3760 806 3819 in
834 3758 905 3824 tino.
931 3761 1024 3837 prout
1050 3757 1117 3837 ipsa
1142 3757 1237 3817 Missa

150 3857 211 3918 oiri
236 3857 379 3932 eripit²¹
427 3855 460 3915 Si
485 3875 555 3916 uero
579 3874 641 3914 non
667 3854 701 3914 sit
724 3852 857 3913 officinm
881 3852 918 3913 de
942 3852 1059 3927 octava,
1083 3849 1136 3912 sed
1158 3870 1184 3912 e.
1207 3869 1236 3928 g.

150 3952 187 4012 (la
210 3951 271 4011 alio
294 3948 502 4028 sooalupluo,
527 3947 622 4007 Missa
645 3949 703 4007 erit
727 3947 853 4025 quidem
876 3946 913 4007 de
936 3949 1053 4018 octava,
1075 3944 1129 4006 sed
1152 3962 1236 4007 more

149 4046 261 4109 uitivo.
282 4043 312 4103 id
333 4049 379 4105 est
405 4044 454 4118 (in
477 4041 577 4102 votiva
599 4041 735 4118 priuata)
761 4061 832 4101 aum
854 4040 953 4101 tribus
974 4038 1188 4112 Orationibus,
1207 4041 1237 4099 at

148 4159 218 4199 rum
233 4138 339 4197 (ilario
351 4141 379 4197 et
395 4135 493 4196 (lraalo
508 4133 627 4194 ratione
642 4133 858 4194 festivitatis.²²
906 4131 1078 4193 “Sacerdos
1091 4151 1172 4205 vero,
1185 4130 1235 4210 qui

185 4332 209 4362 ¹⁹
229 4324 296 4373 Nou.
319 4323 400 4371 uario.
424 4321 457 4370 X.
479 4321 503 4370 2.
754 4328 779 4356 ·-’·-’
800 4320 830 4369 Ι).
856 4321 895 4368 17.
919 4318 988 4378 Muj.
1013 4317 1088 4367 1912.
1116 4317 1164 4377 (Α.
1188 4318 1237 4380 Ap.

184 4410 208 4440 ιη·
229 4402 259 4450 l).
282 4401 357 4449 2340,
382 4401 403 4448 l.
425 4398 449 4447 2,
716 4396 778 4444 Sal.
798 4396 828 4444 V.
848 4390 1240 4455 125.)—erorlettttdisbua

182 4486 203 4520 ai
228 4478 258 4530 Ι),
278 4478 353 4531 2542.
374 4480 399 4525 ot
419 4476 495 4527 268³.
718 4471 792 4521 intra
808 4474 931 4519 ortanam
947 4467 1106 4539 simplicem.
