2804 4890
190 684 251 749 454
312 697 366 752 DE
390 697 655 754 SANCTISSIMO
679 698 980 753 EUCHARISTIAE
1004 701 1284 759 SACRAMENTO.

190 861 375 942 providendi
401 868 438 927 ut
461 863 596 945 publicis
621 866 788 928 catechesis
811 868 1081 947 praeceptionibus
1107 867 1197 949 pueri
1223 865 1286 945 ipsi

190 955 339 1019 interesse
357 959 499 1037 pergant,
517 958 567 1019 sin
585 957 701 1034 minus,
718 958 888 1021 eorundem
906 960 1069 1040 religiosae
1088 957 1287 1022 institutioni

189 1047 252 1110 alio
273 1047 366 1112 modo
387 1049 562 1129 suppleant.

230 1140 309 1204 VII.
333 1140 534 1204 Consuetudo
553 1163 617 1206 non
636 1143 827 1207 admittendi
847 1145 886 1207 ad
906 1146 1143 1208 Confessienem
1161 1164 1286 1226 pueros,

188 1239 244 1296 aut
259 1254 420 1314 nunquam
437 1255 488 1297 eos
504 1234 693 1311 absolvendi,
709 1256 807 1315 quum
822 1236 862 1298 ad
880 1256 972 1298 usum
990 1238 1121 1300 rationis
1138 1256 1285 1317 pervene

190 1325 266 1402 rint,
298 1330 344 1389 est
375 1327 504 1391 omnino
535 1327 750 1407 improbanda.
803 1328 905 1403 Quare
939 1329 1101 1391 Ordinarii
1133 1327 1286 1404 locorum,

188 1418 338 1482 adhibitis
359 1420 454 1483 etiarn
476 1419 622 1484 remediis
642 1421 723 1501 juris
743 1421 898 1484 curabunt
918 1425 954 1482 ut
974 1422 1100 1502 penitus
1120 1419 1286 1484 demedio

189 1511 328 1575 tollatur.

231 1604 328 1667 VIII.
352 1605 553 1668 Detestabilis
579 1605 708 1669 omnino
734 1611 782 1670 est
807 1608 921 1669 abusus
948 1627 1012 1669 nen
1037 1605 1285 1669 administrandi

187 1696 350 1760 Viaticum
366 1703 398 1761 et
415 1698 598 1761 Extremam
614 1698 806 1762 Unctionem
823 1699 928 1780 pueris
945 1703 1015 1779 post
1031 1719 1124 1761 usum
1139 1697 1285 1771 rationis,

188 1809 299 1871 eosque
316 1790 485 1870 sepeliendi
503 1791 568 1852 ritu
585 1789 797 1871 pomulorum.
837 1791 877 1852 In
894 1812 954 1865 eos,
972 1791 1025 1872 qui
1042 1791 1080 1852 ab
1098 1787 1285 1871 hujusmodi

188 1900 273 1946 more
289 1901 353 1944 non
368 1881 524 1959 recedant,
543 1882 705 1945 OrdInarii
723 1882 862 1946 locorum
879 1903 981 1946 serere
997 1881 1260 1946 animadvertant.

628 2116 743 2187 ΛΒΤ.
767 2116 839 2189 ΙΙΙ.

213 2298 264 2349 DE
287 2297 431 2350 ORDINE
456 2299 767 2350 ADMINISTRANDI
792 2299 941 2351 SACRAM
966 2301 1255 2353 COMMUNIONEM

580 2375 707 2425 EXTRA
730 2375 883 2426 MISSAM.

227 2518 298 2583 285.
322 2519 380 2582 Est
407 2521 540 2583 intentio
567 2519 732 2596 Ecclesiae,
759 2525 795 2583 ut
822 2520 1010 2582 Communio
1038 2521 1121 2582 intra
1148 2519 1281 2581 Missam

186 2613 331 2676 fidelibus
354 2612 572 2674 distribuatur,
618 2613 677 2674 Sed
704 2612 920 2674 “rationabilis
944 2613 1070 2675 causa''1
1095 2613 1218 2686 sufficit,
1243 2617 1282 2675 ut

187 2706 374 2767 Communia
390 2705 482 2767 detur
495 2710 583 2767 extra
598 2704 752 2765 Missam.¹

228 2797 384 2860 Distribui
405 2797 479 2858 licet
496 2797 591 2858 etiam
613 2795 791 2859 immediate
812 2802 884 2861 ante
906 2797 952 2859 vel
974 2802 1042 2878 post
1065 2798 1194 2859 Missam
1215 2798 1282 2877 pri·

186 2896 299 2964 ratam,
323 2891 375 2952 secl
398 2911 461 2951 neu
484 2887 664 2950 immediate
687 2894 760 2953 ante
783 2889 828 2951 rel
851 2893 921 2976 post
945 2890 1074 2952 Missam
1098 2888 1281 2966 solemnem,

184 2989 239 3046 aut
257 2988 427 3058 cantatam,
444 2986 499 3044 aut
517 2980 778 3044 οοιιιοιιῒιιιιῐειιι.8

227 3076 398 3139 “Sacerdos
436 3074 492 3136 SS.
528 3073 760 3134 Euelraristiam
795 3075 1044 3145 ministraturus,
1080 3075 1154 3139 lotis
1188 3074 1280 3157 prius

185 3168 339 3236 manibus,
354 3172 384 3230 et
400 3164 623 3246 superpelliceo
640 3164 770 3226 indutus
785 3187 820 3228 ae
836 3167 968 3246 desuper
984 3167 1063 3230 stola
1077 3167 1188 3231 coloris
1206 3166 1280 3229 Offi-

184 3263 225 3324 cii
246 3260 330 3321 illius
347 3260 408 3321 dici
427 3258 640 3323 convenientis
657 3258 705 3321 rel
723 3255 834 3320 coloris
852 3258 928 3320 albi⁴
946 3259 1148 3339 praecedente
1166 3257 1280 3322 clerieo

184 3374 236 3416 scu
253 3353 315 3415 alio
333 3353 479 3415 ministro
496 3349 637 3433 procedit
655 3350 693 3412 ad
713 3348 821 3411 Altare
840 3350 984 3411 manibus
1000 3350 1140 3429 jurretis’'
1159 3352 1207 3415 rel
1226 3351 1280 3416 de·

185 3449 288 3510 ferens
313 3448 438 3508 bursam
465 3464 536 3506 cum
562 3442 740 3523 corporalia
787 3441 857 3503 Due
884 3443 982 3505 “cerei
1010 3445 1074 3506 siut
1100 3447 1219 3507 accensi
1247 3450 1279 3509 et

219 3601 295 3650 1Rit.
312 3600 387 3650 Rom.
403 3601 431 3650 et
446 3596 480 3648 D.
498 3597 538 3648 17.
553 3596 610 3648 Jnl.
628 3595 703 3658 1894,
758 3596 814 3645 112.
852 3595 966 3647 Publice
983 3598 1119 3661 peccatori
1139 3599 1226 3649 adhuc
1245 3615 1280 3651 ex

183 3694 208 3728 ιι.
228 3677 304 3726 3832.
325 3677 349 3725 3.
753 3670 866 3723 crimine
891 3672 1037 3724 diffamato
1061 3675 1145 3725 etiam
1169 3674 1281 3738 publice

218 3752 334 3804 ²“Cum
353 3757 444 3803 tamen
461 3749 601 3811 Sacerdos,
618 3746 704 3798 sacris
756 3748 861 3812 petenti
893 3747 1110 3800 communionem
1143 3751 1279 3811 ‹leneren-

180 3830 301 3881 restibus
322 3829 442 3887 indutus,
463 3827 583 3878 rationes
603 3825 702 3875 exami-
755 3824 816 3875 dam
840 3837 898 3878 esse
921 3839 954 3877 ex
977 3825 1068 3876 Theoi.
1093 3825 1192 3876 Morali
1216 3841 1279 3877 con·

179 3921 244 3957 nare
262 3920 314 3956 non
333 3904 427 3969 possit,
445 3903 591 3967 exquibus
609 3902 702 3951 fideles
754 3903 818 3951 stat.

181 3996 260 4033 sacra
277 3979 469 4030 Communione
488 3977 560 4029 retici
580 3977 702 4040 cupiunt,
790 3975 844 4027 8Ι).
867 3978 906 4028 19.
925 3977 989 4029 Jan.
1012 3979 1087 4041 1906,
1107 3994 1132 4028 ιι.
1152 3978 1230 4029 4177.
1253 3981 1278 4030 3.

179 4058 238 4109 fere
271 4071 376 4122 semper
409 4071 468 4107 eam
503 4057 567 4106 «lare
603 4055 697 4113 debet;
785 4053 1274 4108 ⁴1).arre.12.n102.N0v.uten·

181 4148 293 4197 cumque
319 4131 345 4182 S.
372 4133 402 4181 R.
427 4129 638 4193 congregationi
664 4143 701 4176 rc·
750 4130 813 4178 dum
831 4133 873 4179 est
891 4131 979 4180 colore
997 4131 1116 4181 violaceo
1134 4135 1183 4182 aut
1201 4131 1275 4185 albo.

181 4209 265 4260 latum
289 4212 369 4269 esset,
391 4207 532 4271 quemdam
556 4205 700 4271 praroclrum
754 4204 786 4253 ll.
809 4205 848 4254 19.
869 4205 935 4269 Αρι.
959 4205 1024 4254 1912
1044 4206 1079 4255 ad
1100 4204 1134 4254 X.

178 4287 312 4347 fidelibus,
342 4291 402 4350 post
436 4285 547 4334 Missam
578 4282 699 4332 Coruum·
789 4280 843 4330 ⁶Il.
876 4281 951 4330 2850.
983 4281 1006 4330 3.
1055 4281 1215 4330 “Convenit
1246 4287 1277 4333 ut

177 4362 283 4411 nionem
311 4362 476 4426 petentibus,
504 4376 561 4409 eam
591 4375 698 4420 negare,
749 4359 832 4407 turma
870 4357 906 4406 sit
945 4357 1065 4417 ejusdem
1105 4358 1202 4408 coloris
1241 4377 1274 4412 ac

179 4436 242 4497 ejus
258 4437 352 4500 praxis
368 4437 521 4501 improbata
540 4435 602 4484 suit.
640 4435 699 4483 vul.
753 4431 861 4482 stola.''
900 4432 1031 4481 I).3515.
1056 4434 1078 4481 1.

182 4511 266 4563 Gard.
299 4526 324 4564 n.
358 4511 465 4562 4984.”
516 4511 643 4569 selmum,
675 4525 700 4577 p.
