2804 4890
395 681 449 736 DE
472 681 607 736 OANTU
629 680 948 736 EOCLESIASTIOO.
1180 637 1241 731 177

152 857 224 919 inde
244 855 283 918 ad
303 857 400 918 latera
419 854 538 916 Altaria
557 859 588 916 ct
610 854 723 915 ibidem
745 855 775 914 in
796 875 849 915 ora
869 853 1060 934 suppedanei
1080 851 1237 933 genuflexi

152 950 232 1012 facie
256 949 316 1010 sibi
340 949 474 1011 invicem
501 969 596 1023 versa,
622 948 774 1010 tobaleam
799 951 872 1009 aute
898 945 1173 1008 communicandos
1198 945 1237 1007 ad

152 1049 285 1124 quatuor
313 1042 444 1123 angulos
472 1042 616 1103 sustinet.
669 1041 897 1103 Connnuuione
927 1044 1051 1120 peracta
1081 1041 1114 1101 in
1144 1039 1238 1121 plano

151 1142 224 1200 ante
239 1136 379 1201 medium
398 1136 518 1199 Altaris
534 1136 628 1198 simul
646 1134 874 1216 genuflectunt,
890 1158 906 1200 e
938 1135 1060 1215 primus
1077 1135 1239 1216 acolythus

151 1230 304 1293 tobaleam
320 1231 355 1291 in
372 1230 531 1293 credentia
548 1230 685 1310 deponit.

196 1330 243 1387 11.
267 1325 495 1387 Communionc
540 1324 719 1400 distributa,
771 1325 866 1405 (resp.
912 1328 982 1404 post
1027 1326 1239 1404 sumptionem

153 1420 287 1499 hostiae)
317 1421 439 1501 primus
464 1419 624 1498 acolythus
650 1419 688 1481 ad
713 1419 965 1499 purificationem
990 1423 1021 1481 ct
1047 1418 1238 1481 ablutionem

151 1516 329 1591 ministrat;
358 1514 471 1578 deinde
500 1519 573 1577 ante
603 1514 742 1577 medium
772 1513 892 1576 Altaria
922 1514 1016 1577 simul
1046 1535 1118 1577 cum
1146 1515 1244 1577 altero

154 1607 295 1685 acolytho
322 1606 523 1688 genuflectit,
551 1606 704 1669 secundus
732 1605 860 1668 Missale
887 1606 927 1667 ad
955 1625 1052 1667 cornu
1080 1603 1240 1685 Epistolae

155 1700 314 1763 transfert.
329 1702 354 1735 ¹⁰
408 1701 533 1763 Reversi
565 1701 604 1763 ad
638 1700 703 1762 loca
736 1721 791 1762 sua
822 1699 1038 1780 genuflectunt
1070 1719 1167 1779 usque
1201 1698 1239 1759 ad

153 1792 303 1855 ultimum
320 1794 537 1874 Evangelium.

195 1892 243 1952 12.
267 1890 375 1952 Finito
400 1890 571 1971 Evangelio
594 1892 717 1971 primus
741 1891 901 1970 acolythus
927 1890 1063 1953 biretum
1087 1889 1190 1966 affert,
1213 1893 1245 1952 et

155 1981 331 2045 saetacum
353 1981 536 2044 Celebrante
556 1981 771 2060 genuflexione
793 1983 826 2042 in
848 1981 941 2062 plano
963 1982 1098 2044 biretum
1120 1981 1148 2043 ei
1169 2001 1240 2042 cum

153 2077 266 2139 osculis
289 2077 399 2153 tradit,
422 2085 453 2144 et
477 2082 678 2140 revertuntur
701 2079 748 2141 uti
774 2080 961 2143 venerant.¹¹
1016 2078 1145 2140 Primus
1169 2077 1245 2140 cele-

154 2170 296 2232 brantem
342 2170 473 2249 adjuvat
520 2172 553 2232 in
600 2172 792 2252 deponendis
839 2171 1043 2247 vestimentis,
1092 2170 1246 2233 secundus

156 2260 299 2324 candelas
316 2261 474 2341 extinguit
492 2269 523 2324 et
542 2263 640 2324 resin
661 2262 757 2324 Missa
776 2263 931 2324 adhibitas
952 2264 1056 2326 refert.

199 2358 245 2416 13.
269 2354 458 2418 “Celebrans
480 2355 610 2417 Missam
632 2377 704 2418 cum
725 2363 821 2420 cantu
842 2357 910 2421 sine
934 2352 1057 2420 [sacris]
1084 2353 1242 2418 Ministris

157 2449 301 2512 adhibere
325 2452 426 2529 potest
448 2450 629 2512 ministrum
659 2450 708 2530 [in
732 2453 827 2514 sacris
850 2453 1056 2514 constitutum
1081 2456 1112 2513 et
1136 2470 1241 2530 super-

157 2543 285 2623 pelliceo
311 2542 490 2622 indutuml,
516 2544 568 2623 qui
596 2544 673 2607 lolia
699 2549 800 2608 vertat
825 2551 855 2608 et
882 2546 1008 2607 calicem
1035 2543 1242 2624 discooperiat

158 2637 321 2716 ipsumque
346 2635 488 2710 mundet,
517 2638 623 2698 vinum
652 2644 683 2700 et.
710 2659 821 2718 aquam
850 2639 1010 2711 infundat,
1038 2636 1242 2716 eumdemque

158 2729 284 2793 calicem
305 2729 391 2791 infra
411 2730 565 2793 actionem
588 2731 670 2811 palla
693 2733 849 2811 cooperiat
871 2736 901 2794 et
924 2732 1130 2811 discooperiat
1151 2730 1242 2808 juxta

159 2823 426 2903 opportunitatem
458 2844 578 2887 necnon
613 2825 714 2904 ipsum
746 2829 849 2905 tergat
879 2827 950 2905 post
979 2823 1242 2899 communionem,

159 2917 282 2998 suisque
304 2917 497 2979 ornamentis
519 2916 686 2980 instruat.''
700 2920 724 2952 ¹²

604 3223 718 3295 ART.
744 3220 795 3296 H.

445 3427 495 3476 DE
514 3426 640 3476 CANTU
660 3425 956 3478 ECCLESIASTICO.

199 3611 248 3674 99.
271 3612 370 3674 Missa
391 3633 427 3674 eo
450 3612 542 3675 modo
565 3614 686 3674 cantari
707 3613 799 3674 debet
821 3633 882 3692 quo
905 3613 940 3674 in
964 3612 1084 3674 Missali
1109 3613 1249 3676 Romano

160 3705 297 3784 ponitur.
346 3703 406 3764 “ln
434 3705 549 3765 virtute
576 3711 700 3766 sanctae
727 3703 919 3766 obedientiae
946 3704 1182 3783 praecipientes,
1209 3707 1246 3767 ut

162 3797 289 3859 Missam
311 3797 402 3876 juxta
425 3799 533 3872 ritum,
557 3797 685 3859 modum
708 3818 744 3860 ac
765 3819 918 3873 normam,
942 3819 1019 3878 quae
1042 3818 1097 3878 per
1120 3797 1246 3860 Missale

157 3894 214 3955 hoc
240 3914 257 3955 a
284 3893 372 3954 nobis
398 3913 482 3953 nunc
509 3893 656 3960 traditur.
684 3894 849 3955 decantent
877 3915 911 3955 ac
938 3893 1097 3969 legant.’'¹
1149 3894 1181 3956 S.
1209 3894 1246 3957 R.

161 3985 369 4065 congregatio
389 3984 568 4054 declaravit,
589 3986 622 4045 in
643 3984 807 4046 cantandis
829 3986 934 4047 Missis
955 3985 1116 4048 “adhiberi
1136 3985 1246 4049 debere

197 4162 221 4194 ¹⁰
241 4157 345 4208 Deinde
381 4157 500 4220 acolythi
538 4172 555 4207 a
590 4157 676 4206 latere
768 4166 790 4196 ¹¹
812 4159 844 4208 V.
861 4175 886 4209 n.
904 4162 946 4221 85,
962 4160 1024 4211 adn
1040 4162 1065 4211 4.

159 4240 270 4299 uterque
293 4250 342 4285 sno
365 4251 456 4285 cereos
478 4250 559 4300 super
583 4238 677 4286 cande·
770 4242 793 4272 ¹2
814 4235 976 4286 1).3377.1.

159 4312 237 4362 labra
255 4327 305 4376 pro
322 4311 473 4361 elevatione
492 4327 618 4362 accensos
635 4328 677 4361 ex·
768 4319 776 4348 ¹
797 4312 825 4361 S.
845 4312 910 4360 Pina
929 4312 969 4374 V,
987 4313 1069 4364 Bulla
1086 4311 1165 4361 initio
1183 4313 1248 4365 Mis·

161 4387 290 4450 tingunnt
345 4387 551 4449 (Martinucci).
607 4386 677 4436 Vide
732 4388 804 4438 salis.

157 4466 250 4513 notam
263 4463 386 4530 praeced.
