2804 4890
179 678 240 740 202
474 687 528 742 DE
552 688 803 746 nnunculssus
824 688 985 746 MISSAE.

181 855 306 919 “sumat
326 859 505 937 utrumque,
524 861 557 920 et
576 863 782 940 prosequatur
802 860 971 938 Missam;”
992 860 1113 925 scilieet
1131 861 1168 924 in
1186 860 1270 923 hune

182 949 276 1012 finem
298 956 464 1031 utramque
487 953 619 1032 speeiem
643 954 758 1015 iterum
782 956 983 1032 consecravit,
1005 955 1065 1017 “ne
1088 954 1270 1018 Sacramen-

181 1046 250 1105 tum
278 1051 437 1106 remaneat
463 1046 694 1126 imperfectum,
721 1052 753 1110 et
780 1052 817 1110 ut
843 1048 968 1111 debitus
994 1053 1136 1112 servetur
1163 1045 1270 1123 ordo,''

181 1157 292 1217 nempe
324 1145 360 1200 ut
389 1140 477 1218 prius
508 1147 704 1203 consecretur
734 1141 846 1216 hostia,
876 1140 990 1205 deinde
1019 1140 1113 1219 cdix,
1142 1142 1178 1203 in
1208 1160 1269 1221 quo

181 1236 414 1312 representatur
438 1232 550 1295 effusio
577 1234 758 1314 Sanguinis.
807 1234 965 1299 Similiter
988 1235 1088 1298 altera
1112 1255 1269 1299 consecre-

180 1331 244 1401 tur,
260 1326 307 1387 “si
321 1327 425 1389 hostia
440 1333 619 1390 consecrata
635 1328 823 1408 dispareat.''

221 1423 251 1483 3.
295 1419 352 1482 “Si
380 1420 548 1483 Celebrans
572 1428 643 1502 post
670 1423 761 1485 rerba
788 1424 1028 1487 consecrationis
1055 1423 1199 1487 advertat
1225 1424 1270 1485 ri·

179 1534 258 1576 num
282 1535 345 1576 non
370 1516 467 1577 fuisse
491 1517 641 1595 positum,
665 1519 717 1580 sed
743 1518 876 1599 aquam''
902 1519 948 1581 vel
973 1518 1072 1581 alium
1097 1517 1268 1599 liquorem:

181 1608 342 1688 “deposita
370 1608 470 1690 aqua''
500 1610 548 1672 vel
577 1611 632 1672 illo
662 1612 781 1691 liquore
810 1613 865 1675 “in
894 1611 1020 1693 aliquod
1050 1631 1113 1688 vas,
1151 1612 1269 1674 iterum

181 1704 288 1764 vinum
313 1723 385 1764 eum
411 1703 521 1784 aqua,''
547 1706 613 1766 seil.
639 1706 746 1784 paucis
770 1706 916 1786 guttulis,
940 1707 1059 1785 “ponat
1082 1706 1117 1766 in
1142 1704 1268 1779 esliee‚”

179 1796 290 1859 offerat
312 1798 492 1860 mentaliter
513 1800 564 1861 “et
585 1805 752 1869 uniusaurei,
774 1799 959 1862 resumendo
980 1821 997 1863 a
1019 1800 1138 1862 uerbis:
1160 1799 1269 1862 simili

178 1894 280 1963 modo,
300 1891 391 1968 ete.,''
411 1894 569 1974 usquead
592 1895 683 1957 verba
708 1895 798 1959 Uada
820 1900 850 1958 et
873 1914 1025 1958 memores
1045 1898 1219 1969 exclusive3
1240 1909 1272 1957 et

180 1984 308 2044 Missum
322 1987 521 2064 prosequitur
534 1986 571 2045 alr
584 2006 620 2046 eo
634 1986 698 2046 loeo
713 1987 763 2046 ulii
778 1987 882 2057 (laelii,
896 1989 1045 2048 onrittens
1057 1986 1164 2049 omnia
1179 1985 1270 2047 verba

178 2084 210 2139 et
226 2079 316 2157 signa
332 2080 398 2157 jain
415 2084 507 2140 antes
524 2080 616 2141 saeta

221 2170 277 2233 “Si
307 2173 363 2234 hoe
392 2172 534 2235 advertat
562 2177 633 2252 post
661 2176 872 2253 sumptionem
903 2174 1050 2254 Corporis
1079 2174 1126 2235 uel
1155 2174 1267 2252 hujus·

178 2265 263 2326 modi
289 2286 401 2346 aquae:
428 2269 566 2347 apponat
592 2267 686 2328 aliam
712 2268 848 2330 hostiam
873 2268 988 2329 iterum
1015 2266 1267 2341 consecrandam,

178 2364 209 2421 et
230 2361 337 2420 vinum
358 2381 430 2421 eum
450 2381 529 2440 aqua
551 2361 583 2422 in
603 2360 708 2436 ealiee,
728 2360 838 2423 offerat
858 2365 1038 2440 utrumque,
1057 2367 1089 2423 et
1109 2368 1268 2423 eonseeret

178 2458 209 2515 et
229 2460 336 2516 surnrat
358 2455 499 2533 quarraris
522 2475 584 2516 non
609 2455 651 2516 sit
674 2452 833 2533 jejunus.”
878 2453 1026 2517 Hostiam
1050 2474 1170 2534 quoque
1194 2473 1266 2514 eon-

179 2553 287 2621 secrat,
312 2554 348 2609 ut
374 2553 514 2610 serretur
539 2548 614 2609 <ndo
641 2548 787 2622 (10111103,ι
814 2549 866 2628 qui
893 2548 1032 2628 postulat
1057 2556 1093 2609 ut
1120 2547 1266 2609 Christus

177 2661 322 2720 praesens
342 2643 384 2704 sit
402 2643 496 2703 simul
519 2642 575 2703 sub
595 2642 754 2722 speciebus
774 2642 864 2722 panis
884 2647 916 2704 et
936 2642 1012 2717 vini,
1031 2645 1062 2704 et
1082 2641 1173 2723 panis
1194 2660 1265 2703 eon·

177 2736 379 2797 secretionem
412 2737 593 2797 immediate
624 2740 771 2816 sequatur
801 2737 866 2797 vini
898 2735 1106 2810 consecratio;
1137 2740 1170 2796 at
1200 2754 1264 2795 non

177 2830 384 2891 essentialiter
408 2831 465 2891 hoe
490 2831 686 2909 postulatur:
711 2850 816 2909 quare,
840 2830 887 2890 “si
912 2829 1009 2891 Missa
1034 2827 1206 2891 celebretur
1231 2827 1265 2888 in

177 2922 243 2983 loeo
272 2923 407 3002 prrblieo,
436 2923 489 2984 ubi
520 2925 625 3003 plures
654 2924 772 2998 adsint,
801 2923 840 2985 ad
869 2921 1052 2985 evitandum
1081 2921 1264 2985 scandalum

177 3016 312 3096 polerit'’
341 3018 534 3077 solummodo
563 3019 737 3097 “apponere
766 3018 876 3078 riuum
904 3037 974 3077 eum
1003 3036 1093 3096 aqua,
1121 3022 1152 3077 et
1180 3016 1265 3078 iaetu

176 3110 331 3172 oblatione
352 3116 387 3172 ut
405 3131 509 3190 supra.
529 3131 717 3185 eorrseerare,
736 3131 770 3172 ae
791 3111 897 3171 statim
918 3130 1050 3185 sumere,
1068 3115 1099 3172 et
1119 3109 1263 3190 prosequi

176 3202 326 3266 eaetera.''

218 3299 272 3357 “Si
300 3301 428 3360 tristeris
455 3321 531 3378 ‹qrrae
556 3304 635 3360 esset
659 3298 844 3377 apponenda
868 3320 929 3359 uon
955 3302 1057 3378 posset
1081 3296 1147 3359 ullo
1172 3296 1262 3358 niardo

175 3391 313 3465 lralreri,'’
339 3393 384 3454 vel
412 3392 507 3454 ‹luliia
532 3397 676 3467 tantum;
702 3391 748 3452 “si
776 3390 808 3453 id
834 3390 877 3454 sit
902 3396 975 3454 ante
999 3391 1262 3454 conseruationem

172 3486 333 3566 Corporis,
353 3487 486 3547 ulterius
505 3485 629 3567 procedi
651 3507 714 3548 non
734 3485 842 3548 debet:
863 3486 889 3546 si
909 3490 981 3565 post
999 3486 1261 3548 consecrationem

177 3581 333 3661 l'orporis,
365 3588 417 3644 aut
449 3583 544 3644 etiam
577 3580 652 3649 vini.
684 3580 930 3661 ‹leprelrerulitur
959 3578 1100 3640 desertus
1131 3580 1259 3642 alterins

172 3675 295 3755 spelei,
323 3676 421 3739 altera
449 3676 513 3753 jam
542 3679 736 3737 conseruata:
765 3678 842 3738 tune
868 3673 894 3737 si
922 3672 1012 3736 nullo
1037 3671 1131 3737 modo
1156 3670 1262 3735 haberi

174 3771 282 3849 possit,
302 3769 531 3850 prandendum
552 3771 622 3837 erit.
642 3774 673 3832 et
693 3769 790 3830 Missa
808 3767 1005 3843 absolvenda,
1024 3767 1071 3830 ita
1089 3773 1207 3839 tamen,
1225 3770 1262 3826 ut

174 3866 469 3943 praetermittantur
493 3864 582 3925 verba
606 3868 637 3925 et
660 3862 759 3939 signa.
782 3884 860 3937 quiae
883 3862 1042 3943 pertinent
1066 3861 1104 3922 ad
1129 3863 1261 3941 speeiem

171 3956 376 4022 deficientem.
409 3958 498 4033 Quod
518 3960 543 4020 si
565 3958 772 4039 exspectando
792 3957 987 4038 aliquamdiu
1007 3957 1116 4019 haberi
1136 3952 1265 4039 possit,'’

171 4050 237 4113 scil.
254 4071 309 4131 per
325 4051 388 4114 tale
404 4052 605 4114 intervallum
621 4055 659 4114 ut
674 4072 746 4133 pars
761 4052 951 4134 subsequens
967 4071 1038 4112 eum
1056 4049 1155 4130 priori
1170 4068 1265 4112 unam

175 4143 336 4205 moraliter
359 4142 511 4206 astionem
538 4145 654 4205 oilieere
679 4144 786 4223 possit,
811 4148 889 4222 qanta
913 4162 967 4222 per
992 4161 1085 4201 unam
1113 4140 1159 4204 uel
1184 4140 1261 4202 dnus

172 4237 275 4313 horas,
298 4236 562 4317 “exspectandum
585 4237 657 4313 erit,
689 4257 730 4299 ne
753 4235 942 4299 saerifieium
966 4238 1126 4298 remaneat
1148 4234 1262 4315 imper·

173 4330 322 4395 feetiaa.”

407 4492 416 4524 ¹
437 4484 481 4536 ef.
497 4485 597 4536 Bened.
615 4485 889 4536 assumseram.
908 4484 946 4534 Π.
969 4485 1025 4536 121.
