<?xml version="1.0" encoding="UTF-8"?>
<!DOCTYPE html PUBLIC "-//W3C//DTD XHTML 1.0 Transitional//EN"
    "http://www.w3.org/TR/xhtml1/DTD/xhtml1-transitional.dtd">
<html xmlns="http://www.w3.org/1999/xhtml" xml:lang="en" lang="en">
 <head>
  <title>
</title>
<meta http-equiv="Content-Type" content="text/html;charset=utf-8" />
  <meta name='ocr-system' content='tesseract 3.04.00' />
  <meta name='ocr-capabilities' content='ocr_page ocr_carea ocr_par ocr_line ocrx_word'/>
</head>
<body>
  <div class='ocr_page' id='page_1' title='image "./compendiumsacra00wapegoog_0033.png"; bbox 0 0 2804 4890; ppageno 0'>
   <div class='ocr_carea' id='block_1_1' title="bbox 182 678 1170 755">
    <p class='ocr_par' dir='ltr' id='par_1_1' title="bbox 182 678 1170 755">
     <span class='ocr_line' id='line_1_1' title="bbox 182 678 1170 755; baseline 0.009 -16"><span class='ocrx_word' id='word_1_1' title='bbox 182 678 220 740; x_wconf 89' lang='grc'>16</span> <span class='ocrx_word' id='word_1_2' title='bbox 275 688 329 742; x_wconf 82' lang='lat' dir='ltr'>DE</span> <span class='ocrx_word' id='word_1_3' title='bbox 352 687 580 755; x_wconf 83' lang='lat' dir='ltr'>REQUISITIS</span> <span class='ocrx_word' id='word_1_4' title='bbox 602 688 656 742; x_wconf 81' lang='lat' dir='ltr'>AD</span> <span class='ocrx_word' id='word_1_5' title='bbox 680 688 833 742; x_wconf 77' lang='lat' dir='ltr'>Missum</span> <span class='ocrx_word' id='word_1_6' title='bbox 857 688 1170 748; x_wconf 77' lang='lat' dir='ltr'>caLaBnaNDAM.</span> 
     </span>
    </p>
   </div>
   <div class='ocr_carea' id='block_1_2' title="bbox 182 852 1272 936">
    <p class='ocr_par' dir='ltr' id='par_1_2' title="bbox 182 813 1272 936">
     <span class='ocr_line' id='line_1_2' title="bbox 182 852 1272 936; baseline 0.006 -23"><span class='ocrx_word' id='word_1_7' title='bbox 182 852 325 914; x_wconf 83' lang='lat' dir='ltr'>Rubrica.</span> <span class='ocrx_word' id='word_1_8' title='bbox 381 852 466 913; x_wconf 92' lang='lat' dir='ltr'>Hinc</span> <span class='ocrx_word' id='word_1_9' title='bbox 498 852 544 914; x_wconf 91' lang='lat' dir='ltr'>ait</span> <span class='ocrx_word' id='word_1_10' title='bbox 576 852 721 913; x_wconf 82' lang='lat' dir='ltr'>Rorusce:</span> <span class='ocrx_word' id='word_1_11' title='bbox 756 852 964 916; x_wconf 83' lang='lat' dir='ltr'>“damnabilis</span> <span class='ocrx_word' id='word_1_12' title='bbox 996 861 1044 918; x_wconf 90' lang='lat' dir='ltr'>est</span> <span class='ocrx_word' id='word_1_13' title='bbox 1074 855 1272 936; x_wconf 82' lang='lat' dir='ltr'>negligentia</span> 
     </span>
    </p>
   </div>
   <div class='ocr_carea' id='block_1_3' title="bbox 173 945 1271 2980">
    <p class='ocr_par' dir='ltr' id='par_1_3' title="bbox 177 945 1271 1120">
     <span class='ocr_line' id='line_1_3' title="bbox 179 945 1271 1026; baseline 0.005 -19"><span class='ocrx_word' id='word_1_14' title='bbox 179 966 297 1022; x_wconf 89' lang='lat' dir='ltr'>eorum,</span> <span class='ocrx_word' id='word_1_15' title='bbox 315 947 368 1026; x_wconf 91' lang='lat' dir='ltr'>qui</span> <span class='ocrx_word' id='word_1_16' title='bbox 388 945 552 1007; x_wconf 88' lang='lat' dir='ltr'>inferiores</span> <span class='ocrx_word' id='word_1_17' title='bbox 570 965 698 1025; x_wconf 82' lang='lat' dir='ltr'>mappas</span> <span class='ocrx_word' id='word_1_18' title='bbox 716 946 829 1026; x_wconf 84' lang='lat' dir='ltr'>absque</span> <span class='ocrx_word' id='word_1_19' title='bbox 847 948 964 1010; x_wconf 90' lang='lat' dir='ltr'>lotione</span> <span class='ocrx_word' id='word_1_20' title='bbox 982 949 1093 1012; x_wconf 88' lang='lat' dir='ltr'>sinunt</span> <span class='ocrx_word' id='word_1_21' title='bbox 1111 950 1144 1012; x_wconf 94' lang='lat' dir='ltr'>in</span> <span class='ocrx_word' id='word_1_22' title='bbox 1163 949 1271 1014; x_wconf 82' lang='lat' dir='ltr'>Alteri</span> 
     </span>
     <span class='ocr_line' id='line_1_4' title="bbox 177 1038 411 1120; baseline 0.009 -19"><span class='ocrx_word' id='word_1_23' title='bbox 177 1038 411 1120; x_wconf 80' lang='lat' dir='ltr'>putrescere.&#39;&#39;¹⁹</span> 
     </span>
    </p>

    <p class='ocr_par' dir='ltr' id='par_1_4' title="bbox 179 1131 1269 1493">
     <span class='ocr_line' id='line_1_5' title="bbox 221 1131 1269 1218; baseline 0.007 -26"><span class='ocrx_word' id='word_1_24' title='bbox 221 1137 248 1194; x_wconf 76' lang='grc'>2.</span> <span class='ocrx_word' id='word_1_25' title='bbox 272 1132 416 1194; x_wconf 76' lang='lat' dir='ltr'>“Pallio’&#39;</span> <span class='ocrx_word' id='word_1_26' title='bbox 435 1153 488 1194; x_wconf 93' lang='lat' dir='ltr'>seu</span> <span class='ocrx_word' id='word_1_27' title='bbox 506 1131 700 1212; x_wconf 86' lang='lat' dir='ltr'>antipendio,</span> <span class='ocrx_word' id='word_1_28' title='bbox 719 1134 860 1216; x_wconf 87' lang='lat' dir='ltr'>“quoque</span> <span class='ocrx_word' id='word_1_29' title='bbox 878 1138 1008 1197; x_wconf 88' lang='lat' dir='ltr'>ornetur</span> <span class='ocrx_word' id='word_1_30' title='bbox 1025 1136 1148 1212; x_wconf 93' lang='lat' dir='ltr'>coloris,</span> <span class='ocrx_word' id='word_1_31' title='bbox 1166 1137 1269 1218; x_wconf 89' lang='lat' dir='ltr'>quoad</span> 
     </span>
     <span class='ocr_line' id='line_1_6' title="bbox 180 1226 1269 1307; baseline 0.005 -20"><span class='ocrx_word' id='word_1_32' title='bbox 180 1227 246 1288; x_wconf 84' lang='lat' dir='ltr'>fieri</span> <span class='ocrx_word' id='word_1_33' title='bbox 282 1230 394 1307; x_wconf 84' lang='lat' dir='ltr'>potest,</span> <span class='ocrx_word' id='word_1_34' title='bbox 429 1226 492 1288; x_wconf 92' lang='lat' dir='ltr'>diei</span> <span class='ocrx_word' id='word_1_35' title='bbox 528 1226 574 1288; x_wconf 88' lang='lat' dir='ltr'>vel</span> <span class='ocrx_word' id='word_1_36' title='bbox 610 1227 708 1287; x_wconf 89' lang='lat' dir='ltr'>officio</span> <span class='ocrx_word' id='word_1_37' title='bbox 744 1227 988 1290; x_wconf 82' lang='lat' dir='ltr'>convenientis.&#39;&#39;</span> <span class='ocrx_word' id='word_1_38' title='bbox 1043 1229 1178 1292; x_wconf 92' lang='lat' dir='ltr'>Nullum</span> <span class='ocrx_word' id='word_1_39' title='bbox 1213 1249 1269 1292; x_wconf 88' lang='lat' dir='ltr'>an-</span> 
     </span>
     <span class='ocr_line' id='line_1_7' title="bbox 179 1319 1269 1404; baseline 0.004 -22"><span class='ocrx_word' id='word_1_40' title='bbox 179 1320 357 1400; x_wconf 87' lang='lat' dir='ltr'>tipendium</span> <span class='ocrx_word' id='word_1_41' title='bbox 380 1320 552 1400; x_wconf 86' lang='lat' dir='ltr'>requiritur</span> <span class='ocrx_word' id='word_1_42' title='bbox 574 1320 601 1382; x_wconf 92' lang='lat' dir='ltr'>si</span> <span class='ocrx_word' id='word_1_43' title='bbox 624 1319 733 1382; x_wconf 82' lang='lat' dir='ltr'>Altare</span> <span class='ocrx_word' id='word_1_44' title='bbox 755 1325 902 1383; x_wconf 89' lang='lat' dir='ltr'>ornatum</span> <span class='ocrx_word' id='word_1_45' title='bbox 923 1328 971 1384; x_wconf 90' lang='lat' dir='ltr'>est</span> <span class='ocrx_word' id='word_1_46' title='bbox 993 1343 1069 1385; x_wconf 90' lang='lat' dir='ltr'>auro</span> <span class='ocrx_word' id='word_1_47' title='bbox 1092 1324 1140 1386; x_wconf 91' lang='lat' dir='ltr'>vel</span> <span class='ocrx_word' id='word_1_48' title='bbox 1163 1323 1269 1404; x_wconf 87' lang='lat' dir='ltr'>lapide</span> 
     </span>
     <span class='ocr_line' id='line_1_8' title="bbox 179 1413 1029 1493; baseline 0.005 -19"><span class='ocrx_word' id='word_1_49' title='bbox 179 1416 314 1493; x_wconf 88' lang='lat' dir='ltr'>pretioso</span> <span class='ocrx_word' id='word_1_50' title='bbox 332 1413 377 1475; x_wconf 76' lang='lat' dir='ltr'>ael</span> <span class='ocrx_word' id='word_1_51' title='bbox 396 1415 422 1474; x_wconf 89' lang='lat' dir='ltr'>si</span> <span class='ocrx_word' id='word_1_52' title='bbox 440 1414 474 1474; x_wconf 96' lang='lat' dir='ltr'>in</span> <span class='ocrx_word' id='word_1_53' title='bbox 491 1414 619 1475; x_wconf 92' lang='lat' dir='ltr'>modum</span> <span class='ocrx_word' id='word_1_54' title='bbox 638 1413 763 1476; x_wconf 88' lang='lat' dir='ltr'>tumbae</span> <span class='ocrx_word' id='word_1_55' title='bbox 781 1414 959 1476; x_wconf 84' lang='lat' dir='ltr'>coniectum</span> <span class='ocrx_word' id='word_1_56' title='bbox 977 1417 1029 1478; x_wconf 87' lang='lat' dir='ltr'>sit.</span> 
     </span>
    </p>

    <p class='ocr_par' dir='ltr' id='par_1_5' title="bbox 175 1506 1270 1774">
     <span class='ocr_line' id='line_1_9' title="bbox 221 1506 1270 1591; baseline 0.005 -24"><span class='ocrx_word' id='word_1_57' title='bbox 221 1508 283 1568; x_wconf 91' lang='lat' dir='ltr'>Pro</span> <span class='ocrx_word' id='word_1_58' title='bbox 304 1507 407 1568; x_wconf 81' lang='lat' dir='ltr'>Alteri</span> <span class='ocrx_word' id='word_1_59' title='bbox 429 1507 544 1587; x_wconf 90' lang='lat' dir='ltr'>inquo</span> <span class='ocrx_word' id='word_1_60' title='bbox 567 1506 623 1568; x_wconf 86' lang='lat' dir='ltr'>SS.</span> <span class='ocrx_word' id='word_1_61' title='bbox 647 1507 885 1570; x_wconf 82' lang='lat' dir='ltr'>Sacramentum</span> <span class='ocrx_word' id='word_1_62' title='bbox 906 1509 1075 1588; x_wconf 82' lang='lat' dir='ltr'>exponitur</span> <span class='ocrx_word' id='word_1_63' title='bbox 1095 1511 1270 1591; x_wconf 88' lang='lat' dir='ltr'>requiritur</span> 
     </span>
     <span class='ocr_line' id='line_1_10' title="bbox 178 1600 1269 1675; baseline 0.004 -12"><span class='ocrx_word' id='word_1_64' title='bbox 178 1600 262 1663; x_wconf 92' lang='lat' dir='ltr'>color</span> <span class='ocrx_word' id='word_1_65' title='bbox 288 1600 386 1675; x_wconf 84' lang='lat' dir='ltr'>albus,</span> <span class='ocrx_word' id='word_1_66' title='bbox 412 1600 534 1663; x_wconf 87' lang='lat' dir='ltr'>etiamsi</span> <span class='ocrx_word' id='word_1_67' title='bbox 561 1600 695 1662; x_wconf 88' lang='lat' dir='ltr'>officium</span> <span class='ocrx_word' id='word_1_68' title='bbox 721 1601 784 1662; x_wconf 91' lang='lat' dir='ltr'>diei</span> <span class='ocrx_word' id='word_1_69' title='bbox 812 1601 858 1663; x_wconf 87' lang='lat' dir='ltr'>vel</span> <span class='ocrx_word' id='word_1_70' title='bbox 885 1601 983 1665; x_wconf 87' lang='lat' dir='ltr'>Missa</span> <span class='ocrx_word' id='word_1_71' title='bbox 1007 1602 1108 1665; x_wconf 90' lang='lat' dir='ltr'>alium</span> <span class='ocrx_word' id='word_1_72' title='bbox 1132 1603 1269 1667; x_wconf 90' lang='lat' dir='ltr'>colorem</span> 
     </span>
     <span class='ocr_line' id='line_1_11' title="bbox 175 1693 716 1774; baseline 0.004 -20"><span class='ocrx_word' id='word_1_73' title='bbox 175 1695 289 1774; x_wconf 81' lang='lat' dir='ltr'>exigat,</span> <span class='ocrx_word' id='word_1_74' title='bbox 310 1715 337 1757; x_wconf 83' lang='lat' dir='ltr'>v.</span> <span class='ocrx_word' id='word_1_75' title='bbox 358 1715 387 1774; x_wconf 85' lang='lat' dir='ltr'>g.</span> <span class='ocrx_word' id='word_1_76' title='bbox 407 1694 459 1758; x_wconf 90' lang='lat' dir='ltr'>die</span> <span class='ocrx_word' id='word_1_77' title='bbox 480 1693 716 1757; x_wconf 54' lang='lat' dir='ltr'>Pentecostes0²⁰</span> 
     </span>
    </p>

    <p class='ocr_par' dir='ltr' id='par_1_6' title="bbox 176 1785 1268 2036">
     <span class='ocr_line' id='line_1_12' title="bbox 221 1785 1268 1866; baseline 0.005 -21"><span class='ocrx_word' id='word_1_78' title='bbox 221 1786 314 1846; x_wconf 82' lang='lat' dir='ltr'>“Non</span> <span class='ocrx_word' id='word_1_79' title='bbox 344 1786 485 1847; x_wconf 89' lang='lat' dir='ltr'>adhiberi</span> <span class='ocrx_word' id='word_1_80' title='bbox 515 1790 617 1866; x_wconf 93' lang='lat' dir='ltr'>potest</span> <span class='ocrx_word' id='word_1_81' title='bbox 648 1785 786 1862; x_wconf 79' lang='lat' dir='ltr'>Pallium</span> <span class='ocrx_word' id='word_1_82' title='bbox 816 1787 901 1866; x_wconf 88' lang='lat' dir='ltr'>nigri</span> <span class='ocrx_word' id='word_1_83' title='bbox 929 1786 1042 1851; x_wconf 89' lang='lat' dir='ltr'>coloris</span> <span class='ocrx_word' id='word_1_84' title='bbox 1071 1789 1106 1850; x_wconf 95' lang='lat' dir='ltr'>in</span> <span class='ocrx_word' id='word_1_85' title='bbox 1135 1788 1268 1852; x_wconf 79' lang='lat' dir='ltr'>solemni</span> 
     </span>
     <span class='ocr_line' id='line_1_13' title="bbox 179 1878 1267 1960; baseline 0.004 -19"><span class='ocrx_word' id='word_1_86' title='bbox 179 1879 481 1943; x_wconf 77' lang='lat' dir='ltr'>Commemoratione</span> <span class='ocrx_word' id='word_1_87' title='bbox 503 1885 534 1943; x_wconf 90' lang='lat' dir='ltr'>et</span> <span class='ocrx_word' id='word_1_88' title='bbox 555 1878 703 1960; x_wconf 85' lang='lat' dir='ltr'>Exequiis</span> <span class='ocrx_word' id='word_1_89' title='bbox 726 1878 957 1942; x_wconf 83' lang='lat' dir='ltr'>Defunctorum</span> <span class='ocrx_word' id='word_1_90' title='bbox 979 1881 1019 1943; x_wconf 87' lang='lat' dir='ltr'>ad</span> <span class='ocrx_word' id='word_1_91' title='bbox 1040 1881 1150 1945; x_wconf 85' lang='lat' dir='ltr'>Altare</span> <span class='ocrx_word' id='word_1_92' title='bbox 1172 1882 1267 1945; x_wconf 48' lang='lat' dir='ltr'>Ssmi,</span> 
     </span>
     <span class='ocr_line' id='line_1_14' title="bbox 176 1972 429 2036; baseline -0.008 0"><span class='ocrx_word' id='word_1_93' title='bbox 176 1972 429 2036; x_wconf 81' lang='lat' dir='ltr'>Sacramenti.&#39;&#39;²¹</span> 
     </span>
    </p>

    <p class='ocr_par' dir='ltr' id='par_1_7' title="bbox 173 2065 1269 2886">
     <span class='ocr_line' id='line_1_15' title="bbox 216 2065 1269 2147; baseline 0.004 -20"><span class='ocrx_word' id='word_1_94' title='bbox 216 2070 244 2128; x_wconf 92' lang='lat'>3.</span> <span class='ocrx_word' id='word_1_95' title='bbox 269 2066 477 2146; x_wconf 82' lang='lat' dir='ltr'>Conopucum.</span> <span class='ocrx_word' id='word_1_96' title='bbox 509 2065 759 2128; x_wconf 71' lang='lat' dir='ltr'>&#39;sabernaculum</span> <span class='ocrx_word' id='word_1_97' title='bbox 791 2067 823 2127; x_wconf 95' lang='lat' dir='ltr'>in</span> <span class='ocrx_word' id='word_1_98' title='bbox 855 2085 916 2147; x_wconf 92' lang='lat' dir='ltr'>quo</span> <span class='ocrx_word' id='word_1_99' title='bbox 948 2066 995 2130; x_wconf 87' lang='lat' dir='ltr'>Sa.</span> <span class='ocrx_word' id='word_1_100' title='bbox 1028 2067 1269 2132; x_wconf 85' lang='lat' dir='ltr'>Sacramentum</span> 
     </span>
     <span class='ocr_line' id='line_1_16' title="bbox 174 2157 1269 2239; baseline 0.003 -18"><span class='ocrx_word' id='word_1_101' title='bbox 174 2157 354 2221; x_wconf 85' lang='lat' dir='ltr'>reconditur</span> <span class='ocrx_word' id='word_1_102' title='bbox 375 2158 537 2239; x_wconf 74' lang='lat' dir='ltr'>Corropueo</span> <span class='ocrx_word' id='word_1_103' title='bbox 556 2159 709 2238; x_wconf 91' lang='lat' dir='ltr'>cooperiri</span> <span class='ocrx_word' id='word_1_104' title='bbox 729 2158 830 2235; x_wconf 88' lang='lat' dir='ltr'>debet,</span> <span class='ocrx_word' id='word_1_105' title='bbox 850 2163 886 2222; x_wconf 94' lang='lat' dir='ltr'>ut</span> <span class='ocrx_word' id='word_1_106' title='bbox 906 2160 969 2223; x_wconf 85' lang='lat' dir='ltr'>fert</span> <span class='ocrx_word' id='word_1_107' title='bbox 990 2159 1125 2223; x_wconf 88' lang='lat' dir='ltr'>Rituale.</span> <span class='ocrx_word' id='word_1_108' title='bbox 1168 2159 1269 2225; x_wconf 79' lang='lat' dir='ltr'>Ceno</span> 
     </span>
     <span class='ocr_line' id='line_1_17' title="bbox 174 2251 1269 2333; baseline 0.003 -20"><span class='ocrx_word' id='word_1_109' title='bbox 174 2271 285 2333; x_wconf 90' lang='lat' dir='ltr'>paeum</span> <span class='ocrx_word' id='word_1_110' title='bbox 307 2251 417 2313; x_wconf 91' lang='lat' dir='ltr'>confici</span> <span class='ocrx_word' id='word_1_111' title='bbox 440 2256 542 2331; x_wconf 88' lang='lat' dir='ltr'>potest</span> <span class='ocrx_word' id='word_1_112' title='bbox 562 2271 599 2312; x_wconf 88' lang='lat' dir='ltr'>ex</span> <span class='ocrx_word' id='word_1_113' title='bbox 620 2270 735 2331; x_wconf 89' lang='lat' dir='ltr'>panno,</span> <span class='ocrx_word' id='word_1_114' title='bbox 756 2251 819 2314; x_wconf 90' lang='lat' dir='ltr'>sive</span> <span class='ocrx_word' id='word_1_115' title='bbox 840 2251 994 2333; x_wconf 86' lang='lat' dir='ltr'>gossypio,</span> <span class='ocrx_word' id='word_1_116' title='bbox 1015 2253 1079 2315; x_wconf 87' lang='lat' dir='ltr'>sive</span> <span class='ocrx_word' id='word_1_117' title='bbox 1100 2253 1182 2328; x_wconf 86' lang='lat' dir='ltr'>lana,</span> <span class='ocrx_word' id='word_1_118' title='bbox 1203 2255 1269 2316; x_wconf 84' lang='lat' dir='ltr'>sive</span> 
     </span>
     <span class='ocr_line' id='line_1_18' title="bbox 173 2343 1268 2426; baseline 0.003 -21"><span class='ocrx_word' id='word_1_119' title='bbox 173 2344 310 2406; x_wconf 87' lang='lat' dir='ltr'>cannabe</span> <span class='ocrx_word' id='word_1_120' title='bbox 326 2347 487 2411; x_wconf 77' lang='lat' dir='ltr'>contexto:</span> <span class='ocrx_word' id='word_1_121' title='bbox 503 2344 544 2406; x_wconf 90' lang='lat' dir='ltr'>sit</span> <span class='ocrx_word' id='word_1_122' title='bbox 558 2348 614 2406; x_wconf 89' lang='lat' dir='ltr'>aut</span> <span class='ocrx_word' id='word_1_123' title='bbox 629 2343 691 2405; x_wconf 88' lang='lat' dir='ltr'>albi</span> <span class='ocrx_word' id='word_1_124' title='bbox 707 2343 818 2407; x_wconf 90' lang='lat' dir='ltr'>coloris</span> <span class='ocrx_word' id='word_1_125' title='bbox 839 2345 976 2426; x_wconf 82' lang='lat' dir='ltr'>(semper</span> <span class='ocrx_word' id='word_1_126' title='bbox 992 2345 1026 2408; x_wconf 93' lang='lat' dir='ltr'>in</span> <span class='ocrx_word' id='word_1_127' title='bbox 1042 2344 1268 2425; x_wconf 78' lang='lat' dir='ltr'>expositione),</span> 
     </span>
     <span class='ocr_line' id='line_1_19' title="bbox 174 2435 1269 2516; baseline 0.002 -18"><span class='ocrx_word' id='word_1_128' title='bbox 174 2441 228 2498; x_wconf 87' lang='lat' dir='ltr'>aut</span> <span class='ocrx_word' id='word_1_129' title='bbox 244 2438 334 2516; x_wconf 84' lang='lat' dir='ltr'>juxto</span> <span class='ocrx_word' id='word_1_130' title='bbox 351 2456 444 2498; x_wconf 90' lang='lat' dir='ltr'>usum</span> <span class='ocrx_word' id='word_1_131' title='bbox 461 2436 672 2498; x_wconf 87' lang='lat' dir='ltr'>Ecclesiarum</span> <span class='ocrx_word' id='word_1_132' title='bbox 688 2436 785 2499; x_wconf 88' lang='lat' dir='ltr'>Urbis</span> <span class='ocrx_word' id='word_1_133' title='bbox 801 2437 912 2499; x_wconf 91' lang='lat' dir='ltr'>coloris</span> <span class='ocrx_word' id='word_1_134' title='bbox 928 2435 1027 2500; x_wconf 90' lang='lat' dir='ltr'>officio</span> <span class='ocrx_word' id='word_1_135' title='bbox 1043 2437 1269 2515; x_wconf 87' lang='lat' dir='ltr'>convenientis,</span> 
     </span>
     <span class='ocr_line' id='line_1_20' title="bbox 173 2527 1268 2609; baseline 0.003 -19"><span class='ocrx_word' id='word_1_136' title='bbox 173 2529 264 2609; x_wconf 83' lang='lat' dir='ltr'>nigro</span> <span class='ocrx_word' id='word_1_137' title='bbox 278 2536 415 2609; x_wconf 86' lang='lat' dir='ltr'>excepto,</span> <span class='ocrx_word' id='word_1_138' title='bbox 429 2530 483 2608; x_wconf 92' lang='lat' dir='ltr'>qui</span> <span class='ocrx_word' id='word_1_139' title='bbox 497 2527 581 2590; x_wconf 91' lang='lat' dir='ltr'>color</span> <span class='ocrx_word' id='word_1_140' title='bbox 594 2549 666 2589; x_wconf 92' lang='lat' dir='ltr'>curn</span> <span class='ocrx_word' id='word_1_141' title='bbox 681 2528 814 2590; x_wconf 88' lang='lat' dir='ltr'>violaceo</span> <span class='ocrx_word' id='word_1_142' title='bbox 829 2531 1009 2591; x_wconf 84' lang='lat' dir='ltr'>rnutatur.²²</span> <span class='ocrx_word' id='word_1_143' title='bbox 1045 2529 1116 2593; x_wconf 85' lang='lat' dir='ltr'>Hoc</span> <span class='ocrx_word' id='word_1_144' title='bbox 1131 2528 1268 2593; x_wconf 88' lang='lat' dir='ltr'>Ritualis</span> 
     </span>
     <span class='ocr_line' id='line_1_21' title="bbox 177 2619 1265 2701; baseline 0.001 -20"><span class='ocrx_word' id='word_1_145' title='bbox 177 2622 404 2701; x_wconf 85' lang='lat' dir='ltr'>praescriptum</span> <span class='ocrx_word' id='word_1_146' title='bbox 429 2621 524 2682; x_wconf 89' lang='lat' dir='ltr'>ctiam</span> <span class='ocrx_word' id='word_1_147' title='bbox 549 2619 734 2682; x_wconf 86' lang='lat' dir='ltr'>serrandum</span> <span class='ocrx_word' id='word_1_148' title='bbox 760 2627 816 2694; x_wconf 91' lang='lat' dir='ltr'>cst,</span> <span class='ocrx_word' id='word_1_149' title='bbox 842 2621 867 2681; x_wconf 88' lang='lat' dir='ltr'>si</span> <span class='ocrx_word' id='word_1_150' title='bbox 893 2621 1144 2682; x_wconf 69' lang='lat' dir='ltr'>&#39;sabernaculum</span> <span class='ocrx_word' id='word_1_151' title='bbox 1171 2620 1265 2682; x_wconf 89' lang='lat' dir='ltr'>Ssmi.</span> 
     </span>
     <span class='ocr_line' id='line_1_22' title="bbox 179 2713 1266 2793; baseline 0.001 -17"><span class='ocrx_word' id='word_1_152' title='bbox 179 2714 372 2776; x_wconf 87' lang='lat' dir='ltr'>Sacramenti</span> <span class='ocrx_word' id='word_1_153' title='bbox 397 2719 536 2793; x_wconf 81' lang='lat' dir='ltr'>argento,</span> <span class='ocrx_word' id='word_1_154' title='bbox 559 2734 635 2776; x_wconf 93' lang='lat' dir='ltr'>auro</span> <span class='ocrx_word' id='word_1_155' title='bbox 659 2715 705 2776; x_wconf 84' lang='lat' dir='ltr'>rel</span> <span class='ocrx_word' id='word_1_156' title='bbox 730 2713 792 2775; x_wconf 91' lang='lat' dir='ltr'>alia</span> <span class='ocrx_word' id='word_1_157' title='bbox 816 2714 951 2792; x_wconf 86' lang='lat' dir='ltr'>pretiosa</span> <span class='ocrx_word' id='word_1_158' title='bbox 974 2715 1107 2777; x_wconf 87' lang='lat' dir='ltr'>materia</span> <span class='ocrx_word' id='word_1_159' title='bbox 1128 2715 1171 2777; x_wconf 89' lang='lat' dir='ltr'>sit</span> <span class='ocrx_word' id='word_1_160' title='bbox 1194 2734 1266 2777; x_wconf 86' lang='lat' dir='ltr'>con·</span> 
     </span>
     <span class='ocr_line' id='line_1_23' title="bbox 176 2807 1076 2886; baseline -0.002 -16"><span class='ocrx_word' id='word_1_161' title='bbox 176 2807 305 2883; x_wconf 83' lang='lat' dir='ltr'>fectum,</span> <span class='ocrx_word' id='word_1_162' title='bbox 328 2827 383 2869; x_wconf 91' lang='lat' dir='ltr'>nec</span> <span class='ocrx_word' id='word_1_163' title='bbox 405 2808 522 2869; x_wconf 86' lang='lat' dir='ltr'>servari</span> <span class='ocrx_word' id='word_1_164' title='bbox 544 2812 645 2886; x_wconf 90' lang='lat' dir='ltr'>potest</span> <span class='ocrx_word' id='word_1_165' title='bbox 668 2807 858 2869; x_wconf 89' lang='lat' dir='ltr'>consuetudo</span> <span class='ocrx_word' id='word_1_166' title='bbox 881 2807 1076 2869; x_wconf 79' lang='lat' dir='ltr'>contraria²⁸</span> 
     </span>
    </p>

    <p class='ocr_par' dir='ltr' id='par_1_8' title="bbox 218 2899 1265 2980">
     <span class='ocr_line' id='line_1_24' title="bbox 218 2899 1265 2980; baseline 0.004 -19"><span class='ocrx_word' id='word_1_167' title='bbox 218 2906 246 2962; x_wconf 89' lang='grc'>4.</span> <span class='ocrx_word' id='word_1_168' title='bbox 272 2902 365 2964; x_wconf 72' lang='lat' dir='ltr'>Orus.</span> <span class='ocrx_word' id='word_1_169' title='bbox 409 2900 533 2980; x_wconf 83' lang='lat' dir='ltr'>“Super</span> <span class='ocrx_word' id='word_1_170' title='bbox 550 2899 658 2963; x_wconf 86' lang='lat' dir='ltr'>Altare</span> <span class='ocrx_word' id='word_1_171' title='bbox 676 2900 844 2963; x_wconf 88' lang='lat' dir='ltr'>collocetur</span> <span class='ocrx_word' id='word_1_172' title='bbox 861 2900 946 2963; x_wconf 84' lang='lat' dir='ltr'>Crux</span> <span class='ocrx_word' id='word_1_173' title='bbox 963 2901 997 2961; x_wconf 96' lang='lat' dir='ltr'>in</span> <span class='ocrx_word' id='word_1_174' title='bbox 1014 2899 1148 2976; x_wconf 91' lang='lat' dir='ltr'>medio,&#39;’</span> <span class='ocrx_word' id='word_1_175' title='bbox 1166 2901 1213 2965; x_wconf 89' lang='lat' dir='ltr'>ita</span> <span class='ocrx_word' id='word_1_176' title='bbox 1227 2905 1265 2965; x_wconf 87' lang='lat' dir='ltr'>ut</span> 
     </span>
    </p>
   </div>
   <div class='ocr_carea' id='block_1_4' title="bbox 175 3030 1268 3174">
    <p class='ocr_par' dir='ltr' id='par_1_9' title="bbox 175 3030 1268 3174">
     <span class='ocr_line' id='line_1_25' title="bbox 175 3030 1268 3096; baseline 0 -13"><span class='ocrx_word' id='word_1_177' title='bbox 175 3033 260 3083; x_wconf 86' lang='lat' dir='ltr'>tionis</span> <span class='ocrx_word' id='word_1_178' title='bbox 286 3032 392 3084; x_wconf 83' lang='lat' dir='ltr'>Altaria</span> <span class='ocrx_word' id='word_1_179' title='bbox 418 3031 465 3080; x_wconf 85' lang='lat' dir='ltr'>fixi</span> <span class='ocrx_word' id='word_1_180' title='bbox 491 3045 572 3096; x_wconf 85' lang='lat' dir='ltr'>super</span> <span class='ocrx_word' id='word_1_181' title='bbox 598 3031 695 3081; x_wconf 82' lang='lat' dir='ltr'>Altare</span> <span class='ocrx_word' id='word_1_182' title='bbox 747 3032 810 3096; x_wconf 85' lang='lat' dir='ltr'>pide</span> <span class='ocrx_word' id='word_1_183' title='bbox 829 3035 879 3081; x_wconf 91' lang='lat' dir='ltr'>aut</span> <span class='ocrx_word' id='word_1_184' title='bbox 897 3046 930 3082; x_wconf 85' lang='lat' dir='ltr'>ex</span> <span class='ocrx_word' id='word_1_185' title='bbox 949 3046 1083 3083; x_wconf 86' lang='lat' dir='ltr'>marmore</span> <span class='ocrx_word' id='word_1_186' title='bbox 1103 3030 1268 3084; x_wconf 72' lang='lat' dir='ltr'>consectum.</span> 
     </span>
     <span class='ocr_line' id='line_1_26' title="bbox 176 3107 1268 3174; baseline -0.001 -15"><span class='ocrx_word' id='word_1_187' title='bbox 176 3110 240 3174; x_wconf 90' lang='lat' dir='ltr'>poni</span> <span class='ocrx_word' id='word_1_188' title='bbox 272 3110 361 3171; x_wconf 85' lang='lat' dir='ltr'>debet,</span> <span class='ocrx_word' id='word_1_189' title='bbox 391 3109 475 3159; x_wconf 90' lang='lat' dir='ltr'>etiam</span> <span class='ocrx_word' id='word_1_190' title='bbox 506 3112 602 3173; x_wconf 85' lang='lat' dir='ltr'>postea</span> <span class='ocrx_word' id='word_1_191' title='bbox 633 3107 695 3157; x_wconf 90' lang='lat' dir='ltr'>reti·</span> <span class='ocrx_word' id='word_1_192' title='bbox 746 3107 774 3156; x_wconf 85' lang='lat' dir='ltr'>Si</span> <span class='ocrx_word' id='word_1_193' title='bbox 792 3111 884 3158; x_wconf 84' lang='lat' dir='ltr'>aritcm</span> <span class='ocrx_word' id='word_1_194' title='bbox 901 3108 974 3158; x_wconf 80' lang='lat' dir='ltr'>adsit</span> <span class='ocrx_word' id='word_1_195' title='bbox 992 3107 1048 3159; x_wconf 87' lang='lat' dir='ltr'>tale</span> <span class='ocrx_word' id='word_1_196' title='bbox 1064 3108 1197 3159; x_wconf 83' lang='lat' dir='ltr'>ciborium</span> <span class='ocrx_word' id='word_1_197' title='bbox 1214 3123 1268 3159; x_wconf 87' lang='lat' dir='ltr'>non</span> 
     </span>
    </p>
   </div>
   <div class='ocr_carea' id='block_1_5' title="bbox 174 3183 699 4561">
    <p class='ocr_par' dir='ltr' id='par_1_10' title="bbox 178 3183 697 3390">
     <span class='ocr_line' id='line_1_27' title="bbox 178 3183 695 3237; baseline -0.008 -2"><span class='ocrx_word' id='word_1_198' title='bbox 178 3186 281 3237; x_wconf 82' lang='lat' dir='ltr'>naudus</span> <span class='ocrx_word' id='word_1_199' title='bbox 307 3200 364 3236; x_wconf 86' lang='lat' dir='ltr'>essa</span> <span class='ocrx_word' id='word_1_200' title='bbox 389 3184 505 3234; x_wconf 87' lang='lat' dir='ltr'>videtur.</span> <span class='ocrx_word' id='word_1_201' title='bbox 540 3183 598 3233; x_wconf 85' lang='lat' dir='ltr'>Cfr.</span> <span class='ocrx_word' id='word_1_202' title='bbox 625 3183 695 3232; x_wconf 90' lang='lat' dir='ltr'>Visi-</span> 
     </span>
     <span class='ocr_line' id='line_1_28' title="bbox 178 3261 697 3328; baseline -0.01 -14"><span class='ocrx_word' id='word_1_203' title='bbox 178 3264 249 3314; x_wconf 88' lang='lat' dir='ltr'>tatio</span> <span class='ocrx_word' id='word_1_204' title='bbox 270 3263 370 3328; x_wconf 82' lang='lat' dir='ltr'>Aplica</span> <span class='ocrx_word' id='word_1_205' title='bbox 391 3261 418 3311; x_wconf 92' lang='lat' dir='ltr'>in</span> <span class='ocrx_word' id='word_1_206' title='bbox 440 3261 515 3312; x_wconf 87' lang='lat' dir='ltr'>Urbe</span> <span class='ocrx_word' id='word_1_207' title='bbox 540 3261 614 3324; x_wconf 82' lang='lat'>1904,</span> <span class='ocrx_word' id='word_1_208' title='bbox 636 3261 697 3310; x_wconf 87' lang='lat' dir='ltr'>Art.</span> 
     </span>
     <span class='ocr_line' id='line_1_29' title="bbox 178 3340 211 3390; baseline 0.061 -2"><span class='ocrx_word' id='word_1_209' title='bbox 178 3340 211 3390; x_wconf 82' lang='lat' dir='ltr'>V.</span> 
     </span>
    </p>

    <p class='ocr_par' dir='ltr' id='par_1_11' title="bbox 175 3413 698 3851">
     <span class='ocr_line' id='line_1_30' title="bbox 213 3413 698 3478; baseline -0.002 -15"><span class='ocrx_word' id='word_1_210' title='bbox 213 3421 238 3454; x_wconf 80' lang='lat'>1⁹</span> <span class='ocrx_word' id='word_1_211' title='bbox 251 3414 331 3478; x_wconf 85' lang='lat' dir='ltr'>Quid,</span> <span class='ocrx_word' id='word_1_212' title='bbox 350 3428 379 3464; x_wconf 86' lang='lat' dir='ltr'>se</span> <span class='ocrx_word' id='word_1_213' title='bbox 397 3413 482 3464; x_wconf 86' lang='lat' dir='ltr'>stiam</span> <span class='ocrx_word' id='word_1_214' title='bbox 501 3426 603 3478; x_wconf 83' lang='lat' dir='ltr'>mappa</span> <span class='ocrx_word' id='word_1_215' title='bbox 622 3426 698 3478; x_wconf 83' lang='lat' dir='ltr'>supe·</span> 
     </span>
     <span class='ocr_line' id='line_1_31' title="bbox 176 3488 698 3540; baseline -0.008 -1"><span class='ocrx_word' id='word_1_216' title='bbox 176 3491 232 3540; x_wconf 92' lang='lat' dir='ltr'>rior</span> <span class='ocrx_word' id='word_1_217' title='bbox 246 3491 282 3539; x_wconf 90' lang='lat' dir='ltr'>sit</span> <span class='ocrx_word' id='word_1_218' title='bbox 295 3489 420 3539; x_wconf 84' lang='lat' dir='ltr'>sordidai</span> <span class='ocrx_word' id='word_1_219' title='bbox 448 3489 489 3537; x_wconf 82' lang='lat' dir='ltr'>Ex</span> <span class='ocrx_word' id='word_1_220' title='bbox 504 3488 637 3538; x_wconf 88' lang='lat' dir='ltr'>munditia</span> <span class='ocrx_word' id='word_1_221' title='bbox 651 3492 698 3538; x_wconf 81' lang='lat' dir='ltr'>siit</span> 
     </span>
     <span class='ocr_line' id='line_1_32' title="bbox 176 3564 694 3628; baseline -0.004 -11"><span class='ocrx_word' id='word_1_222' title='bbox 176 3568 302 3617; x_wconf 87' lang='lat' dir='ltr'>sordibus</span> <span class='ocrx_word' id='word_1_223' title='bbox 331 3565 446 3628; x_wconf 82' lang='lat' dir='ltr'>Altaria,</span> <span class='ocrx_word' id='word_1_224' title='bbox 477 3564 623 3628; x_wconf 81' lang='lat' dir='ltr'>Ecclesiae,</span> <span class='ocrx_word' id='word_1_225' title='bbox 654 3578 694 3615; x_wconf 86' lang='lat' dir='ltr'>sa·</span> 
     </span>
     <span class='ocr_line' id='line_1_33' title="bbox 176 3644 697 3708; baseline -0.006 -13"><span class='ocrx_word' id='word_1_226' title='bbox 176 3644 294 3705; x_wconf 74' lang='lat' dir='ltr'>cristine,</span> <span class='ocrx_word' id='word_1_227' title='bbox 310 3646 540 3708; x_wconf 86' lang='lat' dir='ltr'>paramentorum,</span> <span class='ocrx_word' id='word_1_228' title='bbox 550 3646 697 3706; x_wconf 87' lang='lat' dir='ltr'>etc.,saepe</span> 
     </span>
     <span class='ocr_line' id='line_1_34' title="bbox 176 3719 695 3787; baseline -0.008 -17"><span class='ocrx_word' id='word_1_229' title='bbox 176 3723 345 3787; x_wconf 71' lang='lat' dir='ltr'>dignoscitur</span> <span class='ocrx_word' id='word_1_230' title='bbox 359 3722 466 3772; x_wconf 84' lang='lat' dir='ltr'>Pastor.</span> <span class='ocrx_word' id='word_1_231' title='bbox 490 3719 643 3783; x_wconf 85' lang='lat' dir='ltr'>“Domiue,</span> <span class='ocrx_word' id='word_1_232' title='bbox 658 3720 695 3770; x_wconf 87' lang='lat' dir='ltr'>‹li-</span> 
     </span>
     <span class='ocr_line' id='line_1_35' title="bbox 175 3796 595 3851; baseline -0.007 0"><span class='ocrx_word' id='word_1_233' title='bbox 175 3801 227 3851; x_wconf 83' lang='lat' dir='ltr'>lcxi</span> <span class='ocrx_word' id='word_1_234' title='bbox 245 3801 365 3849; x_wconf 86' lang='lat' dir='ltr'>decorem</span> <span class='ocrx_word' id='word_1_235' title='bbox 382 3798 478 3847; x_wconf 78' lang='lat' dir='ltr'>domus</span> <span class='ocrx_word' id='word_1_236' title='bbox 492 3796 579 3848; x_wconf 79' lang='lat' dir='ltr'>tuae&#39;</span> <span class='ocrx_word' id='word_1_237' title='bbox 588 3796 595 3822; x_wconf 83' lang='lat'><em>&#39;</em></span> 
     </span>
    </p>

    <p class='ocr_par' dir='ltr' id='par_1_12' title="bbox 174 3871 699 4561">
     <span class='ocr_line' id='line_1_36' title="bbox 211 3871 699 3934; baseline -0.012 -9"><span class='ocrx_word' id='word_1_238' title='bbox 211 3875 280 3926; x_wconf 85' lang='lat' dir='ltr'>²⁰D.</span> <span class='ocrx_word' id='word_1_239' title='bbox 309 3874 386 3924; x_wconf 82' lang='lat'><strong>2673.</strong></span> <span class='ocrx_word' id='word_1_240' title='bbox 433 3871 603 3923; x_wconf 72' lang='lat' dir='ltr'>“sancitum</span> <span class='ocrx_word' id='word_1_241' title='bbox 633 3871 699 3934; x_wconf 80' lang='lat' dir='ltr'>fuit,</span> 
     </span>
     <span class='ocr_line' id='line_1_37' title="bbox 174 3950 695 4013; baseline -0.013 -8"><span class='ocrx_word' id='word_1_242' title='bbox 174 3959 205 4005; x_wconf 93' lang='lat' dir='ltr'>ut</span> <span class='ocrx_word' id='word_1_243' title='bbox 228 3950 421 4004; x_wconf 87' lang='lat' dir='ltr'>baldachinum</span> <span class='ocrx_word' id='word_1_244' title='bbox 444 3950 553 4000; x_wconf 89' lang='lat' dir='ltr'>omnino</span> <span class='ocrx_word' id='word_1_245' title='bbox 577 3963 695 4013; x_wconf 88' lang='lat' dir='ltr'>appona-</span> 
     </span>
     <span class='ocr_line' id='line_1_38' title="bbox 175 4024 696 4094; baseline -0.013 -14"><span class='ocrx_word' id='word_1_246' title='bbox 175 4036 220 4080; x_wconf 87' lang='lat' dir='ltr'>tur</span> <span class='ocrx_word' id='word_1_247' title='bbox 235 4043 315 4094; x_wconf 86' lang='lat' dir='ltr'>super</span> <span class='ocrx_word' id='word_1_248' title='bbox 332 4027 436 4089; x_wconf 75' lang='lat' dir='ltr'>Altare,</span> <span class='ocrx_word' id='word_1_249' title='bbox 451 4025 478 4075; x_wconf 88' lang='lat' dir='ltr'>iu</span> <span class='ocrx_word' id='word_1_250' title='bbox 494 4039 546 4090; x_wconf 83' lang='lat' dir='ltr'>qiro</span> <span class='ocrx_word' id='word_1_251' title='bbox 560 4024 696 4088; x_wconf 82' lang='lat' dir='ltr'>augustis·</span> 
     </span>
     <span class='ocr_line' id='line_1_39' title="bbox 177 4104 695 4154; baseline -0.012 0"><span class='ocrx_word' id='word_1_252' title='bbox 177 4106 273 4154; x_wconf 85' lang='lat' dir='ltr'>simum</span> <span class='ocrx_word' id='word_1_253' title='bbox 321 4104 528 4153; x_wconf 78' lang='lat' dir='ltr'>Sacramentum</span> <span class='ocrx_word' id='word_1_254' title='bbox 578 4113 695 4150; x_wconf 82' lang='lat' dir='ltr'>asserva-</span> 
     </span>
     <span class='ocr_line' id='line_1_40' title="bbox 178 4177 695 4243; baseline -0.012 -11"><span class='ocrx_word' id='word_1_255' title='bbox 178 4182 261 4233; x_wconf 83' lang='lat' dir='ltr'>tur.”</span> <span class='ocrx_word' id='word_1_256' title='bbox 291 4181 338 4243; x_wconf 85' lang='lat' dir='ltr'>(D.</span> <span class='ocrx_word' id='word_1_257' title='bbox 356 4180 448 4242; x_wconf 79' lang='lat'>2912.)</span> <span class='ocrx_word' id='word_1_258' title='bbox 479 4178 585 4242; x_wconf 85' lang='lat' dir='ltr'>“Quod</span> <span class='ocrx_word' id='word_1_259' title='bbox 602 4177 695 4227; x_wconf 84' lang='lat' dir='ltr'>balda·</span> 
     </span>
     <span class='ocr_line' id='line_1_41' title="bbox 177 4257 694 4323; baseline -0.017 -13"><span class='ocrx_word' id='word_1_260' title='bbox 177 4261 285 4312; x_wconf 89' lang='lat' dir='ltr'>chinum</span> <span class='ocrx_word' id='word_1_261' title='bbox 308 4259 392 4310; x_wconf 87' lang='lat' dir='ltr'>etiam</span> <span class='ocrx_word' id='word_1_262' title='bbox 415 4272 499 4323; x_wconf 87' lang='lat' dir='ltr'>supra</span> <span class='ocrx_word' id='word_1_263' title='bbox 521 4257 694 4307; x_wconf 81' lang='lat' dir='ltr'>statuendum</span> 
     </span>
     <span class='ocr_line' id='line_1_42' title="bbox 175 4335 695 4401; baseline -0.019 -11"><span class='ocrx_word' id='word_1_264' title='bbox 175 4342 237 4399; x_wconf 83' lang='lat' dir='ltr'>erit,</span> <span class='ocrx_word' id='word_1_265' title='bbox 260 4340 283 4388; x_wconf 90' lang='lat' dir='ltr'>si</span> <span class='ocrx_word' id='word_1_266' title='bbox 310 4340 405 4388; x_wconf 77' lang='lat' dir='ltr'>hitare</span> <span class='ocrx_word' id='word_1_267' title='bbox 428 4337 462 4386; x_wconf 88' lang='lat' dir='ltr'>sit</span> <span class='ocrx_word' id='word_1_268' title='bbox 488 4351 505 4387; x_wconf 90' lang='lat' dir='ltr'>a</span> <span class='ocrx_word' id='word_1_269' title='bbox 528 4335 634 4401; x_wconf 89' lang='lat' dir='ltr'>pariete</span> <span class='ocrx_word' id='word_1_270' title='bbox 658 4348 695 4381; x_wconf 83' lang='lat' dir='ltr'>ac·</span> 
     </span>
     <span class='ocr_line' id='line_1_43' title="bbox 176 4411 694 4481; baseline -0.019 -14"><span class='ocrx_word' id='word_1_271' title='bbox 176 4417 315 4481; x_wconf 77' lang='lat' dir='ltr'>junctum:</span> <span class='ocrx_word' id='word_1_272' title='bbox 344 4431 390 4464; x_wconf 85' lang='lat' dir='ltr'>uec</span> <span class='ocrx_word' id='word_1_273' title='bbox 415 4429 499 4478; x_wconf 87' lang='lat' dir='ltr'>supra</span> <span class='ocrx_word' id='word_1_274' title='bbox 523 4413 620 4462; x_wconf 76' lang='lat' dir='ltr'>hatum</span> <span class='ocrx_word' id='word_1_275' title='bbox 648 4411 694 4460; x_wconf 90' lang='lat' dir='ltr'>nii-</span> 
     </span>
     <span class='ocr_line' id='line_1_44' title="bbox 176 4488 694 4561; baseline -0.012 -18"><span class='ocrx_word' id='word_1_276' title='bbox 176 4496 246 4561; x_wconf 88' lang='lat' dir='ltr'>quod</span> <span class='ocrx_word' id='word_1_277' title='bbox 268 4493 398 4543; x_wconf 83' lang='lat' dir='ltr'>ciborium</span> <span class='ocrx_word' id='word_1_278' title='bbox 424 4488 579 4557; x_wconf 77' lang='lat' dir='ltr'>[tegumen]</span> <span class='ocrx_word' id='word_1_279' title='bbox 604 4503 636 4539; x_wconf 82' lang='lat' dir='ltr'>ex</span> <span class='ocrx_word' id='word_1_280' title='bbox 659 4489 694 4537; x_wconf 88' lang='lat' dir='ltr'>la-</span> 
     </span>
    </p>
   </div>
   <div class='ocr_carea' id='block_1_6' title="bbox 743 3183 1269 4552">
    <p class='ocr_par' dir='ltr' id='par_1_13' title="bbox 744 3183 1267 3464">
     <span class='ocr_line' id='line_1_45' title="bbox 744 3183 1267 3250; baseline 0.004 -16"><span class='ocrx_word' id='word_1_281' title='bbox 744 3188 785 3234; x_wconf 85' lang='lat' dir='ltr'>est</span> <span class='ocrx_word' id='word_1_282' title='bbox 808 3198 876 3248; x_wconf 83' lang='lat' dir='ltr'>opus</span> <span class='ocrx_word' id='word_1_283' title='bbox 896 3183 1086 3235; x_wconf 86' lang='lat' dir='ltr'>umbraculo.&#39;’</span> <span class='ocrx_word' id='word_1_284' title='bbox 1116 3184 1193 3236; x_wconf 70' lang='lat' dir='ltr'>(laer.</span> <span class='ocrx_word' id='word_1_285' title='bbox 1214 3184 1267 3250; x_wconf 80' lang='lat' dir='ltr'>Ep.</span> 
     </span>
     <span class='ocr_line' id='line_1_46' title="bbox 745 3259 1267 3322; baseline 0.002 -13"><span class='ocrx_word' id='word_1_286' title='bbox 745 3260 768 3310; x_wconf 94' lang='grc' dir='ltr'>Ι.</span> <span class='ocrx_word' id='word_1_287' title='bbox 794 3261 834 3322; x_wconf 83' lang='grc'>12,</span> <span class='ocrx_word' id='word_1_288' title='bbox 859 3261 899 3310; x_wconf 87' lang='grc'>13.</span> <span class='ocrx_word' id='word_1_289' title='bbox 940 3259 1060 3310; x_wconf 87' lang='lat' dir='ltr'>Ubinam</span> <span class='ocrx_word' id='word_1_290' title='bbox 1083 3261 1150 3312; x_wconf 84' lang='lat' dir='ltr'>haee</span> <span class='ocrx_word' id='word_1_291' title='bbox 1172 3261 1215 3312; x_wconf 86' lang='lat' dir='ltr'>lex</span> <span class='ocrx_word' id='word_1_292' title='bbox 1238 3260 1267 3310; x_wconf 89' lang='lat' dir='ltr'>in</span> 
     </span>
     <span class='ocr_line' id='line_1_47' title="bbox 745 3336 1266 3403; baseline 0 -17"><span class='ocrx_word' id='word_1_293' title='bbox 745 3336 950 3387; x_wconf 83' lang='lat' dir='ltr'>desuetudinem</span> <span class='ocrx_word' id='word_1_294' title='bbox 992 3336 1115 3403; x_wconf 83' lang='lat' dir='ltr'>legitime</span> <span class='ocrx_word' id='word_1_295' title='bbox 1156 3337 1266 3402; x_wconf 81' lang='lat' dir='ltr'>abierit,</span> 
     </span>
     <span class='ocr_line' id='line_1_48' title="bbox 745 3413 1012 3464; baseline 0.007 -2"><span class='ocrx_word' id='word_1_296' title='bbox 745 3413 854 3463; x_wconf 84' lang='lat' dir='ltr'>difficile</span> <span class='ocrx_word' id='word_1_297' title='bbox 869 3417 911 3463; x_wconf 89' lang='lat' dir='ltr'>est</span> <span class='ocrx_word' id='word_1_298' title='bbox 929 3413 1012 3464; x_wconf 86' lang='lat' dir='ltr'>dictu.</span> 
     </span>
    </p>

    <p class='ocr_par' dir='ltr' id='par_1_14' title="bbox 744 3487 1267 3705">
     <span class='ocr_line' id='line_1_49' title="bbox 779 3487 1267 3539; baseline 0 -2"><span class='ocrx_word' id='word_1_299' title='bbox 779 3493 803 3528; x_wconf 81' lang='lat'>²¹</span> <span class='ocrx_word' id='word_1_300' title='bbox 817 3487 850 3538; x_wconf 91' lang='lat' dir='ltr'>D.</span> <span class='ocrx_word' id='word_1_301' title='bbox 870 3488 947 3538; x_wconf 83' lang='lat'>3201.</span> <span class='ocrx_word' id='word_1_302' title='bbox 968 3489 1008 3539; x_wconf 92' lang='grc'>10.</span> <span class='ocrx_word' id='word_1_303' title='bbox 1027 3488 1101 3538; x_wconf 86' lang='lat' dir='ltr'>Usus</span> <span class='ocrx_word' id='word_1_304' title='bbox 1118 3487 1267 3539; x_wconf 83' lang='lat' dir='ltr'>adhibendi</span> 
     </span>
     <span class='ocr_line' id='line_1_50' title="bbox 744 3565 1267 3630; baseline 0.004 -18"><span class='ocrx_word' id='word_1_305' title='bbox 744 3565 853 3629; x_wconf 87' lang='lat' dir='ltr'>nigrum</span> <span class='ocrx_word' id='word_1_306' title='bbox 885 3565 999 3629; x_wconf 85' lang='lat' dir='ltr'>pallium</span> <span class='ocrx_word' id='word_1_307' title='bbox 1032 3565 1143 3616; x_wconf 87' lang='lat' dir='ltr'>tolerari</span> <span class='ocrx_word' id='word_1_308' title='bbox 1176 3568 1267 3630; x_wconf 87' lang='lat' dir='ltr'>potest</span> 
     </span>
     <span class='ocr_line' id='line_1_51' title="bbox 744 3641 972 3705; baseline 0.009 -15"><span class='ocrx_word' id='word_1_309' title='bbox 744 3641 826 3705; x_wconf 82' lang='lat' dir='ltr'>juxta</span> <span class='ocrx_word' id='word_1_310' title='bbox 843 3641 876 3692; x_wconf 93' lang='lat' dir='ltr'>D.</span> <span class='ocrx_word' id='word_1_311' title='bbox 895 3641 972 3692; x_wconf 82' lang='lat'><strong>3562.</strong></span> 
     </span>
    </p>

    <p class='ocr_par' dir='ltr' id='par_1_15' title="bbox 781 3717 1176 3779">
     <span class='ocr_line' id='line_1_52' title="bbox 781 3717 1176 3779; baseline 0.003 -13"><span class='ocrx_word' id='word_1_312' title='bbox 781 3723 806 3756; x_wconf 84' lang='lat'>²²</span> <span class='ocrx_word' id='word_1_313' title='bbox 826 3717 858 3769; x_wconf 92' lang='lat' dir='ltr'>D.</span> <span class='ocrx_word' id='word_1_314' title='bbox 881 3718 957 3768; x_wconf 85' lang='lat'>3035.</span> <span class='ocrx_word' id='word_1_315' title='bbox 981 3718 1027 3779; x_wconf 88' lang='lat'>10;</span> <span class='ocrx_word' id='word_1_316' title='bbox 1050 3723 1078 3768; x_wconf 84' lang='lat' dir='ltr'>et</span> <span class='ocrx_word' id='word_1_317' title='bbox 1098 3717 1176 3768; x_wconf 81' lang='lat'><strong>3562.</strong></span> 
     </span>
    </p>

    <p class='ocr_par' dir='ltr' id='par_1_16' title="bbox 743 3794 1269 4552">
     <span class='ocr_line' id='line_1_53' title="bbox 783 3794 1266 3859; baseline 0.004 -16"><span class='ocrx_word' id='word_1_318' title='bbox 783 3800 808 3833; x_wconf 79' lang='lat'>²³</span> <span class='ocrx_word' id='word_1_319' title='bbox 828 3795 860 3844; x_wconf 86' lang='lat' dir='ltr'>D.</span> <span class='ocrx_word' id='word_1_320' title='bbox 878 3796 901 3844; x_wconf 83' lang='lat'>7.</span> <span class='ocrx_word' id='word_1_321' title='bbox 918 3795 989 3859; x_wconf 80' lang='lat' dir='ltr'>Aug.</span> <span class='ocrx_word' id='word_1_322' title='bbox 1008 3796 1084 3856; x_wconf 85' lang='lat'>1880,</span> <span class='ocrx_word' id='word_1_323' title='bbox 1101 3810 1127 3844; x_wconf 90' lang='lat' dir='ltr'>u.</span> <span class='ocrx_word' id='word_1_324' title='bbox 1144 3794 1221 3857; x_wconf 82' lang='lat'>3520,</span> <span class='ocrx_word' id='word_1_325' title='bbox 1237 3795 1266 3845; x_wconf 82' lang='lat' dir='ltr'>st</span> 
     </span>
     <span class='ocr_line' id='line_1_54' title="bbox 748 3869 1265 3936; baseline -0.004 -14"><span class='ocrx_word' id='word_1_326' title='bbox 748 3875 770 3922; x_wconf 92' lang='lat'>1.</span> <span class='ocrx_word' id='word_1_327' title='bbox 789 3873 846 3922; x_wconf 86' lang='lat' dir='ltr'>Jui.</span> <span class='ocrx_word' id='word_1_328' title='bbox 866 3873 941 3933; x_wconf 82' lang='lat'>1904,</span> <span class='ocrx_word' id='word_1_329' title='bbox 959 3887 985 3922; x_wconf 88' lang='lat' dir='ltr'>n.</span> <span class='ocrx_word' id='word_1_330' title='bbox 1004 3872 1081 3922; x_wconf 76' lang='lat'>4137.</span> <span class='ocrx_word' id='word_1_331' title='bbox 1099 3869 1265 3936; x_wconf 83' lang='lat' dir='ltr'>“Conopaei</span> 
     </span>
     <span class='ocr_line' id='line_1_55' title="bbox 745 3949 1265 4015; baseline -0.002 -16"><span class='ocrx_word' id='word_1_332' title='bbox 745 3965 809 4000; x_wconf 90' lang='lat' dir='ltr'>usus</span> <span class='ocrx_word' id='word_1_333' title='bbox 829 3950 967 4015; x_wconf 81' lang='lat' dir='ltr'>practicus</span> <span class='ocrx_word' id='word_1_334' title='bbox 987 3949 1067 4000; x_wconf 90' lang='lat' dir='ltr'>simul</span> <span class='ocrx_word' id='word_1_335' title='bbox 1087 3953 1129 4000; x_wconf 88' lang='lat' dir='ltr'>est</span> <span class='ocrx_word' id='word_1_336' title='bbox 1149 3953 1177 4000; x_wconf 84' lang='lat' dir='ltr'>et</span> <span class='ocrx_word' id='word_1_337' title='bbox 1196 3963 1265 4013; x_wconf 83' lang='lat' dir='ltr'>sym·</span> 
     </span>
     <span class='ocr_line' id='line_1_56' title="bbox 744 4025 1265 4091; baseline -0.002 -16"><span class='ocrx_word' id='word_1_338' title='bbox 744 4026 862 4077; x_wconf 76' lang='lat' dir='ltr'>helie-us:</span> <span class='ocrx_word' id='word_1_339' title='bbox 902 4027 1049 4091; x_wconf 86' lang='lat' dir='ltr'>practicus,</span> <span class='ocrx_word' id='word_1_340' title='bbox 1084 4030 1116 4076; x_wconf 91' lang='lat' dir='ltr'>ut</span> <span class='ocrx_word' id='word_1_341' title='bbox 1153 4025 1265 4076; x_wconf 84' lang='lat' dir='ltr'>Sanetu-</span> 
     </span>
     <span class='ocr_line' id='line_1_57' title="bbox 744 4100 1266 4167; baseline -0.006 -14"><span class='ocrx_word' id='word_1_342' title='bbox 744 4103 831 4153; x_wconf 87' lang='lat' dir='ltr'>arinm</span> <span class='ocrx_word' id='word_1_343' title='bbox 852 4117 869 4153; x_wconf 89' lang='lat' dir='ltr'>a</span> <span class='ocrx_word' id='word_1_344' title='bbox 888 4103 999 4152; x_wconf 89' lang='lat' dir='ltr'>minimo</span> <span class='ocrx_word' id='word_1_345' title='bbox 1019 4102 1129 4167; x_wconf 85' lang='lat' dir='ltr'>pulvere</span> <span class='ocrx_word' id='word_1_346' title='bbox 1148 4100 1266 4151; x_wconf 88' lang='lat' dir='ltr'>nitidum</span> 
     </span>
     <span class='ocr_line' id='line_1_58' title="bbox 744 4175 1265 4242; baseline -0.012 -13"><span class='ocrx_word' id='word_1_347' title='bbox 744 4179 930 4239; x_wconf 59' lang='lat' dir='ltr'>aristodimum</span> <span class='ocrx_word' id='word_1_348' title='bbox 982 4177 1154 4242; x_wconf 76' lang='lat' dir='ltr'>symbolicas,</span> <span class='ocrx_word' id='word_1_349' title='bbox 1202 4175 1265 4239; x_wconf 89' lang='lat' dir='ltr'>qui</span> 
     </span>
     <span class='ocr_line' id='line_1_59' title="bbox 745 4251 1266 4314; baseline -0.008 -10"><span class='ocrx_word' id='word_1_350' title='bbox 745 4260 874 4306; x_wconf 84' lang='lat' dir='ltr'>memorat</span> <span class='ocrx_word' id='word_1_351' title='bbox 896 4256 1043 4305; x_wconf 82' lang='lat' dir='ltr'>tentorium</span> <span class='ocrx_word' id='word_1_352' title='bbox 1066 4255 1152 4304; x_wconf 75' lang='lat' dir='ltr'>Areae</span> <span class='ocrx_word' id='word_1_353' title='bbox 1172 4252 1205 4302; x_wconf 86' lang='lat' dir='ltr'>V.</span> <span class='ocrx_word' id='word_1_354' title='bbox 1226 4251 1266 4314; x_wconf 69' lang='lat' dir='ltr'>T„</span> 
     </span>
     <span class='ocr_line' id='line_1_60' title="bbox 743 4329 1266 4392; baseline -0.017 -10"><span class='ocrx_word' id='word_1_355' title='bbox 743 4336 772 4382; x_wconf 84' lang='lat' dir='ltr'>at</span> <span class='ocrx_word' id='word_1_356' title='bbox 799 4331 945 4382; x_wconf 84' lang='lat' dir='ltr'>adhibetur</span> <span class='ocrx_word' id='word_1_357' title='bbox 973 4331 1008 4381; x_wconf 78' lang='lat' dir='ltr'>au</span> <span class='ocrx_word' id='word_1_358' title='bbox 1036 4329 1169 4392; x_wconf 82' lang='lat' dir='ltr'>majorem</span> <span class='ocrx_word' id='word_1_359' title='bbox 1197 4340 1266 4377; x_wconf 85' lang='lat' dir='ltr'>ravo·</span> 
     </span>
     <span class='ocr_line' id='line_1_61' title="bbox 745 4402 1269 4458; baseline -0.013 -2"><span class='ocrx_word' id='word_1_360' title='bbox 745 4408 862 4458; x_wconf 88' lang='lat' dir='ltr'>rentiam</span> <span class='ocrx_word' id='word_1_361' title='bbox 886 4404 1096 4457; x_wconf 73' lang='lat' dir='ltr'>sacramenti.&#39;’</span> <span class='ocrx_word' id='word_1_362' title='bbox 1138 4403 1198 4453; x_wconf 87' lang='lat' dir='ltr'>Van</span> <span class='ocrx_word' id='word_1_363' title='bbox 1221 4402 1269 4452; x_wconf 76' lang='lat' dir='ltr'>cler</span> 
     </span>
     <span class='ocr_line' id='line_1_62' title="bbox 746 4476 1265 4552; baseline 0 -24"><span class='ocrx_word' id='word_1_364' title='bbox 746 4484 868 4552; x_wconf 70' lang='lat' dir='ltr'>Stappen</span> <span class='ocrx_word' id='word_1_365' title='bbox 884 4483 944 4536; x_wconf 84' lang='lat' dir='ltr'>Sac.</span> <span class='ocrx_word' id='word_1_366' title='bbox 959 4483 1014 4534; x_wconf 76' lang='lat' dir='ltr'>hit.</span> <span class='ocrx_word' id='word_1_367' title='bbox 1030 4481 1079 4532; x_wconf 90' lang='lat' dir='ltr'>IV.</span> <span class='ocrx_word' id='word_1_368' title='bbox 1094 4480 1125 4547; x_wconf 94' lang='lat' dir='ltr'>Q.</span> <span class='ocrx_word' id='word_1_369' title='bbox 1143 4481 1201 4531; x_wconf 79' lang='lat'>154.</span> <span class='ocrx_word' id='word_1_370' title='bbox 1215 4476 1265 4529; x_wconf 88' lang='lat' dir='ltr'>VI.</span> 
     </span>
    </p>
   </div>
   <div class='ocr_carea' id='block_1_7' title="bbox 0 0 1406 4890">
    <p class='ocr_par' dir='ltr' id='par_1_17' title="bbox 0 0 1406 4890">
     <span class='ocr_line' id='line_1_63' title="bbox 0 0 1406 4890; baseline 0 0"><span class='ocrx_word' id='word_1_371' title='bbox 0 0 1406 4890; x_wconf 95' lang='lat' dir='ltr'> </span> 
     </span>
    </p>
   </div>
  </div>
 </body>
</html>
