2804 4890
182 717 398 777 EXPOSITIO
421 718 474 773 SS.
500 717 757 773 SACRAMENTI
781 716 857 771 PRO
880 716 942 772 ΟΒ.
970 716 1025 770 XL
1048 714 1142 770 HOR.
1182 704 1236 764 5²51

154 863 351 927 Clementiae
371 866 519 947 exigitur,
540 867 581 929 sit
600 867 676 928 satis
696 869 734 930 ad
755 869 900 931 ellectum
923 865 1192 949 indulgentiarum
1212 870 1244 928 et

150 957 308 1039 privilegii
337 959 552 1036 obtinendum,
581 962 683 1041 primo
712 962 763 1023 die
792 961 1032 1024 sanctissimum
1062 961 1242 1023 Sacramen-

152 1057 230 1126 tum,
252 1071 445 1132 quaenmqne
466 1054 541 1115 liora
566 1054 724 1114 matutina
747 1054 791 1116 vel
813 1054 895 1114 eirea
918 1053 1080 1117 meridiem
1102 1051 1243 1133 publicae

152 1145 343 1207 venerationi
364 1145 397 1206 in
420 1146 590 1207 ostensuris
611 1166 763 1226 exponere
784 1156 814 1207 et
838 1146 1027 1227 perdurante
1050 1147 1118 1226 ipso
1139 1145 1190 1207 die
1211 1153 1243 1208 et

151 1256 207 1318 per
229 1237 311 1301 diem
345 1237 480 1300 alterum
503 1238 659 1317 ejusmodi
682 1239 885 1318 expositione,
909 1239 960 1302 die
985 1239 1089 1314 tertio,
1114 1236 1245 1300 meridie

151 1336 207 1392 aut
228 1330 266 1392 de
288 1351 366 1407 sero,
391 1330 474 1393 idem
498 1332 661 1410 deponere,
686 1332 826 1411 quamvis
851 1337 946 1394 noctu
970 1331 1123 1411 expositio
1146 1331 1243 1394 inter·

151 1422 361 1502 rumpatur.''¹

193 1516 413 1596 Indulgentiae
448 1515 646 1597 supradictae
682 1515 747 1578 scil.
787 1520 825 1578 ltl
860 1537 1016 1580 annorum
1051 1516 1243 1597 totidemque

153 1610 422 1689 quadragenarum
457 1610 547 1671 toties
579 1609 796 1688 acquiruntur,
829 1609 949 1691 quoties
983 1609 1121 1671 visitatio
1154 1607 1246 1670 corde

152 1701 262 1762 saltem
291 1702 427 1765 contrito
455 1702 626 1783 peragitur.
679 1702 763 1776 Quae
793 1702 930 1766 visitatio
961 1703 1053 1781 juxta
1084 1700 1244 1763 Constitu-

152 1793 269 1856 tionem
295 1794 465 1857 Clementis
492 1794 586 1857 vlu.
612 1815 667 1875 per
691 1815 787 1856 unam
813 1797 921 1857 horam
944 1796 1113 1877 perdurare
1136 1794 1245 1870 debet;

151 1888 241 1965 juxta
267 1886 533 1949 Constitutionem
558 1887 649 1949 Pauli
676 1888 714 1949 V.
740 1888 860 1950 brevior
883 1907 947 1951 esse
971 1889 1096 1969 potest.²

196 1982 224 2040 2.
247 1978 422 2041 “Mandant
443 2001 514 2042 vero
535 1980 644 2042 Patres
664 1981 761 2061 hujus
782 1980 916 2042 Concilii
942 1979 1099 2060 [Plenarii
1120 1978 1183 2060 ΙΙ.]
1208 1981 1245 2040 ut

157 2072 195 2134 iis
217 2075 363 2153 exceptis,
387 2093 465 2153 quae
489 2073 583 2135 Sedes
607 2072 787 2153 Apostolica
810 2072 989 2135 modificare
1014 2073 1059 2135 vel
1084 2073 1244 2135 remittere

156 2165 333 2241 Indulserit,
348 2187 383 2228 ea
398 2167 504 2228 omnia
518 2166 626 2228 sedulo
641 2174 802 2228 serventur
818 2167 851 2226 iu
866 2167 963 2245 liujus
978 2165 1152 2229 devotionis
1166 2165 1242 2228 cele-

156 2259 307 2332 bratione,
323 2260 356 2320 in
373 2259 520 2321 Ecclesiis
536 2266 600 2321 tam
617 2258 809 2339 regularium
825 2279 918 2338 qnam
934 2259 1151 2333 saecularium,
1166 2278 1244 2338 qnae

157 2352 297 2431 exposita
323 2353 524 2432 reperiuntur
551 2354 584 2414 in
610 2352 700 2428 libro,
726 2353 776 2412 cui
803 2351 934 2413 titulus:
962 2351 1168 2415 ‘Ceremuninl
1195 2353 1244 2413 for

158 2445 210 2508 the
234 2464 288 2506 use
312 2445 346 2506 of
370 2445 423 2508 the
448 2444 590 2508 Catholic
616 2446 775 2506 Clrurelics
800 2445 833 2504 in
859 2445 911 2507 the
937 2445 1055 2506 United
1083 2445 1186 2507 States
1211 2445 1245 2506 oi

157 2536 367 2612 America,'''³
393 2557 470 2617 quae
495 2538 621 2617 quidem
648 2537 894 2599 instructionem
922 2537 1152 2599 Clementinam
1178 2537 1244 2600 fera

155 2629 312 2705 exhibent,
336 2641 368 2693 et
392 2631 443 2693 hie
467 2630 666 2711 sequentibus
692 2635 920 2711 proponuntur.
971 2630 1034 2711 (De
1060 2630 1181 2694 Triduo
1205 2631 1247 2694 ud

155 2725 256 2787 instar
267 2731 308 2796 lO
323 2725 356 2785 H
359 2746 402 2789 or.
420 2745 447 2788 v.
462 2744 493 2785 n.
511 2727 598 2804 228.)

198 2820 226 2878 3.
251 2817 375 2897 Viginti
402 2817 513 2879 saltem
538 2817 617 2878 cerei
644 2816 794 2879 continno
819 2817 982 2892 ardebunt,
1008 2836 1114 2879 omnes
1140 2835 1245 2878 accen·

157 2909 252 2972 dendi
277 2916 350 2973 ante
373 2911 576 2973 elevationem
602 2912 635 2971 in
661 2909 758 2971 Missa
782 2910 995 2989 expositionis,
1021 2930 1153 2989 quorum
1178 2909 1245 2970 bini

156 3005 221 3066 siut
241 3006 274 3065 in
293 3004 486 3066 candelabris
506 3005 579 3065 bine
600 3003 672 3065 inde
693 3023 788 3083 prope
810 3003 955 3064 infimum
973 3003 1107 3084 gradum
1128 3002 1248 3084 positis.

160 3096 390 3176 Antipeudinrn
409 3095 529 3157 Altaris
547 3115 669 3174 semper
685 3096 745 3158 erit
764 3095 826 3155 albi
845 3096 965 3157 colonie.
1006 3096 1198 3175 lteliquiaria
1216 3100 1246 3158 et

160 3196 281 3251 statuae
306 3190 492 3251 Sanctorum
519 3191 551 3248 in
576 3189 680 3251 Alteri
704 3208 767 3248 nou
792 3192 960 3267 ponantur,
990 3192 1090 3267 (“non
1114 3188 1247 3252 exclusis

161 3286 266 3344 tamen
279 3283 473 3362 Angelorum
487 3282 610 3356 statuis,
624 3301 701 3360 quae
714 3281 971 3344 candelabrorum
986 3282 1065 3343 vices
1079 3280 1242 3361 gerunt.'')

202 3380 230 3435 l.
255 3375 449 3448 Consulitnr‚
473 3380 509 3436 nt
532 3374 655 3453 “pridie
677 3374 881 3453 expositionis
905 3394 1038 3453 vespere,
1061 3375 1134 3437 dato
1157 3375 1248 3454 signo

162 3488 218 3548 pro
240 3471 306 3531 etue
330 3469 441 3538 Murio,
466 3468 504 3529 acl
529 3466 789 3529 commonendum
814 3467 976 3547 populum,
1001 3468 1130 3530 solemni
1157 3467 1248 3528 modo

162 3582 329 3641 campanae
342 3562 524 3641 pulsentur,
538 3559 681 3638 idemque
695 3560 749 3620 fiat
763 3579 853 3621 mane
867 3559 922 3620 sub
935 3580 1058 3635 aurora,
1071 3566 1103 3622 et
1115 3560 1249 3621 durante

163 3655 365 3734 expositione,
392 3663 459 3733 post
486 3653 547 3714 alia
573 3654 678 3715 omnia
704 3653 794 3732 signa
820 3652 1018 3713 salutationis
1044 3655 1110 3715 Ave
1136 3655 1248 3720 Maria.

163 3749 340 3828 pariterque
377 3747 495 3826 triplici
532 3747 597 3806 vice
632 3745 670 3807 de
706 3764 790 3805 more
827 3745 993 3823 pulsentur
1027 3751 1100 3808 ante
1137 3745 1249 3808 Missas

164 3839 359 3903 solemnes.”⁴

305 3950 339 4011 B.
361 3949 405 4010 lte
426 3947 532 4010 Missis
550 3947 585 4008 in
606 3947 666 4008 hae
685 3945 878 4008 adoratione
899 3944 1105 4009 celebrandis.

204 4059 274 4122 221.
300 4060 361 4122 I‘ro
389 4060 581 4139 expositione
610 4064 756 4120 cantatur
783 4056 879 4118 Missa
909 4056 1012 4118 votiva
1039 4057 1186 4120 solemnis
1214 4059 1252 4122 de

166 4155 223 4217 SS.
244 4155 459 4215 Eucharistiae
479 4154 679 4214 Sacramenta
703 4151 766 4229 (uti
786 4151 818 4211 in
838 4150 899 4212 fine
918 4149 1055 4212 Missalia
1075 4153 1157 4214 inter
1175 4153 1251 4213 voti-

166 4249 249 4326 vas).
266 4268 336 4308 curn
357 4248 471 4312 (ltoriu.
491 4248 589 4308 Credo
606 4253 635 4306 et
655 4245 746 4306 unica
764 4249 888 4305 tantum
907 4243 1056 4306 Oratione
1072 4267 1106 4305 uc
1127 4245 1251 4307 Praelu-

198 4353 400 4416 1Privilegium
426 4352 487 4402 huie
514 4351 601 4401 simile
626 4349 683 4411 jam
767 4349 887 4413 ²Congr.
908 4348 935 4399 S.
957 4347 1013 4399 Off.
1033 4351 1073 4400 25.
1093 4349 1158 4401 Jun.
1182 4353 1256 4402 1914.

161 4432 186 4481 d.
232 4433 273 4479 24.
316 4431 379 4479 Jau.
425 4431 489 4478 1868
533 4427 684 4476 Provinciis
733 4427 1254 4490 cfr.blocchcgani,t'oll.lnd.N0.291.

161 4508 302 4557 Americae
339 4507 497 4555 foederatae
530 4517 683 4554 eoncessum
771 4511 782 4540 ³
802 4506 829 4553 tt.
851 4504 923 4553 l’len.
943 4504 973 4553 B.
993 4503 1032 4553 11.
1052 4503 1102 4552 No.
1121 4505 1181 4557 377.

160 4587 210 4636 est.
770 4587 782 4620 ⁴
802 4581 885 4631 Instr.
901 4580 983 4632 Clam
