2804 4890
224 647 286 714 364
412 655 465 714 nn
489 656 612 713 nonis
637 654 854 711 canonicis
877 650 1132 710 ancirannrs.

223 821 322 902 speris
342 820 538 884 distinctum.
584 821 729 884 Officium
750 826 941 886 nocturnum
963 819 1087 901 vigilias
1108 818 1320 901 appellabant.

223 913 306 977 “Eas
323 913 447 995 vigilias
463 914 635 996 tripartitis
651 914 855 994 distinguunt
872 914 979 976 officiis
988 912 1032 990 ;''¹
1051 912 1164 994 quibus
1181 912 1321 994 plerum-

223 1026 282 1087 que
302 1008 459 1069 matutino
480 1011 619 1086 tempore
639 1005 803 1069 “Laudes''
823 1006 1028 1069 addebantur.

263 1102 292 1160 4.
315 1097 356 1161 In
374 1098 530 1163 Ecclesiae
544 1099 680 1162 exordiis
696 1099 833 1161 officium
847 1100 1013 1179 praecipue
1028 1117 1084 1180 per
1100 1097 1319 1162 recitationem

222 1190 371 1255 Psalterii
386 1197 443 1254 aut
458 1192 536 1254 certi
552 1191 746 1272 psalmorum
761 1193 887 1255 numeri
903 1211 975 1254 cum
991 1192 1133 1255 oratione
1151 1188 1320 1252 Dominica

219 1287 251 1348 et
270 1283 494 1366 Apostolorum
513 1283 652 1364 symbolo
672 1284 737 1347 fuit
756 1284 945 1347 absolutum.
987 1283 1019 1347 S.
1042 1283 1257 1364 Hieronymus
1279 1283 1318 1345 de

220 1377 368 1440 mandato
395 1376 428 1440 S.
456 1376 585 1440 Damasi
618 1376 673 1457 (-Ι-
703 1377 781 1456 384)
814 1376 951 1441 officium
977 1396 1033 1458 per
1059 1376 1254 1458 psalmorum
1283 1376 1316 1437 in

219 1469 283 1534 diei
306 1471 398 1533 horas
419 1469 676 1533 distributionem
698 1488 755 1550 pro
779 1468 955 1533 Dominicis
977 1474 1009 1533 et
1031 1470 1121 1533 feriis
1143 1470 1245 1551 magis
1268 1490 1315 1531 or·

220 1562 351 1627 dinavit.
399 1561 489 1637 Quod
514 1580 592 1642 opus
615 1563 853 1638 continuarunt,
877 1582 903 1625 e.
927 1581 957 1642 g.
982 1562 1127 1627 addendo
1150 1563 1315 1626 lectiones

221 1659 253 1717 et
281 1654 444 1730 Collectas,
472 1654 504 1718 S.
532 1654 595 1719 Leo
624 1655 668 1717 M.
702 1655 758 1733 (-Ι-
787 1656 881 1733 461),
912 1655 943 1716 S.
973 1656 1115 1718 Gelasius
1140 1655 1196 1736 (-Ι-
1220 1656 1315 1728 496),

221 1747 252 1810 S.
291 1746 461 1828 Gregorius
496 1746 540 1812 M.
584 1747 737 1828 (÷604),
776 1746 808 1811 S.
847 1747 1017 1827 Gregorius
1052 1746 1118 1810 ΙΙΙ.
1162 1746 1316 1827 (4-741),

219 1838 380 1903 Adrianus
426 1840 454 1904 Ι.
509 1840 671 1922 (-Ι-795).
741 1840 884 1903 Tandem
935 1840 966 1902 S.
1017 1840 1187 1920 Gregorius
1236 1839 1314 1900 VII.

224 1934 391 2013 (4-1085)
420 1933 524 1997 Horas
544 1935 709 2000 canonicas
729 1935 763 1996 in
785 1935 920 1997 formam
943 1935 1073 2015 redegit,
1094 1955 1188 2015 quam
1210 1934 1313 1997 adhuc

219 2024 427 2090 essentialiter
448 2027 597 2103 retinent,
619 2049 645 2092 c.
668 2047 697 2107 g.
720 2026 858 2090 tollendo
879 2025 1052 2089 secundum
1073 2024 1211 2090 officium
1232 2026 1316 2106 ejus-

219 2118 291 2181 dem
314 2118 395 2195 diei;
419 2123 511 2182 antea
533 2121 618 2182 enim
642 2138 731 2200 saepe
754 2139 819 2183 una
842 2120 893 2182 die
916 2119 979 2182 duo
1002 2119 1102 2182 officia
1124 2123 1217 2182 erant
1239 2121 1315 2182 reci-

219 2209 316 2275 tanda
355 2210 508 2291 (officinm
541 2210 690 2293 duplex),
723 2230 835 2294 nempe
866 2211 1003 2275 officium
1036 2212 1076 2276 de
1108 2214 1250 2294 tempore
1285 2220 1316 2274 et

218 2301 355 2367 officium
380 2306 565 2366 sanctorem.
656 2309 657 2312 ’

260 2487 336 2552 232.
359 2488 454 2551 Liber
473 2489 636 2553 continens
654 2489 789 2554 officium
808 2490 952 2552 divinum
971 2490 1189 2571 appellabatur
1206 2492 1314 2555 Brevi

218 2582 331 2654 orium,
363 2583 383 2644 i.
416 2603 441 2645 e.
473 2581 695 2662 compendium
725 2602 778 2645 seu
810 2584 1036 2658 summarium3
1068 2585 1141 2663 quia
1172 2586 1314 2647 continet

219 2675 331 2738 selecta
352 2674 476 2737 Veteris
495 2680 526 2737 et
547 2674 629 2736 Nori
649 2675 843 2736 Testamenti
862 2675 938 2750 loca,
958 2697 994 2738 ac
1015 2675 1046 2737 S.
1068 2676 1201 2738 Patrum
1220 2677 1315 2740 docu-

219 2775 334 2841 menta,
358 2768 607 2848 Sanctorumque
629 2768 870 2848 exempla—rel
892 2769 1010 2843 forsan,
1031 2775 1068 2832 ut
1089 2774 1192 2833 censet
1214 2771 1313 2835 Bene

219 2858 323 2921 dictus
362 2859 465 2935 XIV,
503 2860 577 2940 quia
616 2860 692 2924 olim
731 2859 827 2923 “ordo
864 2859 1056 2921 officiorum''
1097 2862 1316 2943 appellabatur

221 2950 428 3027 Breviarium,
458 2953 506 3014 uti
536 2953 570 3014 in
600 2952 759 3015 Breviario
789 2951 924 3032 quodam
956 2953 1134 3016 Cassinensi
1163 2954 1201 3016 ab
1231 2975 1316 3019 anno

222 3047 301 3105 1100
328 3044 516 3124 inscriptum
540 3049 603 3108 est:
631 3044 771 3124 “Incipit
797 3045 1006 3120 Breviarium,
1031 3047 1095 3108 sive
1120 3046 1196 3111 ordo
1221 3047 1315 3109 offici-

220 3156 311 3198 orum
333 3155 388 3216 per
410 3141 510 3200 totam
533 3137 609 3199 anni
632 3136 879 3209 decursionem‚''
903 3138 936 3198 in
959 3157 1020 3218 quo
1043 3139 1124 3201 ritus
1145 3140 1246 3201 totius
1268 3160 1315 3202 ec-

220 3228 385 3291 clesiastici
406 3228 508 3305 officii,
531 3235 563 3294 et
584 3248 641 3310 pro
663 3230 763 3309 ipsius
786 3229 978 3305 recitatione,
1001 3251 1147 3311 sacroque
1170 3232 1316 3296 faciendo

220 3323 430 3385 caeremoniae
456 3322 683 3385 continentur.⁸

263 3417 291 3476 2.
314 3412 470 3478 Breviorii
497 3415 633 3477 Romani
660 3434 736 3475 usus
764 3419 834 3494 post
864 3414 895 3475 S.
926 3415 1114 3494 Gregorium
1144 3415 1222 3480 VII.
1252 3437 1315 3480 non

221 3507 334 3588 ubique
353 3507 390 3569 de
410 3512 573 3587 praecepto
593 3510 669 3569 erat.
712 3507 822 3568 Plures
842 3508 1055 3585 “praeclaram
1075 3509 1187 3571 veteris
1208 3509 1316 3573 Brevi·

220 3599 279 3662 arii
307 3601 564 3663 constitutionem
591 3598 701 3660 multis
728 3599 803 3661 locis
829 3597 1019 3675 mutilatam,
1046 3600 1101 3662 alii
1129 3601 1259 3664 incertis
1285 3608 1317 3665 et

220 3693 331 3754 alienis
350 3692 535 3772 quibusdam
554 3697 789 3764 commutatam,
809 3692 1074 3754 ‹leiormarunt.''⁹
1115 3693 1190 3757 Post
1210 3694 1316 3776 plures

220 3786 451 3847 emendationes
480 3786 616 3864 aliasque
643 3784 874 3846 vicissitudines
903 3785 934 3846 S.
964 3786 1142 3848 Concilium
1169 3788 1315 3852 Trident.

219 3897 332 3941 novam
352 3877 505 3940 Breviarii
525 3877 657 3939 Romani
674 3875 924 3939 emendationem
944 3877 1121 3942 faciendam
1140 3879 1318 3943 decrevit.¹⁰

262 3974 290 4034 3.
315 3971 403 4045 Quod
424 3970 550 4051 quidem
569 3990 646 4049 opus
668 3970 700 4033 S.
721 3971 798 4034 Pius
818 3971 856 4031 V.
878 3971 1019 4050 perfecit.
1060 3972 1150 4034 “Hoc
1170 3979 1316 4037 nostrum

221 4063 417 4126 Breviarium
436 4083 471 4124 ac
489 4062 643 4143 psallendi
663 4063 870 4142 precandique
890 4063 1059 4127 formulam
1080 4113 1086 4126 .
1108 4113 1114 4126 .
1135 4113 1142 4127 .
1162 4068 1315 4148 praecipi·

220 4174 290 4218 mus
314 4155 487 4229 observari3
512 4157 684 4216 statuentes
710 4156 905 4217 Breviarium
934 4158 1036 4236 ipsum
1061 4157 1149 4220 nullo
1173 4178 1314 4239 unquam

220 4249 359 4326 tempore
386 4248 431 4309 vel
458 4252 561 4310 totum
587 4246 633 4310 vel
660 4267 697 4309 ex
723 4252 811 4328 parte
838 4249 1038 4325 mutandum,
1064 4250 1110 4313 vel
1138 4251 1166 4314 ei
1193 4251 1314 4333 aliquid

256 4412 398 4464 remiss.
827 4415 876 4467 ⁹S.
896 4418 963 4467 Pius
982 4418 1013 4467 V.

255 4490 371 4541 'Instit
393 4489 498 4545 XXIV.
520 4493 544 4543 b.
827 4491 933 4544 1⁰Sess.
957 4496 998 4544 25.
