2804 4890
251 663 315 726 308
482 675 536 730 DE
558 675 678 731 FERIA
702 677 751 733 VI.
777 678 820 732 IN
846 678 1090 735 Pnssnscuvu.

253 847 362 909 infimo
393 847 494 928 gradu
527 848 678 924 “Altaris,
715 848 885 929 [aseendit]
923 854 954 913 et
986 852 1101 930 accipit
1135 852 1277 925 Crucem,
1310 854 1341 912 ct

250 941 371 1021 primus
388 940 519 1002 clericus
536 942 652 1021 accipit
668 943 824 1005 Missale.''
864 943 903 1004 In
921 945 1019 1006 officio
1037 944 1169 1008 solemni
1187 944 1345 1005 Diaconus

253 1033 384 1095 Crucem
406 1033 531 1112 tradit.)

293 1129 322 1189 2.
346 1127 436 1189 Tunc
452 1127 640 1190 descendens
656 1149 711 1208 per
726 1129 842 1209 gradus
858 1129 1001 1191 laterales
1017 1129 1206 1193 “Celebrans
1221 1129 1341 1192 accedit

251 1219 291 1282 ad
307 1219 459 1300 angulum
476 1222 678 1300 posteriorem
695 1241 791 1284 cornu
809 1221 998 1302 Epistulae,”
1016 1224 1049 1283 in
1066 1223 1159 1304 plano
1176 1224 1264 1303 quasi
1280 1222 1341 1285 eol·

253 1313 391 1375 lateralis
420 1313 614 1375 candelabris
644 1314 773 1388 Altaris,
803 1315 903 1376 “facie
935 1336 1020 1377 versa
1049 1315 1088 1376 ad
1118 1317 1280 1396 populum,
1309 1320 1341 1378 et

251 1406 382 1467 clericus
394 1406 560 1469 sustinebit
575 1407 700 1468 blissale
713 1413 785 1470 ante
798 1409 898 1469 illum.
944 1408 1110 1471 Celebrans
1123 1429 1219 1470 manu
1232 1409 1342 1470 dextra

253 1500 372 1579 detegit
394 1499 608 1562 summitatem
632 1501 742 1563 Crucis
764 1521 861 1581 usque
883 1501 923 1562 ad
947 1509 1157 1565 transversum
1183 1500 1269 1562 illius
1291 1521 1341 1564 ex·

252 1591 379 1666 elusive,
402 1595 434 1654 et
458 1592 590 1654 Crucem
613 1593 760 1655 ambabus
784 1595 928 1656 manibus
952 1594 1184 1675 aliquantulum
1208 1593 1341 1667 elevans,

252 1684 340 1764 gravi
360 1705 431 1746 voce
451 1684 548 1765 legit''
568 1686 613 1747 vel
634 1689 756 1749 cantat:
777 1687 876 1750 “dccc
896 1689 1016 1767 lipsium
1039 1687 1167 1760 Crucis;
1186 1694 1217 1749 et
1237 1687 1340 1748 cleriei

253 1776 360 1839 eadem
381 1797 453 1839 voce
473 1784 721 1858 prosequuntur:
743 1780 784 1842 ln
806 1802 864 1860 quo
885 1782 968 1842 soliis
992 1780 1102 1842 trinodi
1121 1781 1271 1861 pependit
1277 1803 1290 1852 ;
1311 1784 1342 1842 et

252 1869 534 1949 genuflectentibus
558 1871 703 1933 omnibus
727 1878 849 1951 praeter
875 1872 1101 1947 Celebrantem,
1126 1873 1341 1952 subjungunt:

257 1963 368 2026 Venite
386 1964 560 2037 adoremus,
579 1984 614 2026 ae
631 1964 743 2027 deinde
761 1964 926 2044 surgunt.”

296 2058 324 2116 3.
348 2054 536 2119 “Celebrans
563 2057 598 2117 in
624 2058 774 2120 anteriori
802 2062 890 2137 parte
917 2078 1013 2119 cornu
1042 2056 1222 2138 Epistolae'’
1250 2077 1343 2137 super

253 2148 452 2229 suppedaneo
468 2149 716 2229 “discooperiens
733 2150 895 2211 brachium
912 2150 1058 2212 dextrum
1076 2151 1186 2211 Crucis
1202 2155 1233 2212 et
1249 2154 1344 2228 eaput

256 2241 418 2317 Crucifixi,
433 2246 465 2305 et
482 2241 581 2321 magis
597 2243 719 2304 elevans
736 2242 868 2304 Crucem
884 2248 915 2305 et
932 2242 1056 2305 vocem''
1072 2243 1130 2305 etsi
1148 2263 1211 2303 non
1228 2247 1343 2315 cantet,

255 2333 411 2396 “seeundo
427 2333 522 2396 dicit:
539 2334 619 2398 Ecce
637 2335 759 2416 liquam
777 2335 907 2397 Cruci&
924 2335 1091 2414 etreliqua
1108 2335 1165 2396 “ut
1181 2332 1300 2414 prius.'’

297 2431 325 2488 4.
349 2427 537 2491 “Celebrans
553 2427 679 2488 tandem
698 2429 729 2489 in
746 2427 848 2489 medio
864 2427 983 2489 Altaris
1001 2433 1098 2491 totam
1115 2427 1343 2506 discooperiens

256 2521 398 2596 Crucem,
420 2524 451 2583 et
471 2521 567 2583 altius
590 2521 676 2582 illam
698 2526 729 2583 et
751 2541 853 2581 vocem
876 2520 1008 2594 elevans,
1031 2521 1109 2582 dicit
1131 2521 1241 2583 tertio:
1264 2522 1343 2582 Ecce

257 2615 378 2694 liquem
405 2613 524 2676 Crucis,
572 2613 685 2673 Clerici
711 2619 952 2692 prosequuntur,
978 2613 1167 2692 respondent
1192 2620 1223 2674 et
1247 2632 1343 2691 genu·

255 2705 387 2769 flectunt
403 2712 439 2768 ut
455 2705 603 2786 supra.'’1

298 2803 326 2860 5.
350 2799 511 2860 “Clericus
534 2799 657 2878 reponit
679 2799 805 2860 blissale
827 2819 920 2878 super
942 2799 1043 2878 legile,
1065 2804 1095 2860 ct
1117 2799 1345 2877 discooperitur

256 2892 342 2954 Crux
361 2891 596 2971 processionalis
615 2897 646 2954 et
666 2891 744 2953 aliae
764 2911 870 2951 ornnes
890 2911 945 2971 per
967 2890 1168 2951 Ecclesiam.’'
1214 2891 1247 2950 Si
1269 2900 1345 2951 tune

255 2984 415 3048 commode
438 2985 505 3045 fieri
528 2989 669 3063 nequeat,
692 2984 879 3059 detegantur
899 2989 969 3062 post
991 2983 1134 3043 officium.

299 3081 327 3140 6.
351 3077 538 3140 “Celebrans
567 3076 755 3138 descendens
783 3096 837 3156 per
867 3075 948 3136 latus
979 3074 1162 3154 Enrngelii”
1191 3096 1226 3136 ex
1257 3080 1344 3155 parte

256 3171 406 3232 anteriori
427 3169 582 3249 graduum
603 3172 729 3247 “portat
749 3169 857 3230 devote
879 3168 1011 3229 Crucem
1032 3168 1180 3227 arnlmbus
1202 3166 1345 3228 manibus

257 3265 406 3327 elevatam
435 3262 473 3323 ad
501 3262 603 3322 locum
631 3265 859 3341 praeparatum.
931 3260 979 3321 Ibi
1007 3259 1189 3339 genuflexus
1216 3259 1346 3321 collocat

258 3355 388 3419 Crucem
419 3375 512 3435 super
539 3354 639 3415 velum
670 3353 799 3433 pulvino
826 3353 1057 3432 superpositum
1086 3359 1115 3415 et
1145 3352 1250 3413 firmat
1279 3371 1344 3413 earn

257 3447 425 3522 cordulis‚’'
439 3449 463 3509 si
479 3468 556 3527 opus
570 3448 620 3508 sit.

300 3542 433 3620 “Surgit
453 3546 485 3602 et
506 3541 589 3601 lacta
609 3538 835 3619 genuflexione,
858 3537 942 3598 vadit
964 3538 1002 3600 ad
1026 3537 1153 3616 planum
1177 3536 1346 3615 Epistolae‚

259 3634 363 3714 ibique
385 3633 495 3695 sedens
520 3633 552 3693 in
579 3631 709 3693 scabello
734 3628 883 3710 deponit’'
910 3628 1132 3708 manipulum‚²
1157 3633 1187 3692 et
1213 3628 1346 3690 “calcea-

259 3733 375 3797 menta‚
394 3727 515 3789 clericis
534 3723 788 3801 adjuvantilms.''

296 3860 305 3892 ¹
327 3852 360 3901 In
374 3857 430 3903 tres
444 3852 516 3902 vices
530 3851 684 3900 denudatur
698 3848 778 3911 Crux,
831 3847 864 3896 do
882 3846 990 3898 Christo
1008 3849 1035 3897 in
1051 3846 1135 3897 Crure
1153 3847 1242 3911 posito
1259 3862 1351 3895 orrrncs

260 3929 384 3994 quieter
402 3929 428 3978 in
446 3928 572 3994 passione
589 3942 639 3976 aua
656 3926 779 3975 Christus
830 3927 1004 3974 transeuntes
1040 3923 1189 3974 illudebant
1226 3923 1350 3974 ei.—Tsr

261 4007 357 4057 illusus
380 4011 435 4056 est:
464 4005 555 4053 Primo
582 4005 607 4052 in
632 4002 778 4067 praetorio,
830 4002 1001 4065 postmodum
1038 4000 1109 4049 Crux
1145 4003 1284 4061 adoratur,
1319 4005 1350 4049 ut

261 4083 353 4135 velata
391 4083 476 4147 ipsius
514 4081 593 4131 facie.
649 4080 780 4141 Secundo,
831 4077 957 4126 nimirum
1001 4080 1058 4127 tres
1101 4077 1169 4127 istae
1213 4077 1351 4127 illusiones

261 4161 369 4224 quando
386 4159 486 4208 milites
503 4173 626 4208 coronam
645 4157 677 4206 de
693 4156 780 4219 spinis
831 4159 1046 4218 compensentur.
1094 4154 1164 4203 Olim
1196 4153 1351 4216 Ilicrosoly·

262 4237 447 4301 imposuerunt
469 4235 553 4298 capiti
575 4234 637 4296 ejus
657 4237 685 4283 et
706 4247 779 4280 cons·
831 4231 883 4280 mis
904 4246 968 4281 vera
989 4231 1090 4280 Christi
1113 4231 1183 4280 Crux
1205 4233 1254 4280 haar
1277 4232 1350 4280 dum-

260 4313 382 4380 puebant
398 4312 497 4363 faciem
513 4311 574 4373 ejus
587 4315 615 4361 et
630 4312 779 4374 posuerunt
832 4312 909 4358 taxat
952 4309 995 4358 dic
1036 4308 1154 4358 fidelium
1196 4308 1349 4357 adorationi

262 4391 421 4441 arundinem
443 4391 467 4437 in
488 4390 584 4439 dextra
602 4388 677 4449 cjus;
698 4401 781 4450 qnare
831 4385 951 4435 exhiberi
987 4385 1135 4435 consuevit.
1178 4384 1220 4438 Da
1254 4385 1351 4452 Carpo,

262 4469 381 4519 secunda
401 4466 459 4517 viee
481 4465 619 4527 detegitur
640 4463 781 4513 brachium
832 4461 904 4511 Bibl.
925 4462 1017 4522 liturg.

262 4549 289 4596 et
308 4548 389 4611 capnt
408 4541 543 4595 Crucifixi.
580 4541 681 4606 Tertio,
699 4554 781 4607 quan·
869 4544 880 4580 ²
899 4538 932 4591 D.
949 4539 1024 4593 2326.
1040 4539 1064 4594 4.
