2804 4890
295 681 349 739 DE
371 683 525 740 ORDINE
548 685 601 739 ΛΙ)
627 685 868 740 vlsITnn'Das
892 685 1131 745 PAROCHIAS.
1200 682 1260 744 447

640 845 782 909 oremus.

208 970 306 1046 Deus,
320 972 412 1052 cujus
429 970 626 1034 miseratione
641 970 764 1034 ‹ruimoe
779 970 922 1050 fidolium
936 972 1144 1056 requiescunt,
1157 977 1258 1058 famo·

169 1062 209 1126 lie
228 1070 257 1127 et
275 1066 455 1146 {casulatus
476 1064 538 1127 tuis
557 1063 702 1127 erunibus
721 1063 773 1127 liic
792 1068 824 1127 et
841 1064 956 1147 ubique
975 1065 1010 1129 io
1029 1065 1154 1130 Christo
1177 1065 1260 1147 quio·

168 1158 335 1229 coestibus,
352 1159 393 1220 do
407 1154 564 1240 propitius
580 1156 701 1220 veniam
718 1161 928 1238 pcccatorum,
943 1164 979 1221 ot
996 1156 1151 1222 amastis
1168 1157 1261 1222 reati-

169 1253 226 1314 bus
242 1251 386 1321 absoluti,
407 1257 507 1314 iecora
523 1249 589 1314 sinc
607 1251 670 1330 fiae
689 1254 854 1314 laetentur.
891 1250 955 1314 Por
972 1249 1134 1315 Christum
1151 1251 1261 1315 Domi·

170 1366 245 1406 ιιιιιιι
268 1350 419 1407 nostrum.
463 1344 499 1406 R.
522 1345 633 1406 linies.

210 1438 308 1498 “Post
327 1438 401 1499 haec
420 1435 562 1511 discedit,
582 1456 642 1517 quo
661 1435 804 1498 voluerit.

806 1435 839 1471 ιιι

205 1590 268 1638 ⁵En
308 1590 398 1654 pietas
437 1590 582 1653 Ecclesiae,
621 1603 690 1654 quae
739 1589 837 1653 rum,''
854 1595 882 1641 et
900 1590 927 1640 in
945 1590 997 1642 tlne
1014 1591 1093 1656 quasi
1107 1589 1262 1642 valedicens

169 1666 353 1717 visitationem
376 1666 496 1716 instituit
517 1666 633 1731 “primo
654 1665 689 1715 ad
737 1680 787 1731 pro
812 1666 907 1718 iisdem
928 1666 1073 1718 animabus
1095 1665 1241 1733 supplicat.

170 1742 349 1792 absolvendas
396 1742 501 1792 animas
549 1741 690 1793 defuncto·

200 1895 241 1945 De
264 1895 405 1946 Parocbiis
428 1909 478 1958 pro
501 1895 627 1957 fidelibus
649 1894 688 1944 di·
738 1895 827 1946 salute
845 1895 998 1947 animarum
1017 1895 1155 1947 salubrius
1173 1894 1260 1945 visum

168 1985 259 2020 ccrsoc
290 1971 399 2031 liupuoc
430 1972 457 2020 in
485 1973 581 2021 eodum
610 1970 688 2021 terri·
738 1970 873 2022 fueritt”

168 2047 238 2097 torio
258 2047 420 2111 degentibus
440 2046 467 2096 S.
487 2047 515 2096 C.
536 2048 568 2097 de
587 2047 689 2111 Propa-
774 2047 815 2097 3⁰.
842 2045 971 2098 “Utrum
1006 2047 1084 2112 quasi
1117 2046 1261 2113 paroeciae

168 2124 259 2187 ganda
278 2123 346 2172 Fide
365 2123 430 2172 haec
449 2123 562 2172 statuit:
739 2123 862 2173 diversae
878 2123 1091 2187 nationalitatis,
1107 2123 1186 2173 modo
1200 2136 1259 2173 con·

203 2197 316 2258 Quaem:
351 2200 390 2247 1⁰.
431 2198 504 2247 “An
535 2198 564 2246 in
596 2198 688 2248 eoclem
738 2197 857 2248 ditiones
902 2213 920 2248 a
966 2197 1086 2248 Concilio
1131 2198 1260 2249 Plonario

170 2272 309 2323 territorio
323 2273 415 2337 plures
427 2286 477 2337 pro
491 2270 591 2336 populo
605 2271 690 2321 diver·
738 2271 931 2323 Baltimorensi
954 2273 1020 2336 111„
1043 2273 1098 2323 Tit.
1121 2272 1170 2336 11.‚
1193 2272 1259 2338 Cap.

170 2364 216 2399 sae
240 2349 350 2413 linguae
373 2348 515 2412 paroeciae
538 2346 607 2409 erigi
632 2360 690 2409 pos·
738 2347 771 2398 V.
797 2348 983 2413 praescriptae
1006 2353 1177 2411 concurrant,
1203 2348 1259 2399 ina·

170 2426 233 2486 sint,
259 2439 312 2488 qua
337 2424 491 2474 omnimoda
515 2425 551 2473 ad
577 2420 691 2471 invicem
738 2422 880 2474 movibiles
899 2423 1032 2474 declarari
1052 2422 1205 2489 possintl'’

173 2499 385 2565 independentia
397 2496 583 2563 gaudeantt”
772 2499 832 2548 “R.
853 2500 896 2550 Ad
916 2500 939 2549 I.
958 2499 1136 2561 Affirmotioc,
1154 2499 1261 2565 quoties

206 2578 245 2626 2⁰.
265 2577 338 2625 “An
392 2575 544 2640 Episcopus
596 2578 692 2624 contra
741 2574 844 2625 erectio
875 2574 1036 2623 Missionum
1069 2589 1118 2638 per
1149 2573 1260 2637 linguas

168 2657 283 2705 mentem
318 2654 443 2717 legesque
479 2651 615 2702 Ecclesiae
648 2649 690 2701 ot·
739 2649 886 2700 Ordinario
905 2664 955 2714 pro
973 2664 1022 2699 suo
1040 2649 1169 2715 prudenti
1188 2649 1260 2700 arbi·

171 2730 269 2780 tendat
290 2729 312 2777 si
334 2731 449 2790 statuat,
471 2731 501 2775 ut
522 2725 691 2776 familiarum
738 2725 793 2775 trio
817 2729 973 2791 opportuna
996 2725 1122 2776 videatur
1146 2740 1195 2791 pro
1219 2738 1261 2776 sa·

169 2807 204 2856 ad
221 2804 378 2870 parochiam
394 2803 539 2868 quamdam
555 2801 690 2866 pertinen·
738 2802 795 2851 lute
815 2801 976 2852 animarum.

169 2882 238 2932 tium
264 2880 314 2930 filii
340 2884 367 2931 ct
394 2879 466 2929 filiae
494 2877 521 2927 in
547 2882 690 2942 parentum
774 2876 819 2927 Ad
850 2876 889 2927 11.
919 2876 1065 2947 Nepotioe,
1093 2876 1169 2927 salvo
1198 2875 1261 2940 jure

171 2957 295 3008 domibus
322 2957 459 3021 degentes,
485 2955 572 3004 eidem
598 2967 690 3018 paros·
737 2956 881 3018 parentum
898 2952 1026 3004 mittendi
1043 2952 1114 3002 filios
1148 2952 1260 3017 dquas·

169 3034 227 3084 riae
253 3032 379 3083 adstricti
405 3034 542 3092 maneant,
568 3030 652 3079 donec
674 3043 692 3079 a
737 3042 850 3093 cumque
864 3028 970 3079 scholas
985 3028 1143 3079 catholicas

170 3113 286 3173 paterna
303 3110 440 3172 potestate
456 3104 621 3171 emancipati
639 3119 691 3154 non
771 3106 815 3157 Ad
840 3105 897 3156 111.
931 3104 1101 3165 Affirmots'oc
1124 3108 1208 3172 prout
1230 3104 1259 3156 in

174 3184 287 3245 fuerint,
317 3183 369 3232 nisi
399 3183 434 3234 ob
463 3180 614 3247 peculiares
644 3181 692 3230 cir·
739 3179 865 3246 primo.”

170 3258 350 3311 cumstantias
377 3257 513 3324 Episcopo
540 3257 615 3308 aliud
641 3270 691 3322 pro
775 3257 884 3319 Romae,
900 3254 1066 3307 eiesJunii
1084 3255 1160 3307 1887.
1180 3254 1252 3320 (dux
1279 3256 1286 3269 “

737 3336 769 3386 ta
784 3335 889 3385 textum
907 3331 1119 3397 authenticum)
