2804 4890
425 686 478 742 Du
500 688 633 744 MISSIS
657 688 970 745 DEFUNCTORUM.
1200 682 1238 744 51

151 880 206 923 seu
228 860 359 922 Missam
383 863 479 940 petat,
502 859 708 922 inhonorem
730 861 867 939 alicujus
890 861 1034 941 Mysterii
1058 863 1105 925 vel
1131 863 1239 926 Sancti

152 953 324 1018 intenderit
342 953 504 1033 (explicite
517 953 564 1015 vel
577 953 746 1033 implicite)
764 954 895 1016 Missam
907 956 1080 1018 votivam.⁸³
1125 957 1239 1030 Quam·

152 1049 198 1110 ris
219 1049 306 1111 enim
327 1047 512 1128 obligationi
534 1067 589 1128 per
612 1047 853 1128 applicationem
878 1049 1000 1111 tructus
1024 1048 1240 1112 ministerialis

152 1142 362 1206 essentialiter
392 1141 567 1204 satisfaciat
598 1161 654 1203 nec
685 1142 824 1222 graviter
855 1146 969 1223 peccet,
1001 1147 1106 1205 tamen
1137 1143 1238 1224 quoad

151 1237 404 1299 circumstantias
436 1235 642 1299 accidentales
676 1256 739 1299 non
773 1237 939 1312 satisfacit,
972 1236 1047 1317 quia
1078 1237 1239 1317 promissis

151 1331 289 1395 onerosis
303 1350 366 1393 non
381 1330 470 1392 stetit
484 1333 515 1392 et
530 1329 679 1391 virtutem
695 1329 857 1392 fidelitatis
872 1330 978 1394 laedit.

192 1427 221 1485 3.
246 1423 411 1486 Satistacit
428 1443 499 1485 vero
517 1423 699 1486 celebrando
719 1423 848 1484 Missam
866 1423 940 1499 diei,

198 1520 249 1594 (a)
279 1517 314 1578 Si
337 1517 469 1581 offerens
492 1516 687 1598 stipendium
710 1517 903 1592 consentiat;

197 1613 250 1688 (t)
279 1610 314 1672 Si
338 1610 436 1673 Missa
458 1612 558 1692 petita
579 1610 643 1672 dici
666 1615 799 1690 nequeat
821 1616 971 1690 tanquam
995 1612 1114 1686 votiva;

198 1707 247 1783 (c)
277 1704 311 1766 Si
329 1703 404 1767 data
420 1705 461 1767 sit
477 1724 533 1785 pro
549 1704 600 1766 die
617 1704 776 1784 prohibita
797 1705 925 1785 (nempe
943 1705 1023 1765 ritus
1040 1704 1175 1785 duplicis
1192 1704 1239 1766 vel

152 1798 393 1879 aequivalentis)
415 1799 521 1860 necin
539 1797 622 1859 diem
640 1798 770 1860 liberam
787 1797 908 1860 differri
926 1799 1041 1878 possit;

198 1892 252 1971 (d)
282 1892 328 1967 Si,
356 1892 410 1972 qui
438 1892 526 1954 dedit
552 1891 757 1971 stipendium,
786 1891 887 1953 solum
914 1893 948 1953 in
974 1911 1085 1971 genere
1113 1892 1239 1972 petierit

153 1985 282 2047 Missam
299 1986 334 2047 in
351 1986 501 2047 honorem
517 1985 653 2063 alicujus
672 1984 781 2047 Sancti
798 1988 856 2046 etc.
874 2004 938 2047 non
955 1984 1121 2047 intendens
1140 1985 1240 2066 ipsam

154 2078 283 2142 Missam
300 2079 475 2142 votivam.⁸⁴

255 2421 306 2471 DE
335 2420 460 2471 MISSIS
487 2420 779 2483 DEF'UNCTORUM,
808 2420 878 2470 SEU
906 2421 955 2470 DE
984 2421 1133 2485 REQUIE.

340 2556 377 2620 Δ.
421 2557 465 2621 De
488 2557 594 2618 Missis
616 2557 846 2620 Defunctorum
868 2558 903 2619 in
926 2575 1050 2636 genere.

194 2718 243 2780 ³0.
267 2719 411 2793 Quatuor
427 2719 540 2781 Missae
556 2740 613 2799 pro
628 2717 796 2781 Defunctis
811 2741 864 2781 seu
881 2721 919 2782 de
935 2720 1052 2800 Requie
1068 2720 1101 2780 in
1119 2718 1239 2780 Missali

155 2814 363 2892 assignantur.

194 2906 304 2970 Prima
324 2906 403 2983 (“In
419 2907 721 2970 Commemoratione
735 2908 877 2969 omnium
895 2907 1053 2969 Fidelium
1069 2907 1240 2971 Defuncto-

156 3000 261 3074 mm'')
282 3000 418 3062 dicitur:

200 3096 250 3171 (a)
279 3094 339 3157 Die
359 3097 393 3154 2·
415 3094 599 3156 Novembris
609 3098 630 3170 ;¹

201 3189 253 3265 (b)
281 3188 320 3249 In
344 3188 395 3253 die
416 3188 520 3251 obitus
542 3208 595 3250 seu
617 3209 675 3269 pro
697 3188 748 3250 die
769 3189 872 3251 obitus
900 3190 937 3268 (i.
961 3210 986 3252 c.
1009 3193 1079 3270 post
1103 3190 1241 3251 habitam

156 3281 256 3343 obitus
269 3282 449 3359 notitiam),
462 3282 513 3345 die
525 3281 575 3356 3⁰,
590 3279 638 3356 7⁰,
651 3283 710 3342 30⁰
725 3289 756 3345 et
769 3284 981 3344 anniversario
995 3283 1118 3344 Summi
1133 3283 1241 3344 Ponti-

158 3374 231 3449 ficio,
249 3375 467 3437 Cardinalium
484 3381 515 3439 et
533 3376 769 3456 Episcoporum,
787 3397 857 3437 cum
877 3377 1026 3439 Oratione
1043 3378 1154 3456 cuique
1172 3397 1241 3457 pro-

157 3470 223 3548 pria
240 3474 312 3549 post
329 3468 442 3530 Missas
460 3469 682 3533 defunctorum
701 3470 866 3550 assignata.
912 3470 974 3534 Pro
995 3471 1160 3534 Sacerdote
1179 3471 1241 3533 dici

191 3618 267 3675 Ἠ).
290 3624 359 3674 3284
380 3627 409 3675 et
431 3623 507 3674 3285.
725 3624 747 3672 si
779 3625 850 3688 qnod
881 3623 955 3674 forte
985 3623 1094 3687 existit;
1128 3623 1151 3672 ai
1182 3638 1245 3674 vero

190 3705 217 3740 ³⁴
235 3702 360 3752 Litterae
384 3701 510 3766 privatae
535 3699 562 3750 S.
587 3700 618 3750 R.
645 3701 673 3750 0.
725 3700 817 3751 fideles
844 3700 990 3751 Missarum
1019 3701 1164 3751 discrimen
1191 3715 1244 3751 non

158 3786 269 3827 mentem
297 3778 451 3842 aperientes
476 3781 505 3827 et
530 3778 674 3828 communi·
725 3781 833 3839 norunt,
864 3778 910 3827 sed
943 3776 1098 3828 Sacerdotis
1129 3778 1245 3828 arbitrio

157 3860 232 3906 estse
253 3855 280 3903 in
302 3854 370 3904 tolio
391 3853 528 3919 periodico
548 3869 598 3919 pro
618 3854 674 3903 uni·
725 3869 782 3905 sesa
795 3853 978 3916 committunt,
992 3854 1045 3904 dici
1058 3858 1149 3920 potest
1160 3855 1246 3905 Missa

157 3946 205 3983 one
250 3931 428 3982 Sacerdotum
475 3929 673 3996 Oenipontana.
726 3930 779 3980 diei
812 3946 896 3995 caque
930 3931 957 3980 in
991 3932 1116 3981 honorem
1151 3931 1245 3982 Sancti

158 4009 213 4060 “Si
244 4009 338 4059 fideles
367 4006 459 4057 norint
490 4008 675 4070 communiter,
727 4009 892 4057 solummodo
936 4008 1244 4069 applicari.'’—Lnuu-

157 4087 219 4151 quid
237 4086 274 4136 sit
293 4086 380 4136 Missa
398 4085 499 4148 votiva,
516 4089 598 4149 atque
616 4099 674 4135 cam
727 4097 817 4144 xum,
837 4085 929 4134 Theol.
950 4085 1018 4135 Mor.
1039 4085 1078 4134 II.
1099 4087 1157 4135 201.

159 4164 334 4214 communiter
350 4163 502 4225 intendant,
515 4162 538 4211 si
555 4161 581 4211 in
595 4163 675 4212 hono·
763 4161 876 4211 1Ultra
906 4162 974 4211 hanc
1005 4162 1127 4222 Missam,
1158 4162 1246 4212 altera

159 4256 211 4292 rem
234 4242 303 4292 certi
327 4239 422 4291 Sancti
447 4240 560 4290 Missam
584 4244 674 4305 postu·
727 4239 813 4288 Missa
839 4239 905 4299 (non
928 4239 1053 4302 privata)
1078 4238 1194 4288 sumitur
1216 4243 1245 4286 ut.

156 4318 228 4377 lant:
257 4322 306 4369 aut
331 4318 419 4368 Missa
443 4316 536 4369 votiva
561 4318 677 4368 dicenda
727 4315 754 4363 in
771 4316 815 4365 ‹lie
831 4314 930 4376 obitus,
947 4318 1090 4379 praesente
1106 4315 1245 4367 cadavera.

155 4400 204 4459 est,
241 4398 291 4446 sut
329 4393 375 4459 qui
413 4395 463 4445 dat
501 4392 676 4460 stipendium,
727 4391 770 4440 Cf.
787 4391 819 4455 D.
838 4390 912 4456 1788,

157 4472 307 4534 monendus
337 4475 379 4532 est
411 4472 444 4536 de
476 4470 676 4544 impedimento,
