2804 4890
596 690 649 746 Du
672 689 843 746 CANONE.
1203 676 1262 739 251

215 868 243 926 2.
267 864 328 928 Per
349 865 611 928 consecrationem
636 865 673 926 fit
695 864 860 925 “victimae
882 862 999 927 oblatio
1021 861 1113 925 realis
1136 865 1169 925 ct
1190 860 1260 922 sub·

173 958 361 1035 stantialis,”
387 963 419 1022 et
445 959 597 1021 sacrificio
624 958 802 1019 intrinseca.
868 956 1089 1020 “Consecratio
1116 961 1163 1020 est
1192 974 1260 1017 vere

172 1053 386 1129 sacrificativa,
403 1054 476 1132 quia
491 1073 546 1134 per
561 1072 628 1114 eam
644 1072 682 1113 ex
699 1052 728 1113 vi
746 1052 910 1114 verborum
925 1056 1088 1130 separatur
1105 1050 1225 1129 Corpus
1241 1069 1261 1112 a

174 1146 546 1226 Sanguine31icetenim
566 1165 622 1225 per
639 1145 913 1206 concomitantiam
934 1144 975 1206 sit
995 1143 1076 1204 idem
1097 1143 1153 1204 sub
1173 1147 1258 1204 utra-

171 1260 230 1321 que
247 1239 358 1321 specie‚
375 1241 434 1304 hoc
452 1244 557 1302 tamen
576 1245 622 1301 est
641 1260 696 1320 per
713 1238 872 1301 accidens:
892 1259 967 1301 nam
985 1239 1086 1314 verba,
1105 1242 1258 1318 quantum

171 1340 217 1396 est
232 1335 270 1398 de
284 1355 327 1407 se,
342 1339 489 1415 separant
506 1334 627 1414 Corpus
642 1354 660 1393 a
679 1332 839 1412 Sanguine
856 1335 888 1394 et
904 1333 1004 1395 instar
1019 1331 1117 1412 gladii
1135 1331 1259 1411 mystici

171 1427 346 1491 dissolvunt
385 1427 464 1489 illud
504 1427 711 1507 compositum
751 1432 843 1505 atque
884 1426 953 1488 ideo
992 1425 1260 1487 sacramentaliter

171 1525 310 1584 mactant
325 1521 415 1596 illud,
429 1526 460 1584 et
475 1526 597 1601 ponunt
614 1521 646 1582 in
663 1520 765 1580 Altari
783 1526 933 1600 tanquam
950 1519 1110 1581 victimam
1126 1520 1258 1582 occisam

170 1619 202 1677 et
226 1614 426 1677 mactatam.''
439 1616 464 1648 ²²

213 1712 241 1770 3.
263 1707 376 1771 Verbis
404 1729 481 1789 quae
509 1731 527 1772 a
557 1708 722 1771 Sacerdote
750 1708 967 1788 proferuntur,
994 1708 1131 1771 actiones
1158 1728 1258 1771 corre·

170 1802 333 1882 spondent.
390 1802 538 1865 Sacerdos
560 1804 694 1882 extergit
717 1803 835 1882 priores
858 1801 1022 1882 utriusque
1044 1822 1156 1864 manus
1178 1802 1258 1882 digi-

170 1895 345 1968 tos-olim
370 1895 493 1957 lavabat
518 1915 637 1956 manus.
688 1896 751 1973 (Ὃ
778 1915 869 1974 quam
896 1895 1031 1958 mundae
1055 1895 1169 1956 debent
1193 1915 1257 1958 esse

170 2009 280 2050 manus
300 1989 411 2051 illae!''
473 1991 583 2050 'l'bom
605 2010 622 2051 a
644 1991 773 2068 llemp.)
843 1989 974 2051 Dicens:
994 1990 1113 2071 occepit
1134 2011 1257 2072 ponem,

169 2083 303 2145 hostiam
318 2083 449 2163 aecipit;
463 2083 563 2146 elevat
577 2084 681 2145 oculos
697 2084 734 2145 ad
752 2089 780 2145 et
796 2083 922 2145 eleuatis
937 2086 1035 2146 oeulis
1049 2084 1083 2146 io
1099 2084 1257 2147 coelum²⁸

169 2175 260 2238 “Hac
279 2177 492 2239 benedictione
512 2177 657 2238 Christus
676 2177 797 2256 petebat
819 2178 908 2256 [rarus
927 2177 1206 2240 sanctificationem
1226 2182 1257 2239 et

169 2270 464 2333 transmutationem
488 2291 560 2331 mox
583 2271 743 2344 futuram,
768 2270 850 2331 uodo
873 2271 1014 2350 quamvis
1038 2270 1257 2350 Evangelistae

168 2382 253 2425 nune
266 2363 523 2438 benedictionem,
538 2384 622 2425 nunc
636 2366 809 2444 gratiarum
824 2365 977 2425 actionem
993 2365 1168 2439 nominent,
1183 2365 1256 2444 quia

169 2456 313 2519 Christus
340 2477 391 2519 eas
417 2457 584 2536 conjunxit
617 2459 750 2537 (gratias
776 2479 871 2537 agens
899 2458 1090 2536 benedixit),
1116 2458 1256 2520 diversae

167 2554 272 2612 tamen
291 2557 376 2625 sunt,
395 2557 426 2614 et
446 2552 529 2613 iuter
548 2572 578 2613 se
598 2558 628 2613 et
648 2572 666 2613 a
684 2552 923 2614 consecratione.
968 2552 1150 2613 Benedictio
1170 2553 1256 2613 enim

167 2643 207 2705 ad
228 2645 366 2723 symbola
388 2645 533 2721 refertur,
553 2647 729 2723 gratiarum
751 2644 832 2707 actio
853 2652 958 2708 autem
980 2646 1019 2708 ad
1041 2643 1174 2709 Deum.''
1187 2645 1213 2679 ²⁴

209 2740 237 2798 4.
259 2737 369 2818 Fregit
396 2737 552 2820 ded-itque,
578 2737 696 2800 scilicet
722 2742 792 2818 post
817 2739 1079 2801 consecrationem
1092 2739 1118 2774 ²⁶
1149 2787 1157 2802 .
1195 2787 1203 2802 .
1241 2786 1249 2802 .

167 2830 289 2893 dicens:
315 2831 386 2895 Hoc
410 2837 456 2895 est
482 2833 565 2896 enim
592 2854 703 2914 corpus
729 2854 842 2896 areum.
910 2834 1058 2896 Sacerdos
1084 2834 1256 2897 inclinatus

166 2943 260 3004 super
272 2924 391 3001 Altare,
405 2945 465 3005 quo
478 2928 554 2990 uuio
567 2927 636 3005 ejus
649 2948 719 2988 cum
736 2927 861 2988 Christo
875 2927 1083 3007 significatur,
1096 2928 1255 3010 profundo

166 3016 302 3094 silentio,
322 3019 342 3080 i.
363 3040 388 3082 e.
409 3027 526 3082 secreta
544 3041 615 3082 voce
635 3021 821 3101 pronuntiat
841 3022 1050 3084 sacratissima
1071 3023 1126 3085 illa
1146 3023 1254 3087 verba:

166 3118 197 3174 et
216 3110 354 3175 Verbum
374 3114 571 3177 incarnatum
591 3115 685 3175 dicit:
704 3115 784 3177 Eece
801 3118 922 3179 artorio.
967 3116 1017 3179 En
1036 3117 1164 3179 victima
1185 3115 1254 3178 Cal·

167 3206 279 3278 variae,
296 3206 416 3287 Corpus
435 3207 574 3282 Domini,
591 3208 672 3288 quod
690 3209 789 3270 solum
808 3211 837 3270 ri
856 3210 1020 3273 verborum
1036 3231 1180 3291 praesens
1197 3215 1254 3274 est.

209 3302 236 3359 5.
261 3298 377 3362 Statim
400 3300 549 3363 Sacerdos
573 3301 670 3361 Deum
693 3301 909 3363 absconditum
930 3303 1113 3382 geiiutlexus
1134 3305 1254 3379 adorat,

165 3399 196 3454 et
210 3393 308 3455 clcvat
322 3395 456 3455 bostiam
470 3416 487 3455 a
502 3396 616 3474 populo
630 3396 830 3458 adorandam.
875 3397 1068 3459 “Dominum
1083 3400 1166 3461 hune
1182 3399 1253 3462 ado·

167 3505 234 3546 rare
255 3486 345 3549 debet
366 3488 441 3548 adeo
464 3488 622 3566 profunda
646 3491 827 3557 reverentia,
850 3496 884 3551 ut
907 3512 958 3551 cor
981 3511 1072 3552 suum
1095 3491 1253 3572 usquead

161 3580 265 3660 ipsum
280 3580 423 3659 abyssum
438 3581 592 3649 humiliet,
605 3583 691 3661 quasi
707 3583 885 3644 desiderans
900 3585 930 3643 iu
946 3593 1046 3646 terrae
1059 3585 1253 3665 profundum

164 3674 348 3736 ‹leus-endere
374 3675 412 3736 ob
439 3680 545 3738 tautae
573 3678 746 3753 majestatis
775 3680 988 3740 reverentiam.
1055 3680 1097 3741 Et
1123 3701 1253 3757 memor,

163 3768 245 3847 quod
266 3769 379 3844 Aogcli
402 3771 590 3835 descemlaul
612 3793 627 3833 c
649 3772 742 3840 coelo,
762 3779 797 3834 ut
819 3774 869 3834 bic
892 3774 1026 3835 Domum
1050 3776 1079 3836 iu
1103 3777 1255 3840 sacrificio

163 3860 272 3921 adsint
295 3860 344 3940 [S.
367 3864 458 3939 tireg.
480 3868 511 3924 et
533 3861 564 3923 S.
588 3862 777 3942 (ibrysostl,
799 3864 935 3942 cogitare
956 3865 1056 3937 debet,
1079 3869 1111 3928 in
1132 3888 1167 3930 eo
1188 3888 1252 3929 mo·

164 3959 271 4017 mento
289 3975 320 4016 sc
339 3954 528 4015 circuuulari
549 3955 741 4032 Angelorum
761 3958 909 4025 exercitu,
930 3965 960 4020 et
981 3960 1074 4020 simul
1097 3981 1167 4023 cum
1188 3961 1252 4023 illis

163 4047 292 4110 adorare
315 4053 346 4110 et
369 4048 497 4111 laudare
521 4069 717 4111 conunuuem
742 4051 882 4112 omnium
908 4051 1078 4114 Dominum
1104 4059 1136 4116 et
1160 4055 1250 4118 Crea-

165 4141 321 4202 l‹›rem.'’²⁶

206 4238 234 4296 6.
257 4234 378 4297 Deinde
399 4257 454 4316 per
473 4237 629 4316 ipsissima
648 4238 738 4298 rerba
760 4239 895 4301 (liri-ti:
919 4243 980 4304 llic
1000 4247 1046 4304 est
1066 4242 1149 4305 enim
1170 4244 1252 4306 calis

194 4382 224 4419 2²
240 4375 316 4431 sent.
331 4380 505 4441 communior,
521 4381 616 4444 lensii,
631 4385 681 4431 ete.
768 4387 794 4419 ²⁶
813 4382 856 4432 Cf.
875 4399 901 4433 n.
921 4386 977 4435 120.

198 4459 224 4492 ²³
244 4454 301 4505 cfr.
326 4455 408 4504 blare.
431 4458 455 4514 o,
478 4459 518 4505 41.
771 4465 795 4494 ²¹¹
816 4459 844 4506 li.
868 4460 900 4508 de
923 4461 1017 4512 Ponte.

198 4538 224 4571 ²⁴
244 4529 353 4595 Sylvius
376 4533 400 4579 in
428 4532 479 4581 lll.
503 4533 528 4581 S.
551 4534 644 4583 Tborn.
