2804 4890
201 669 263 734 488
415 679 469 736 nu
493 679 761 736 saoansrnuro
783 678 1043 738 Mararuorrn.

241 851 341 914 Extra
370 859 492 933 tempus
520 853 661 914 clausum
689 853 763 915 haec
790 852 886 913 Missa
916 851 978 913 dici
1006 855 1109 932 potest
1133 851 1232 914 etiam
1263 850 1300 913 in

199 944 288 1007 feriis
313 944 486 1024 majoribus
510 951 542 1008 et
568 944 720 1026 Vigiliis.⁸

242 1039 270 1097 2.
293 1035 411 1097 Diebus
431 1035 603 1116 impeditis,
623 1038 649 1097 si
669 1038 798 1116 nuptiae
819 1035 1045 1099 benedicendae
1065 1036 1140 1112 sint,
1161 1035 1300 1098 dicenda

199 1133 246 1194 est
265 1128 362 1191 Missa
381 1129 454 1206 diei,
474 1130 508 1191 in
527 1148 587 1210 qua
606 1130 643 1192 fit
660 1129 912 1192 commemoratio
930 1149 969 1191 er
987 1129 1084 1191 Missa
1104 1149 1160 1209 pro
1181 1148 1301 1209 sponso

199 1227 231 1285 et
249 1241 362 1304 sponsa
388 1222 500 1302 (simul
522 1242 592 1284 cum
616 1221 818 1283 Orationibus
840 1221 909 1282 istis
930 1226 1000 1302 post
1020 1221 1116 1285 Pater
1136 1227 1245 1283 noster
1266 1234 1301 1283 et

199 1319 272 1378 ante
298 1316 453 1394 Placeat)
489 1314 581 1396 idque
608 1314 664 1376 sub
693 1312 843 1376 distincta
869 1314 1067 1377 conclusione
1094 1315 1198 1396 primo
1227 1314 1300 1376 loeo

199 1412 269 1489 post
291 1408 369 1471 alias
392 1405 700 1470 commemorationes
724 1428 742 1469 a
766 1407 911 1467 Rubricis
935 1408 1142 1486 praescriptas
1164 1413 1199 1470 et
1221 1413 1300 1469 ante

202 1500 366 1564 Orationes
398 1501 577 1580 imperatas,
609 1499 703 1562 etiam
737 1499 770 1560 in
801 1499 891 1561 festis
925 1499 970 1554 1⁸⁰
1001 1498 1108 1560 classis
1116 1519 1126 1574 ;
1155 1499 1300 1577 exceptis

198 1593 330 1656 fortasse
350 1593 471 1673 Vigilia
490 1597 522 1655 et
540 1592 621 1655 festo
641 1592 839 1654 Pentecostes
859 1611 932 1653 cum
951 1591 1072 1653 duobus
1092 1591 1298 1672 sequentibus

199 1684 319 1762 diebus,
337 1685 372 1747 in
390 1684 501 1765 quibus
520 1684 576 1744 sub
594 1684 688 1745 unica
707 1682 904 1746 conclusione
924 1683 1067 1745 facienda
1085 1682 1233 1745 videtur.⁴

242 1778 270 1838 3.
294 1776 483 1838 Prohibetur
500 1775 598 1838 Missa
613 1775 661 1839 vel
677 1776 931 1839 commemoratio
946 1795 1004 1855 pro
1020 1776 1142 1856 sponsis
1158 1780 1189 1839 et
1204 1776 1299 1839 bene-

199 1869 297 1931 dictio
314 1869 498 1948 nuptiarum
520 1871 601 1948 (non
614 1889 685 1932 vero
701 1868 875 1929 benedictio
890 1888 928 1930 er
944 1868 1096 1947 Ritualir)
1112 1888 1119 1930 :
1142 1869 1193 1949 (a)
1215 1875 1297 1932 tem·

199 1981 274 2043 pore
292 1961 424 2035 feriat03
449 1962 501 2039 (b)
525 1962 551 2022 si
571 1960 685 2023 mulier
703 1963 745 2023 sit
763 1960 868 2036 vidua,
887 1981 964 2041 quae
984 1962 1018 2023 in
1036 1960 1194 2047 prioribus
1213 1980 1297 2042 nup

200 2055 254 2116 tiis
274 2052 521 2116 benedictionem
542 2052 718 2133 nuptialem
737 2053 899 2116 obtinuit.⁰

242 2150 270 2208 6.
294 2146 391 2208 Missa
410 2165 466 2226 pro
488 2165 600 2226 sponso
621 2150 652 2209 et
674 2165 786 2225 sponsa
808 2150 854 2209 est
876 2148 978 2209 votiva
999 2148 1140 2228 privata3
1160 2147 1297 2227 proinde

200 2239 382 2303 celebranda
406 2239 474 2301 sine
499 2236 606 2303 Gloria
628 2244 659 2300 et
682 2238 749 2300 sine
775 2239 885 2314 Credo,
910 2240 1035 2319 inqua,
1058 2240 1085 2301 si
1107 2258 1296 2303 commemo-

200 2333 281 2396 ratio
303 2331 445 2412 spccialia
466 2352 531 2393 non
551 2333 704 2408 occurrat,
726 2329 762 2390 3ο
788 2330 853 2394 loco
875 2332 993 2393 dicitur
1017 2333 1136 2408 Oratio,
1158 2352 1237 2413 quae
1263 2334 1296 2393 in

200 2425 456 2504 semiduplicibus
472 2423 563 2485 istius
578 2423 728 2503 temporis
745 2421 780 2482 2ο
798 2423 863 2485 loco
880 2424 1010 2485 dicenda
1027 2428 1082 2485 cst.
1123 2424 1157 2484 Si
1177 2425 1297 2486 testum

200 2518 315 2599 duplex
336 2537 499 2580 occurrens
523 2515 556 2575 2ο
581 2516 646 2580 loco
670 2519 939 2591 commemoretur,
963 2520 997 2575 3Β
1022 2517 1130 2579 Oratio
1153 2517 1192 2581 de
1216 2522 1296 2581 tern-

199 2631 273 2692 pore
293 2610 476 2672 omittitur.⁷
522 2608 682 2671 Praelatio
703 2616 749 2672 est
770 2610 955 2684 communis,
976 2609 1038 2670 nisi
1061 2609 1142 2670 adsit
1165 2611 1297 2689 propria

201 2707 320 2767 ratione
347 2704 419 2764 festi
447 2701 706 2775 commenrorati,⁸
733 2705 856 2764 octavae
885 2702 929 2763 rel
958 2703 1116 2780 temporis,
1166 2702 1204 2764 ln
1234 2702 1298 2765 fine

199 2796 317 2858 dicitur
340 2794 547 2874 Evangelium
573 2794 602 2854 S.
628 2793 773 2869 loannis,
796 2794 857 2854 nisi
881 2796 965 2855 lacta
987 2794 1085 2856 fucrit
1108 2814 1297 2857 commemo-

200 2890 280 2950 ratio
308 2888 416 2948 Feriac
442 2887 487 2947 rel
515 2885 663 2964 Vigiliac,
690 2885 727 2946 dc
753 2906 813 2964 qua
839 2885 989 2946 ultimum
1018 2885 1225 2966 Evangelium
1255 2889 1298 2951 le·

199 2980 337 3062 gendum
357 2980 428 3042 est.l

345 3316 395 3367 DE
422 3317 705 3367 Bnusnrcsn'bts
734 3318 888 3366 nunriis
918 3318 1140 3370 asininarum

241 3441 311 3505 300.
336 3442 494 3522 Conjugas
517 3439 661 3504 catholici
685 3447 714 3503 et
737 3441 859 3502 honesti
884 3443 915 3503 in
939 3445 1114 3520 gratiarum
1138 3444 1297 3506 actionem

200 3535 388 3598 celebrantes
410 3534 659 3596 anniversarium
681 3537 719 3593 25
744 3536 788 3595 rcl
814 3539 851 3595 50
873 3536 1057 3613 nuptiarum
1079 3535 1232 3598 accedunt
1257 3539 1297 3599 ad

200 3629 308 3690 Altare
327 3627 372 3690 rel
392 3626 551 3689 cancellos.
594 3625 752 3687 Parachus
772 3626 903 3688 indutus
922 3627 1145 3707 superpelliceo
1164 3635 1195 3692 ct
1215 3632 1298 3692 stola

199 3720 268 3783 alba
286 3720 331 3782 rcl
349 3719 540 3800 paramentis
557 3719 595 3780 ad
615 3718 744 3779 Missam
762 3718 977 3781 celebrandam
995 3721 1154 3801 requisitis
1170 3732 1300 3802 praetor

199 3813 408 3892 manipulum,
434 3812 516 3873 iacta
539 3811 733 3872 convenienti
759 3810 1001 3887 adlocutione?
1024 3813 1174 3892 conjuges
1197 3813 1299 3877 faciat

231 3963 285 4014 ³1).
306 3964 329 4014 8.
349 3961 414 4013 Feb.
434 3961 509 4012 1913.
804 3961 920 4012 “Novae
938 3961 1021 4015 Rubr.
1040 3962 1073 4013 X.
1093 3965 1116 4012 3.

229 4038 295 4090 *De
314 4037 411 4103 Carpo,
432 4037 558 4088 Schober.
808 4035 873 4086 1Cf.
904 4035 986 4087 Instr.
1016 4041 1087 4102 past.
1118 4037 1239 4100 Eystctt.
1274 4057 1299 4091 n.

230 4114 327 4179 lQuae
350 4129 398 4179 pro
421 4112 602 4163 matrimoniis
624 4113 717 4162 mixtis
769 4113 834 4175 536;
857 4118 884 4164 ct
906 4114 1033 4164 Manuale
1053 4113 1161 4165 Saccrd.
1183 4114 1296 4169 Schnei-

197 4190 344 4242 interdicta
361 4196 409 4242 cst.
770 4189 1011 4251 der-Lehmlruhl,
1028 4188 1067 4239 ΙΙ.
1086 4205 1111 4254 p.
1129 4191 1188 4241 391.

232 4265 287 4316 οΙ).
315 4268 391 4315 2461.
419 4268 447 4321 1;
475 4269 503 4314 et
528 4265 610 4321 2797:
638 4268 665 4314 ct
691 4263 717 4314 S.
804 4264 954 4315 ²Litaniaa
981 4266 1099 4314 omnium
1131 4265 1297 4319 Sanctorum

196 4341 225 4392 (l.
244 4341 274 4391 0.
294 4343 324 4390 31
346 4343 414 4401 Aug.
436 4343 509 4390 isal.
769 4355 827 4389 cum
850 4339 939 4390 tribus
961 4341 1099 4405 prioribus
1121 4344 1297 4393 orationibve

234 4416 288 4466 71).
309 4419 349 4466 24.
372 4416 441 4477 lluj.
467 4417 538 4465 1912.
770 4416 879 4466 recitari
903 4422 1023 4479 possunt.
1066 4417 1139 4467 blan.
1162 4419 1218 4468 nit.
1244 4421 1286 4471 Pa

231 4491 289 4542 ⁸1).
309 4492 349 4542 19.
369 4492 435 4555 Apr.
456 4492 530 4542 1912.
770 4491 843 4542 derb.
