2804 4890
181 640 224 705 20
273 652 327 707 DE
351 650 580 721 REQUISITIS
604 649 658 703 AD
682 647 835 703 mlsssm
856 644 1169 702 CELEBRANDAM.

182 823 316 903 ralibus]
344 842 398 886 seu
421 822 518 885 serico
541 819 706 895 contextis,
729 818 868 881 studiose
890 823 1002 882 ornata
1024 816 1166 880 adhiberi
1188 820 1274 898 pote

182 917 327 981 runt.''⁴'

223 1016 270 1074 16.
294 1011 439 1075 “Gradus
463 1029 569 1073 omnes
593 1007 713 1070 Altaria
738 1006 904 1069 inferiores
926 1006 1147 1086 cooperiantur
1169 1004 1276 1086 aliquo

183 1104 287 1184 amplo
310 1107 341 1165 et
364 1102 495 1182 pulchro
518 1105 630 1179 tapeto.
697 1099 828 1179 Reliqua
850 1118 923 1180 pars
947 1097 1138 1178 Presbyterii
1161 1098 1275 1178 pannis

183 1197 336 1260 viridibus
369 1194 556 1274 contegitur.
624 1192 659 1254 Si
691 1192 797 1255 haberi
831 1212 893 1253 non
925 1195 1030 1272 posset
1060 1190 1172 1253 saltem
1204 1210 1273 1271 sup·

184 1291 358 1371 pedaneum
378 1290 421 1351 sit
438 1292 543 1368 tapete
562 1287 666 1366 aliquo
685 1285 897 1366 coopertum.’'
909 1286 936 1320 ‘⁸

224 1388 272 1445 17.
296 1383 392 1447 Decet
409 1388 446 1445 ut
463 1384 657 1457 ornamenta,
676 1382 860 1462 praesertim
878 1379 979 1456 flores,
997 1380 1036 1444 ab
1054 1378 1160 1442 Alteri
1178 1399 1276 1442 remo

184 1480 316 1539 veantur
336 1473 528 1554 temporibus
549 1472 835 1553 poenitentialibus
855 1476 887 1533 et
906 1471 1155 1552 quandocunque
1175 1471 1276 1533 colore

185 1568 276 1649 nigro
301 1569 349 1630 vel
373 1567 507 1631 violaceo
531 1567 714 1642 celebratur,
739 1567 875 1645 exceptis
900 1564 1069 1627 Dominica
1092 1565 1188 1627 tertia
1212 1563 1276 1626 Ad·

186 1666 297 1724 ventus
314 1666 346 1724 et
363 1666 475 1741 quarta
492 1660 763 1740 Quadragesimac.

229 1755 291 1816 Pro
315 1754 413 1816 Missa
437 1755 568 1816 solemni
593 1754 632 1815 de
655 1753 773 1833 Requie
798 1752 929 1814 “Altare
953 1751 1019 1814 sola
1044 1751 1143 1814 Cruce
1167 1757 1200 1815 et
1225 1772 1276 1815 sex
1373 1823 1375 1827 ¹

186 1847 379 1910 candelabris
399 1852 528 1927 paretur
552 1894 559 1907 .
591 1894 597 1907 .
629 1894 635 1907 .
661 1846 701 1906 In
720 1846 912 1926 paramentis
931 1844 1062 1921 Altaria,
1082 1844 1277 1908 celebrantia

185 1945 217 2004 et
236 1940 457 2003 Ministrorum
477 1938 582 2002 nullae
601 1939 753 2018 imagines
772 1943 969 2001 mortuorum
988 1939 1035 2001 vel
1056 1937 1172 2001 Cruces
1190 1938 1277 2001 albae

187 2033 376 2115 ponantur.''
388 2035 415 2068 ⁴⁹

204 2116 209 2125 ’
228 2131 275 2191 18.
298 2127 395 2190 Sedes
418 2127 613 2190 Celebroatis
640 2127 714 2206 (pro
736 2126 833 2188 Missa
854 2126 986 2188 solemni
1005 2125 1083 2206 etc.)
1110 2124 1280 2190 collocetur

188 2220 226 2280 “a
240 2238 337 2280 cornu
352 2217 513 2298 Epistolae
527 2219 619 2296 juxta
633 2215 762 2279 Altare''
777 2238 831 2280 seu
846 2218 1029 2279 “scamnum
1045 2216 1215 2298 oblongum
1229 2237 1278 2280 co-

188 2317 332 2393 opertum
350 2311 455 2392 aliquo
474 2315 577 2390 tapete
596 2315 651 2372 aut
670 2310 794 2390 panno³³
815 2310 924 2372 viridis
943 2318 998 2374 aut
1017 2311 1147 2376 alterius
1166 2311 1278 2374 coloris

189 2426 245 2486 pro
264 2405 447 2467 Celebrante
465 2410 496 2466 et
514 2426 537 2466 s.
557 2404 715 2467 Ministris
732 2425 804 2466 cum
823 2404 870 2467 rel
889 2405 956 2468 sine
974 2404 1075 2468 dorso.
1119 2405 1214 2467 “Non
1233 2409 1278 2468 to

188 2498 335 2563 lcrandus
351 2503 398 2561 est
414 2498 528 2559 ebusus
545 2498 714 2560 adhibendi
730 2498 797 2560 loco
814 2499 932 2560 scamni
949 2498 1036 2561 sedes
1052 2497 1278 2562 camerales.''⁶⁰

191 2593 295 2654 Solius
312 2592 459 2672 Episcopi
478 2592 639 2653 Ordinarii
656 2597 702 2654 cst
719 2592 823 2654 sedere
841 2593 873 2653 in
890 2593 1003 2654 throno
1019 2593 1059 2655 ad
1076 2593 1159 2655 latus
1176 2592 1278 2654 Evan-

188 2685 300 2765 gelii.⁵¹
346 2685 386 2745 In
408 2685 583 2746 minoribus
606 2685 753 2747 Ecclesiis
776 2685 909 2765 simplex
931 2685 1114 2748 subsellium
1136 2705 1209 2749 cum
1231 2684 1279 2748 rel

189 2779 256 2841 sine
272 2778 363 2840 dorso
379 2778 520 2839 adhiberi
536 2783 646 2858 potest.

220 2930 375 2993 appendas.
417 2929 567 2993 sequentes
591 2944 732 2981 mensurae
755 2932 983 2983 commendandae
1007 2932 1149 2984 videntur:

223 3006 327 3066 Heium
343 3006 374 3066 of
387 3005 470 3054 Alter
483 3006 557 3066 from
573 3006 588 3054 3
602 3007 639 3066 st.
655 3007 753 3056 tiocli.
769 3010 798 3055 to
813 3008 828 3055 3
842 3008 879 3068 ft.
896 3009 911 3057 6
926 3008 1000 3057 inca.
1025 3010 1055 3070 (1
1070 3013 1152 3059 metr.
1172 3009 1188 3058 2
1203 3008 1281 3071 erra).

190 3081 283 3169 Wtdtlr
303 3083 335 3144 os
355 3081 510 3131 “Mensa'’
530 3086 577 3130 not
599 3082 651 3131 teas
672 3083 737 3130 than
758 3083 791 3132 20
810 3081 910 3132 inchoa.
940 3083 1049 3144 Leoctn
1069 3088 1098 3133 ot
1120 3085 1189 3134 leuat
1208 3087 1224 3134 8
1243 3086 1281 3148 tt.

187 3159 204 3208 6
222 3158 305 3283 Ἆπῑοίῒν
319 3237 395 3294 steps
410 3238 439 3282 at
456 3233 524 3285 lecet
540 3248 590 3284 one
605 3234 667 3294 scot
683 3234 760 3292 wide,
776 3235 832 3284 aad
847 3239 894 3284 not
910 3249 983 3286 more
1000 3237 1066 3286 tboa
1082 3237 1098 3287 6
1113 3251 1145 3286 or
1161 3237 1175 3286 7
1190 3236 1284 3288 tuellas

189 3311 397 3436 hizbmmurrmn
415 3386 515 3447 railiny
529 3387 602 3448 from
619 3388 634 3435 2
650 3389 709 3450 sect
725 3387 740 3435 3
756 3387 848 3437 inchea
864 3392 892 3437 to
908 3389 923 3436 2
939 3389 998 3450 sect
1015 3391 1031 3439 5
1047 3389 1156 3449 incbea,·
1173 3390 1218 3441 tlte
1234 3393 1284 3452 top

188 3466 248 3525 step
270 3463 377 3513 calcide
399 3463 444 3512 the
465 3463 635 3512 caramanico
656 3463 756 3522 raiano
776 3467 805 3512 to
827 3463 859 3512 be
880 3478 914 3512 on
936 3478 952 3513 a
975 3464 1042 3514 level
1062 3466 1129 3515 wita
1150 3465 1195 3517 the
1214 3466 1284 3529 fluor

189 3553 221 3587 ou
244 3539 330 3588 wlricb
351 3538 396 3588 tbc
416 3538 502 3601 prieat
523 3539 620 3588 alauda
640 3539 716 3588 wbcn
737 3538 832 3599 picino
853 3539 1021 3589 communion
1029 3555 1041 3601 ‚·
1062 3541 1084 3589 ir
1105 3546 1177 3591 mast
1200 3541 1232 3591 be
1252 3546 1283 3592 at

190 3616 257 3663 leuat
277 3616 308 3664 10
327 3613 418 3664 inches
435 3615 520 3674 arido
541 3614 586 3664 tlte
604 3615 682 3664 otbcr
699 3618 775 3677 steps
794 3614 903 3675 leading]
920 3629 958 3679 ap
977 3620 1006 3666 to
1026 3616 1071 3667 ibe
1089 3617 1191 3679 ruiliap
1208 3618 1283 3680 {roas

192 3693 222 3777 ld
240 3695 269 3740 to
286 3691 430 3778 wicchar
447 3691 531 3750 wide;
550 3691 595 3740 the
612 3691 694 3740 risere
711 3692 743 3753 os
760 3691 835 3741 these
852 3694 927 3754 steps
945 3696 991 3741 not
1011 3707 1082 3743 merc
1101 3694 1167 3743 ilion
1185 3695 1201 3744 6
1219 3694 1281 3743 or?

189 3767 281 3893 ⁸²10ss
295 3767 386 3907 iiiia
402 3847 449 3893 not
467 3857 539 3893 more
556 3843 619 3892 thou
638 3845 652 3892 2
666 3844 725 3904 fect
743 3845 773 3893 10
789 3843 881 3893 tucher
896 3846 970 3907 from
986 3847 1023 3894 its
1037 3847 1105 3908 floor
1120 3851 1149 3896 to
1165 3848 1211 3900 the
1227 3850 1282 3912 top.

219 3919 297 3970 Peroe
314 3923 385 3969 must
404 3920 436 3969 be
454 3923 482 3968 ot
501 3920 569 3968 least
588 3919 603 3967 2
620 3919 678 3979 feet
697 3919 711 3967 7
730 3918 821 3968 tucher
839 3923 937 3982 apum
957 3922 1001 3970 the
1020 3923 1145 3984 martirio
1165 3923 1251 3974 bench
1267 3923 1284 3973 6

189 4010 220 4045 or
238 3998 253 4046 7
272 3997 363 4047 inchoa
384 3995 449 4056 bipb
467 3996 541 4057 from
561 3994 605 4043 the
623 3994 699 4055 licor,
718 3994 773 4043 aad
791 3995 922 4056 standinq
943 3996 1011 4047 buck
1030 3997 1045 4046 9
1065 3997 1156 4048 tucher
1173 3999 1248 4061 {rom
1266 4014 1285 4050 e

227 4126 252 4158 ⁴²
273 4120 348 4170 Cacr.
366 4119 456 4185 Epl.
474 4120 514 4171 12.
799 4125 823 4158 ⁵¹
845 4120 963 4172 Proinde
988 4123 1114 4175 convenit
1139 4129 1171 4174 ut
1196 4124 1285 4176 Ambo

227 4202 252 4235 ss
272 4197 314 4246 ῃ),
763 4210 809 4247 aen
829 4197 971 4263 Pulpitum
990 4200 1110 4252 concion.
1130 4200 1167 4251 sit
1187 4201 1216 4251 in
1236 4202 1285 4253 Ec·

227 4279 253 4311 ⁴1¹
274 4272 315 4323 lb.
333 4272 372 4322 Π.
393 4274 432 4323 ll.
452 4275 474 4323 1.
763 4273 852 4322 clesiis
892 4276 1096 4327 cathedralibus
1136 4278 1171 4328 ad
1212 4277 1286 4329 latua

229 4354 255 4386 ⁵⁰
274 4349 307 4398 D.
327 4349 403 4399 2621.
423 4350 453 4412 63
474 4353 502 4400 ct
521 4349 577 4400 alia
595 4348 712 4400 Decreta
764 4349 913 4413 Epistolae,
931 4351 959 4400 in
975 4352 1088 4418 reliquis
1104 4354 1234 4410 Ecclesiis
1249 4355 1284 4409 ad

192 4425 351 4482 recentiora.
764 4425 837 4483 latus
857 4427 1009 4492 avuncuii.
1350 4428 1355 4436 ¹
