2804 4890
449 718 502 772 DE
524 720 620 776 RITU
643 721 914 778 ASPERSIONIS.
1168 710 1229 774 129

138 896 262 958 asperso
294 881 448 960 repetitur
479 881 643 946 inclinatio
673 885 710 944 ut
742 884 779 946 ab
812 883 914 947 initio.
969 882 1090 947 Deinde
1121 903 1224 965 asper-

137 977 257 1051 guntur
273 974 378 1037 clerici
396 976 478 1055 apud
498 976 606 1037 Altare
624 976 670 1038 vel
688 977 879 1039 credentiam
897 983 1023 1041 stantes.

179 1069 208 1127 4.
232 1066 355 1130 Ultimo
374 1069 575 1148 progreditur
595 1070 751 1150 usquead
771 1072 923 1133 cancellos
943 1071 1151 1151 presbytcrii⁸
1171 1090 1225 1133 seu

137 1159 177 1221 ad
197 1180 359 1222 scamnum
382 1163 631 1238 Communionis,
653 1163 706 1225 ubi
728 1168 815 1227 stans
836 1164 869 1226 in
891 1165 1004 1239 medio,
1031 1165 1095 1243 (vel
1117 1164 1143 1226 si
1167 1164 1223 1227 SS.

139 1253 376 1316 Sacramentum
401 1256 444 1317 sit
468 1257 654 1336 expositum,
678 1257 712 1318 in
737 1262 826 1338 parte
851 1257 1042 1336 Evangelii)
1073 1258 1225 1339 populum

138 1351 186 1409 tm
206 1349 344 1429 aspergit
367 1349 400 1410 in
422 1349 534 1425 medio,
555 1369 573 1411 a
595 1350 732 1413 sinistris
753 1356 785 1415 et
806 1351 924 1414 dextris
947 1353 1021 1426 suis,
1042 1351 1155 1432 absque
1178 1352 1224 1413 in-

138 1441 307 1504 clinatione
315 1444 339 1518 3⁹
367 1442 412 1503 rel
441 1443 466 1503 si
495 1443 537 1504 sit
565 1443 720 1506 Ecclesiae
747 1445 948 1519 consuetud0‚
976 1445 1143 1525 “graditur
1170 1464 1225 1527 per

138 1534 319 1611 Ecclesiam,
339 1536 492 1616 incipiens
509 1557 526 1598 a
545 1542 634 1618 parte
652 1538 822 1618 Epistulae,
840 1543 871 1600 et
890 1537 1013 1602 rediens
1031 1558 1087 1619 per
1103 1541 1225 1619 partem

136 1628 312 1708 Evangelii,
326 1630 454 1691 interim
468 1651 634 1711 aspergens
647 1631 830 1712 populum.''
844 1634 868 1666 ¹⁰

179 1726 207 1783 5.
231 1723 386 1785 “Interim
412 1723 579 1786 Celebrans
602 1725 681 1788 dicit
705 1726 857 1788 submissa
880 1747 951 1790 voce
973 1746 1046 1788 cum
1070 1725 1226 1788 ministris

137 1816 298 1878 Psalmum
314 1817 494 1889 Miserere‚”
508 1818 690 1880 alternatim
705 1820 865 1899 integrum
879 1819 1035 1900 psalmum
1049 1818 1096 1883 vel
1111 1817 1225 1899 quoad-

59 1977 65 1988 ·
137 1930 235 1990 usque
252 1910 402 1991 perdurat
418 1911 564 1991 aspersio.
610 1911 773 1989 Convenit,
790 1917 827 1975 ut
845 1916 983 1994 tempore
1016 1912 1154 1993 paschali
1172 1911 1224 1975 Ps.

139 2003 344 2082 Confitemini
359 2005 415 2066 sub
431 2006 608 2085 aspersione
625 2006 744 2081 recitet,
760 2006 787 2066 si
802 2006 984 2068 memoriter
999 2007 1085 2067 sciat.
1120 2005 1226 2071 Gloria

138 2098 230 2159 Petri
247 2098 281 2159 in
299 2099 361 2161 fine
378 2099 492 2179 psalmi
510 2099 672 2162 omittitur
689 2099 724 2160 in
742 2098 909 2161 Dominica
928 2098 1087 2161 Passionis
1103 2102 1136 2162 et
1154 2096 1225 2161 Pal-

136 2211 269 2253 mamm.

179 2288 207 2346 6.
230 2285 418 2365 Aspersione
446 2286 555 2367 populi
582 2291 707 2368 peracta
737 2286 885 2349 Sacerdos
913 2286 1122 2367 aspersorium
1151 2285 1226 2349 Dia·

138 2400 226 2454 cono‚
255 2378 413 2442 Diaconus
443 2380 647 2442 thuriferario
677 2379 791 2456 reddit,
819 2386 850 2442 et
879 2380 919 2442 ad
947 2379 1056 2442 Altare
1086 2399 1226 2442 reversus

137 2473 274 2534 debitam
297 2475 505 2536 reverentiam
528 2474 613 2536 facit.
658 2474 802 2554 Repetita
825 2473 998 2552 antiphona
1020 2493 1075 2552 per
1097 2473 1227 2534 chorum

136 2572 176 2628 et'
204 2567 467 2642 celebrantenass
505 2568 671 2630 Celebrans
707 2569 814 2628 “stans
847 2572 920 2628 ante
954 2566 1070 2646 gradus
1106 2565 1226 2627 Altaria

135 2661 255 2742 junctis
291 2663 437 2724 manibus
462 2662 567 2725 dicat”
593 2684 664 2724 cum
692 2665 787 2725 cantu
817 2663 854 2725 V.
883 2661 1018 2724 Ostende
1046 2657 1144 2733 nobis,
1171 2664 1229 2725 ete.

135 2759 174 2816 ut
199 2756 232 2816 in
259 2755 391 2832 Missali‚
420 2778 443 2819 s.
474 2756 631 2817 llinistris
658 2755 775 2817 librum
803 2754 849 2817 vel
879 2754 1029 2816 tabellum
1057 2757 1130 2817 ante
1158 2774 1231 2816 eum

138 2847 376 2908 sustinentibus.

182 2944 208 3002 l.
233 2940 382 3004 Oratione
403 2941 495 3002 finita
516 2946 548 3004 et
569 2942 652 3002 sacta
673 2940 777 3002 Allari
800 2939 982 3014 reverentia,
1004 2938 1044 3000 ad
1065 2958 1226 3001 scamnum

138 3035 322 3116 procedunt,
349 3035 396 3097 vel
421 3035 460 3096 ad
488 3034 663 3095 sacristiam
688 3053 745 3114 pro
771 3031 996 3095 consuetudine
1023 3031 1188 3094 Ecclesiae.
1202 3033 1227 3066 ¹²

141 3129 307 3191 Celebrans
326 3128 457 3210 deponit
476 3127 613 3208 pluviale
633 3130 664 3190 et
685 3147 703 3189 a
724 3125 975 3189 Caeremoniario
996 3124 1143 3186 induitur
1162 3145 1226 3187 ma·

137 3223 249 3304 nipulo
266 3227 299 3286 et
316 3224 461 3304 planeta;
481 3223 557 3283 item
576 3241 599 3282 s.
620 3220 763 3282 Ministri
783 3221 952 3301 imponunt
970 3211 1169 3299 manipulum
1189 3217 1227 3280 ab

139 3317 290 3396 acolythis
318 3321 562 3397 praesentatum.
608 3314 742 3376 Interim
772 3312 881 3375 Clerus
909 3311 1003 3374 sedet.
1049 3312 1124 3374 Post
1152 3311 1226 3373 haec

137 3431 244 3473 omnes
264 3413 409 3491 surgunt,
428 3414 460 3472 et
480 3407 646 3471 Celebrans
664 3426 737 3469 cum
757 3406 915 3468 Ministris
935 3401 1078 3497 factalad
1099 3403 1226 3466 clerum

138 3505 310 3567 reverentia
328 3504 448 3565 accedit
465 3502 504 3564 ad
523 3502 641 3564 Altare.

179 3601 207 3660 8.
233 3597 267 3658 Si
287 3598 384 3658 Missa
401 3597 514 3675 absque
533 3616 556 3657 s.
577 3594 734 3656 Ministris
752 3591 934 3667 celebretur,
953 3590 1176 3654 thuriferarius
1195 3593 1228 3653 et

136 3690 216 3753 alter
236 3690 399 3770 acolythus
420 3690 558 3770 ipsorum
580 3688 661 3749 vices
680 3686 772 3767 gerit.

172 3882 237 3933 ⁸1).
255 3884 295 3933 12.
311 3883 386 3947 Sept.
404 3881 479 3943 1884,
494 3895 520 3930 n.
536 3881 613 3930 3021.
629 3879 653 3929 4.
745 3886 769 3917 ¹²
788 3879 822 3930 D.
864 3880 940 3929 3108.
984 3879 1024 3929 10.
1083 3877 1230 3928 Celebrans

170 3961 334 4023 ⁰Sebober3
361 3974 429 4009 cunr.
455 3959 516 4009 incl.
540 3962 605 4009 ante
627 3961 655 4008 et
710 3957 793 4008 etiam
817 3961 882 4007 ante
906 3957 1008 4020 greum
1031 3955 1058 4004 in
1081 3954 1169 4004 medio
1192 3955 1229 4005 al·

134 4043 204 4105 post.
712 4034 781 4085 taris
802 4034 921 4099 pluviale
942 4047 1039 4084 exuere
1060 4035 1088 4083 et
1109 4031 1230 4084 casulam

171 4122 196 4154 ¹⁰
214 4116 278 4166 “In
298 4131 362 4167 casu
382 4115 542 4166 servandam
562 4127 656 4164 consu·
708 4112 928 4177 manipulumque
977 4125 1081 4160 sumere
1130 4113 1230 4176 potest,

133 4193 311 4246 etudinem.”
346 4192 379 4243 D.
398 4194 475 4244 3114.
494 4193 517 4242 2.
709 4191 852 4241 dummodo
875 4190 1013 4254 planetam
1036 4202 1088 4237 non
1111 4187 1230 4253 accipiat

172 4279 196 4310 11
216 4272 405 4336 “Antiphone
440 4270 579 4333 Aspereea
615 4282 657 4318 me
712 4269 745 4320 do
763 4267 846 4319 altari
870 4267 916 4330 (D.
935 4268 1011 4317 2027.
1030 4266 1070 4327 3.)
1091 4281 1140 4319 nec
1157 4266 1231 4318 adsit

139 4348 181 4399 vel
204 4347 268 4397 rias·
288 4363 386 4410 equom
408 4363 425 4398 a
444 4345 607 4397 Celebrante
627 4346 655 4394 at
709 4346 861 4412 Episcopus
888 4345 934 4407 (D.
957 4346 1033 4395 3110.
1055 4343 1087 4404 4)
1112 4359 1161 4397 nec
1182 4341 1230 4396 SS.

134 4426 294 4477 cantoribus
321 4427 470 4494 repetenda
497 4423 577 4482 est.’'
623 4422 657 4475 D.
710 4425 916 4476 Sacramentum
936 4422 974 4473 sit
993 4418 1156 4486 expositum.

136 4504 214 4561 3402.
229 4505 245 4557 5
259 4508 287 4556 at
301 4505 326 4556 0.
