2804 4890
155 679 215 741 576
256 687 341 743 APP.
367 687 408 742 11.
452 686 506 740 DE
529 685 786 741 PARAMENTIS
808 681 1157 741 PONTIFIGALIBUS.

154 856 201 912 ter
217 849 282 913 sint
296 849 412 926 laneae,
429 854 460 913 et
478 850 639 927 violaceas,
656 855 686 913 et
701 871 764 913 non
781 849 912 914 alterius
929 849 1050 914 coloris.
1070 847 1111 909 In
1129 845 1255 910 sollem-

151 942 293 1005 nioribus
311 948 417 1005 tamen
435 944 534 1019 festis,
552 963 630 1024 quae
642 944 676 1004 in
689 942 834 1004 Rubrieis
844 941 997 1005 Breviarii
1009 940 1132 1021 primae
1146 939 1258 1003 classis

154 1042 314 1112 vocantur,
337 1036 464 1115 dempto
488 1035 594 1097 triduo
616 1042 690 1099 ante
712 1035 841 1112 Pascha,
864 1035 981 1116 poterit
1003 1034 1182 1116 Episcopus
1205 1035 1255 1095 uti

153 1129 249 1192 etiam
269 1148 368 1209 cappa
385 1149 423 1191 ex
443 1128 608 1192 camelotto
628 1118 748 1192 coloris
760 1127 899 1205 violacei,
918 1128 1101 1191 nullatenus
1119 1127 1256 1190 alterius

153 1221 275 1298 coloris,
295 1221 408 1302 quibus
428 1220 555 1301 quidem
575 1221 682 1302 cappis
703 1219 868 1302 pelliculae
887 1221 971 1284 circa
990 1220 1106 1284 collum
1128 1227 1160 1283 et
1184 1239 1255 1301 pec·

153 1318 204 1377 tus
225 1314 263 1377 de
285 1334 371 1377 more
393 1320 539 1377 consutae
561 1315 635 1392 sint,
658 1333 735 1395 quae
758 1313 871 1376 deinde
895 1312 1016 1395 Vigilia
1039 1313 1254 1388 Pentecostes‚

152 1427 206 1469 seu
222 1427 279 1487 pro
295 1407 476 1469 diversitate
494 1408 633 1469 locorum
650 1406 744 1469 citius
760 1411 817 1469 aut
831 1405 964 1482 tardius,
981 1411 1076 1490 prout
1093 1406 1255 1487 Episcopo

151 1503 366 1579 opportunum
396 1498 562 1574 videbitur,
593 1499 826 1579 praeintimatis
856 1500 952 1562 etiam
984 1498 1162 1574 Canonicis,
1197 1499 1253 1579 qui

152 1593 259 1672 cappis
280 1596 426 1668 utuntur,
445 1612 505 1671 quo
526 1591 576 1654 die
598 1593 715 1654 mutari
735 1591 877 1667 debeant,
899 1594 1108 1667 removentur,
1129 1597 1161 1654 et
1184 1590 1254 1652 loco

152 1683 371 1764 pellicularum
409 1685 543 1746 sericum
581 1684 711 1745 rubrum
747 1685 927 1764 apponitur.
988 1683 1140 1747 Canonici
1180 1703 1255 1746 vero

153 1776 339 1856 regulariter
363 1777 397 1837 in
423 1776 569 1852 ecclesiis,
595 1777 649 1840 ubi
677 1776 741 1839 illis
768 1781 914 1853 utuntur,
940 1797 992 1840 eas
1016 1776 1195 1858 deponunt,
1221 1780 1255 1839 et

151 1868 218 1933 loco
239 1888 347 1933 eorum
368 1874 533 1932 assumunt
555 1874 654 1933 cottas
675 1888 770 1951 supra
792 1869 978 1934 rochettum.

592 2148 707 2231 Aac.
731 2149 804 2222 III.

410 2331 461 2383 DE
488 2331 729 2383 SANDALIBUS
755 2333 802 2382 ΕΤ
828 2331 985 2384 CALIGIS.

193 2503 262 2567 ³51.
288 2504 438 2568 Sandalia
461 2510 492 2567 ct
517 2503 642 2583 (laligae
666 2510 738 2567 sunt
762 2508 944 2585 paramenta
968 2505 1098 2586 pedibus
1123 2510 1153 2568 et
1180 2526 1252 2567 cru·

150 2598 236 2660 ribus
257 2597 415 2677 assignata
437 2603 467 2660 et
488 2596 561 2659 solis
582 2598 745 2676 Episcopis
767 2616 918 2659 concessa.
961 2597 1065 2661 Hodie
1087 2600 1120 2659 in
1147 2597 1250 2660 Missa

150 2695 276 2752 tantum
300 2690 479 2752 Pontificali
504 2690 702 2751 adhibentur.
749 2690 980 2753 Caeremonisle
1004 2690 1249 2770 Episcoporum¹

151 2782 279 2863 loquens
300 2783 337 2844 de
360 2781 461 2858 mode,
481 2802 541 2862 quo
563 2782 735 2862 Episcopus
757 2803 813 2863 pro
835 2782 933 2844 Missa
952 2783 1095 2845 sollemni
1118 2785 1160 2845 sit
1185 2806 1246 2846 vcs-

150 2876 285 2949 tiendus‚
300 2879 448 2937 annotat:
465 2874 681 2936 subdiaconus
695 2875 805 2937 afferet
819 2896 855 2937 ex
872 2875 1030 2938 credentia
1045 2896 1139 2956 super
1152 2877 1248 2940 bacili

150 2967 292 3030 sandalia
311 2970 341 3028 ct
359 2967 475 3045 caligas
494 2967 638 3028 manibus
657 2968 722 3029 vclo
741 2969 903 3047 coopertis,
921 2968 983 3029 alio
1004 2970 1070 3033 velo
1091 2974 1252 3048 coopcrta‚

151 3060 298 3122 ambabus
314 3060 459 3121 manibus
475 3061 602 3129 clevata,
618 3067 690 3122 ante
708 3059 908 3140 Episcopum,
927 3059 1050 3140 illaque,
1066 3061 1251 3138 adjuvanti-

150 3152 206 3214 bus
223 3153 343 3214 duobus
360 3153 507 3231 Episcopi
526 3151 694 3227 scutiferis,
711 3154 764 3233 quii
781 3153 818 3214 ad
835 3153 964 3215 abacum
980 3154 1081 3218 solent
1090 3156 1251 3233 assistere,

150 3245 333 3325 genuflexus
356 3245 461 3307 induit
485 3247 586 3325 primo
611 3246 642 3305 in
666 3246 801 3314 dextero,
825 3246 937 3307 deiude
961 3249 992 3307 in
1017 3246 1146 3307 sinistro
1170 3249 1251 3327 pcde

151 3339 309 3419 Episcopi,
331 3338 480 3401 detractis
502 3339 588 3417 prius
611 3358 664 3416 per
685 3339 870 3398 scutilcrum
892 3338 1061 3400 ordinariis
1083 3340 1206 3402 calceis.

192 3435 220 3494 2.
243 3433 317 3493 lam
344 3432 465 3492 saeculo
493 3431 550 3490 l'l.
579 3431 709 3507 uestigia
734 3431 883 3493 babemus
911 3432 1021 3493 borum
1048 3439 1251 3512 paramento

150 3546 231 3600 rum,
252 3525 303 3586 scd
326 3546 387 3585 non
426 3545 547 3603 semper
567 3523 647 3584 idcm
668 3522 778 3583 modus
798 3523 897 3602 qiioad
917 3545 952 3586 ea
973 3524 1206 3590 observabatur.

191 3621 218 3681 3.
244 3618 335 3679 Color
370 3617 553 3677 Sandalium
589 3620 619 3676 et
653 3617 825 3687 <sticarum
858 3616 948 3679 debet
980 3637 1044 3679 esse
1076 3618 1250 3698 liturgicus

149 3711 241 3790 juxta
262 3710 476 3771 diversilalcm
499 3709 597 3767 tillicii
620 3714 648 3768 ct
672 3708 755 3779 scsti,
776 3728 937 3787 nunquam
960 3731 1031 3771 vcro
1052 3710 1152 3789 niger,
1174 3715 1250 3793 quia

149 3805 183 3868 in
204 3803 301 3867 Missa
321 3803 358 3865 do
381 3801 496 3880 Requic
516 3805 545 3862 ct
568 3801 598 3860 in
623 3801 788 3862 l'arasccve
810 3798 1036 3864 sollemnitates
1057 3801 1184 3868 desunt.

519 3982 600 4032 ¹Lib.
618 3981 657 4030 11.
674 3997 695 4032 c.
712 3982 794 4032 VIII.
811 3982 835 4034 7.
