2804 4890
298 703 352 758 DE
375 700 625 758 unrucrlssus
649 702 691 756 IN
717 702 955 759 bilNISTERIO
979 705 1078 761 IPSO.
1176 698 1236 760 207

186 876 298 952 “Quod
316 877 340 938 si
358 876 474 956 species
492 896 555 940 non
571 881 753 957 appareant,
770 877 971 941 comburatur
990 878 1154 955 roruitus,''
1173 879 1233 942 lin·

145 975 195 1035 teo
211 971 255 1033 rel
273 975 388 1051 stuppa
404 970 574 1045 involutus,
590 978 642 1033 “et
657 970 776 1033 cineres
794 972 827 1032 in
843 973 1015 1034 sacrarium
1031 972 1232 1036 mittantur.’'

187 1069 215 1128 4.
259 1065 315 1125 “Si
331 1065 432 1128 hostia
445 1071 633 1139 consecrata,
647 1065 694 1126 vel
706 1064 811 1145 aliqua
824 1067 893 1145 ejus
908 1066 1061 1145 particula
1074 1066 1233 1128 dilabatur

145 1160 179 1222 in
197 1164 323 1234 terram,
341 1165 516 1221 reverenter
533 1159 716 1238 accipiatur,
735 1166 765 1221 et
784 1158 869 1219 locus
889 1159 939 1219 ubi
959 1160 1082 1235 cecidit,
1102 1161 1230 1222 munde-

144 1252 228 1328 tur,”
239 1274 265 1316 e.
276 1272 306 1332 g.
316 1252 531 1332 purificatorio
546 1253 731 1327 madefacto,
743 1255 796 1316 “et
807 1252 1039 1332 aliquantulum
1053 1254 1232 1330 abradatur,

143 1351 176 1414 et
188 1347 292 1429 pulvis
306 1366 360 1409 seu
375 1346 496 1408 abrasio
511 1345 694 1425 hujusmodi
712 1346 744 1407 in
760 1345 931 1408 sacrarium
949 1346 1149 1410 immittatur.
1196 1349 1229 1411 Si

144 1440 292 1506 ceciderit
307 1444 395 1506 extra
412 1441 570 1521 corporale
587 1441 621 1502 in
638 1459 795 1520 mappam,
812 1460 866 1503 aaa
883 1441 945 1502 alio
963 1442 1179 1521 quovismodo
1200 1443 1228 1504 in

144 1536 271 1619 aliquod
298 1536 443 1612 linteum,
470 1554 584 1616 mappa
613 1534 658 1598 vel
687 1533 822 1598 linteum
849 1535 1033 1615 hujusmodi
1061 1534 1231 1617 diligenter

145 1630 297 1708 lavetur?
322 1628 523 1693 immittendo
549 1629 629 1692 illud
654 1629 689 1692 in
712 1630 840 1694 calicem
866 1651 937 1693 cum
963 1651 1052 1712 aqua,
1076 1633 1129 1694 “et
1153 1631 1230 1694 lotio

145 1727 212 1807 ipsa
228 1726 261 1788 in
279 1724 451 1788 sacrarium
464 1723 678 1787 effundatur.’'

186 1824 214 1885 5.
258 1819 294 1882 Si
311 1820 397 1883 infra
413 1818 668 1882 distributionem
687 1819 718 1881 S.
738 1820 977 1882 communionis
994 1841 1017 1883 s.
1034 1820 1137 1883 hostia
1154 1817 1231 1882 oeci·

144 1913 236 1990 derit,
253 1914 339 1979 locus
356 1919 493 1989 notetur,
511 1933 537 1976 e.
554 1932 584 1995 g.
604 1912 767 1977 fundendo
785 1913 949 1995 paululum
969 1934 1065 1995 aquae
1084 1915 1119 1976 in
1137 1915 1230 1976 istam

144 2028 275 2089 mappae
301 2013 432 2089 partem,
459 2014 490 2069 et
515 2007 589 2070 huic
608 2006 702 2069 'aliud
730 2007 864 2071 linteum
891 2009 1072 2088 imponatur
1097 2008 1144 2070 vel
1171 2028 1230 2071 acu

144 2102 297 2182 affigatur,
312 2102 409 2165 donec
424 2107 531 2182 postea
546 2101 666 2164 lavetur
680 2106 736 2164 aut
750 2101 920 2164 abradatur
933 2105 971 2164 ut
986 2121 1089 2181 supra.

187 2197 221 2258 Si
244 2197 347 2260 hostia
370 2195 559 2268 inveniatur,
583 2193 703 2275 deque
727 2194 891 2274 ignoretur
914 2215 954 2257 an
978 2196 1019 2256 sit
1042 2201 1229 2271 consecrata,

144 2296 232 2354 caute
255 2295 404 2366 servetur,
426 2289 524 2352 donec
545 2293 616 2369 post
639 2287 848 2368 sumptionem
874 2287 1046 2368 Sanguinis
1068 2293 1230 2366 sumatur;

144 2385 225 2466 quod
252 2385 278 2447 ai
306 2384 344 2446 ob
371 2404 517 2446 nauseam
547 2382 613 2445 tiari
642 2386 784 2461 nequeat,
811 2381 1022 2444 conservanda
1048 2387 1104 2459 est,
1132 2383 1229 2447 donec

143 2479 258 2560 species
272 2483 502 2559 corrumpatur,
516 2481 548 2542 et
563 2477 596 2539 in
610 2475 782 2538 sacrarium
796 2473 991 2556 projiciatur.
