2804 4890
498 679 552 735 DE
575 679 695 735 Mlssn
719 677 907 735 SOLEMNI.

597 947 712 1019 ΛΒΤ.
738 948 810 1019 ΙΙΙ.

251 1131 487 1183 SUMMARIUM
507 1131 652 1183 ourlcn
671 1132 830 1182 D1AO0N1
851 1133 899 1182 ΕΤ
920 1130 1160 1183 SUBDIAGONI.

378 1297 415 1359 Δ.
437 1298 580 1375 Regulae
607 1314 785 1359 communes
810 1315 865 1376 pro
891 1302 1035 1377 utroque.

206 1439 256 1503 90.
280 1439 412 1503 Vadunt
441 1446 473 1503 et
501 1441 610 1504 sedent
638 1461 656 1503 a
685 1441 781 1505 latere
812 1440 1016 1518 Celebrantis‚
1046 1440 1205 1504 Diaconus
1235 1459 1254 1503 a

166 1533 311 1610 dexteris,
350 1533 565 1596 Subdiaeonus
601 1554 619 1596 a
655 1535 802 1611 sinistris,
839 1534 887 1597 vel
923 1534 961 1597 ob
996 1535 1155 1599 defectum
1192 1532 1254 1597 loci

166 1627 284 1688 vadunt
321 1634 393 1689 ante
433 1627 660 1704 Celebrantem,
698 1628 764 1690 scil.
805 1627 1021 1691 subdiaconus
1060 1646 1078 1689 a
1115 1627 1254 1690 sinistris

166 1718 298 1783 Diaconi
319 1721 367 1784 vel
387 1726 460 1783 ante
479 1741 560 1782 eum.

208 1816 235 1875 2.
259 1813 300 1875 In
321 1833 443 1876 accessu
466 1814 504 1876 ad
528 1814 668 1890 Missam,
690 1820 721 1878 et
744 1817 776 1876 in
800 1835 920 1878 recessu
942 1818 1015 1896 post
1036 1815 1137 1896 ipsam
1157 1833 1254 1895 genu-

166 1905 298 1970 flectunt
334 1907 390 1987 (ad
424 1908 665 1970 Sanctissimnm
696 1908 741 1969 vel
775 1909 815 1970 ad
847 1908 990 1985 Crucem,
1022 1909 1164 1989 quamvis
1196 1907 1253 1971 SS.

168 2002 200 2062 in
221 2000 419 2063 tabernaculo
440 2022 502 2064 non
524 2004 714 2080 asservetur)
741 2003 775 2063 in
795 2002 899 2083 plano,
919 2002 997 2065 alias
1017 2001 1105 2064 infre
1125 2001 1255 2063 Missam

167 2093 201 2155 iu
229 2094 339 2157 infimo
364 2094 488 2175 gradu¹
535 2095 569 2156 Si
598 2100 760 2159 transeant
787 2116 805 2157 a
832 2095 929 2158 latere
956 2095 996 2157 ad
1023 2094 1107 2157 latus
1134 2094 1255 2157 Altaris

167 2186 347 2250 “Diaconns
374 2192 406 2251 et
434 2187 660 2263 subdiaconus
690 2188 891 2250 Sacramento
918 2208 981 2252 non
1008 2192 1135 2251 extante
1162 2207 1256 2268 super

168 2280 282 2356 Alteri,
313 2301 435 2362 semper
463 2280 680 2362 genuflectunt
711 2287 742 2344 et
773 2286 899 2344 tantum
930 2283 963 2342 in
993 2281 1115 2357 medi03
1147 2281 1255 2343 Sacra-

167 2379 273 2437 mento
298 2395 369 2438 vero
394 2379 520 2438 extante
545 2395 639 2456 super
664 2375 779 2449 Alteri,
805 2394 926 2455 semper
950 2379 982 2436 et
1007 2378 1134 2437 tantum
1158 2394 1255 2455 genu-

168 2466 290 2531 flectere
308 2468 422 2530 debent
440 2469 474 2530 iu
494 2473 625 2548 utroque
643 2467 771 2531 latere.’'
817 2467 852 2530 Si
871 2468 908 2529 ab
927 2488 990 2529 uno
1008 2468 1104 2531 latere
1122 2473 1256 2548 pergant

168 2561 207 2622 ed
231 2562 370 2623 medium
395 2562 440 2623 vel
465 2583 481 2625 e
505 2562 608 2623 medio
632 2561 801 2624 ascendant
825 2561 865 2623 ed
889 2560 998 2624 Altere
1022 2565 1078 2623 eut
1103 2562 1256 2623 vieeversa

169 2653 347 2717 “Diaconus
366 2661 398 2718 et
418 2655 644 2730 subdiaconus,
665 2654 867 2716 Sacramento
885 2658 1011 2717 extante
1030 2673 1123 2734 super
1141 2652 1256 2729 Alteri,

169 2765 291 2828 semper
321 2754 353 2810 et
384 2753 509 2810 tantum
540 2747 757 2829 genuflectunt
787 2748 820 2808 in
851 2747 918 2810 loco
949 2767 965 2809 e
996 2766 1056 2827 quo
1087 2746 1255 2821 recedunt3

169 2848 296 2921 excepto
316 2840 523 2917 Subdiacono,
541 2843 594 2922 qui
614 2861 753 2902 reversus
772 2840 810 2902 ab
829 2841 1041 2902 incensatione
1061 2839 1256 2902 Sacramenti

169 2933 209 2996 ad
237 2934 452 2996 Elevationem
480 2936 513 2995 in
543 2934 639 2996 Missa
667 2933 798 2995 solemni
826 2932 865 2996 de
894 2932 1021 3013 Requie‚
1049 2931 1257 3013 genuflectere

170 3026 259 3088 debet
274 3027 308 3087 in
323 3027 426 3089 medio
440 3032 583 3101 tentum;
599 3026 800 3089 Sacrameuto
816 3046 878 3087 non
893 3029 1019 3089 extante
1034 3045 1128 3106 super
1142 3023 1257 3099 Alteri,

170 3139 340 3200 numquam
355 3117 581 3199 genuflectunt,
596 3123 720 3199 praeter
735 3118 969 3180 Subdieeonum
983 3117 1117 3198 quando,
1132 3122 1259 3198 accepta

171 3217 294 3295 patene,
312 3213 398 3274 vadit
416 3218 485 3292 post
503 3211 719 3275 Celebrantem
736 3216 809 3274 ante
826 3210 967 3273 medium
983 3207 1158 3274 Altaris.''²

494 3398 529 3460 B.
552 3397 694 3475 Regulae
712 3413 768 3474 pro
785 3396 934 3458 Diacono.

214 3541 242 3600 3.
264 3536 457 3603 Funetiones
475 3539 697 3620 particulares:

220 3634 271 3712 (o)
299 3633 429 3695 Assistit
447 3632 485 3694 ad
506 3633 662 3712 triplicem
683 3632 801 3692 incensi
821 3632 1053 3712 impositionem
1073 3632 1162 3695 etad
1182 3632 1260 3695 duas

173 3726 293 3789 Alteris
308 3726 534 3789 incensationes
543 3746 552 3801 3
568 3730 615 3787 ter
630 3723 856 3800 Celebrantem,
871 3725 964 3787 semel
981 3725 1119 3788 Chorum
1134 3731 1165 3789 et
1182 3725 1260 3787 Sub-

173 3819 340 3883 diaconum
361 3822 510 3881 incensat.

210 3945 219 3976 1
240 3937 362 3985 Ministri
380 3935 524 3983 inferiores
540 3948 644 3997 semper
661 3933 688 3982 in
741 3934 812 3999 quod
830 3933 859 3985 S.
877 3935 909 3986 R.
928 3933 957 3986 C.
977 3934 1131 4001 rescripsit:
1170 3934 1262 3985 “Non

172 4012 253 4076 plano
275 4011 469 4076 genuflectunt.
741 4016 783 4063 est
809 4010 1082 4077 interloquendum.'’
1125 4012 1158 4064 D.
1185 4013 1262 4063 3201.

208 4094 220 4128 ²
238 4088 272 4139 D.
293 4088 318 4139 9.
338 4088 403 4139 Jun.
426 4088 501 4152 1899,
521 4103 547 4138 n.
568 4089 646 4150 4027,
668 4090 690 4138 1.
743 4087 773 4152 9;
794 4103 826 4139 eo
843 4089 933 4138 minus
951 4090 1050 4140 librum
1069 4092 1111 4141 vei
1129 4091 1263 4142 rosarium

172 4165 197 4215 2.
211 4164 236 4215 3.
743 4165 770 4214 in
798 4167 923 4216 menibus
950 4171 1042 4218 tenere
1068 4168 1141 4231 lieet,
1167 4169 1214 4219 ned
1241 4182 1262 4219 s.

207 4241 364 4305 Quaesitum
386 4248 441 4293 est:
475 4241 547 4291 “An
570 4242 691 4292 Ministri
743 4242 863 4293 Ministri
884 4258 989 4308 semper
1007 4258 1103 4294 manus
1120 4250 1185 4297 ante
1204 4261 1263 4311 pee·

172 4318 273 4384 parati,
290 4320 353 4368 dom
370 4319 479 4370 canitur
496 4320 583 4370 Missa
599 4320 692 4371 solem·
743 4323 788 4371 tus
804 4320 968 4384 conjunctas
983 4319 1096 4387 habent,
1111 4320 1166 4372 nisi
1182 4322 1265 4374 aliter

172 4396 215 4445 nis
227 4397 421 4461 conventualis,
434 4397 563 4462 privatim
577 4398 692 4449 recitare
743 4401 916 4463 occupentur.

173 4471 282 4522 valeant
315 4472 406 4525 Horas
435 4474 626 4526 eanonicast”
656 4475 693 4528 ad
