2804 4890
177 698 238 761 464
299 705 353 762 Du
379 704 644 761 suuc'rlssfluo
666 702 967 758 EUCHARISTIAE
990 700 1273 757 SACRAMENTO.

222 875 269 932 12.
294 872 427 934 “Postea
454 892 525 933 cunr
554 871 754 933 Sucraurento
783 872 815 931 iu
844 869 956 951 pyxide
984 869 1049 931 velo
1080 865 1271 948 [humerali]

179 972 323 1046 cooperta
344 966 440 1027 [aciat
462 965 588 1045 signum
611 964 721 1025 Crucis
742 982 834 1042 super
856 962 1009 1044 populum
1031 960 1111 1024 nihil
1134 958 1275 1023 dicens.'’

181 1058 241 1120 His
264 1059 384 1120 duabus
406 1061 532 1119 tontum
556 1056 684 1132 vicibus,
712 1056 779 1134 (bic
801 1065 833 1119 et
855 1059 946 1117 antes
969 1054 1053 1135 apud
1078 1052 1270 1131 iufirmunu)

180 1151 354 1214 benedictio
386 1150 584 1212 Sanctissimi
612 1168 684 1210 cum
713 1147 827 1228 pyxide
858 1148 961 1211 datur.
1014 1145 1198 1210 omittenda
1226 1152 1277 1208 est

181 1245 260 1306 teria
281 1244 338 1306 VI.
360 1245 393 1305 in
415 1244 619 1305 Parasceve.¹¹

225 1341 271 1397 13.
291 1336 448 1410 “Quodsi
468 1340 594 1416 sumpto
613 1335 713 1397 tuerit
731 1354 794 1397 una
814 1338 940 1396 tantum
959 1333 1124 1414 particula,
1144 1339 1219 1397 tunc
1238 1353 1276 1394 ca

183 1431 307 1494 infirmo
320 1429 551 1504 administrata,
565 1427 716 1490 Sacerdos
729 1448 801 1490 eum
819 1427 869 1508 [in
883 1426 960 1507 fine]
977 1447 1073 1490 mauu
1088 1423 1277 1499 benedicit,·‘'

182 1522 287 1585 dicens
308 1522 491 1585 Benedictio
511 1521 573 1583 Dei
592 1525 649 1584 etc.

225 1620 272 1677 14.
297 1615 429 1689 Quando
444 1614 587 1695 pluribus
603 1613 738 1675 infirmis
753 1615 786 1675 iu
800 1613 908 1676 eodem
922 1613 1064 1675 cubiculo
1081 1612 1112 1674 S.
1128 1611 1276 1673 Commu-

182 1709 235 1769 nio
254 1708 346 1769 detur
363 1708 469 1769 omnia
488 1707 582 1769 semel
599 1707 750 1768 dicuntur
767 1726 824 1787 pro
842 1705 998 1782 omnibus,
1014 1710 1141 1786 excepto
1158 1704 1277 1785 Accipe

186 1799 345 1863 Vinticnnc
361 1804 419 1862 etc.
436 1800 483 1863 vel
502 1800 621 1881 Corpus
638 1798 771 1862 Domini
785 1803 843 1862 ebo.

226 1896 273 1954 15.
297 1892 487 1967 “Diacouus‚
510 1891 563 1971 qui
587 1891 690 1954 defert
712 1912 735 1953 s.
760 1892 921 1953 Viaticum
944 1890 1089 1965 infirmis,
1112 1891 1278 1954 deficiente

185 1987 368 2065 Presbytero
395 1990 426 2048 et
455 1984 617 2046 Ordinarii
646 1989 849 2047 concurrente
878 1985 1015 2062 licentia,
1044 1987 1147 2067 potest
1173 1986 1278 2047 facere

185 2079 417 2159 adspersioncm
448 2096 545 2156 aquae
578 2075 767 2152 benedictae,
799 2075 902 2139 dicere
933 2077 1131 2149 Miserectnr,
1162 2077 1276 2138 Indut-

184 2171 332 2253 9enticm,
360 2171 483 2249 signare
510 2170 683 2243 infirmum,
710 2169 812 2231 dicere
838 2169 994 2232 Dominus
1022 2170 1179 2233 nobiscnm
1204 2189 1277 2232 curn

186 2265 345 2336 Oratione,
373 2268 404 2326 et
430 2262 610 2326 benedicere
637 2283 709 2324 cum
738 2260 795 2324 SS.
826 2261 1028 2326 Sacramento
1056 2263 1217 2325 infirmum
1246 2267 1278 2326 et

184 2354 421 2420 assistentes.''¹²

229 2454 275 2511 16.
299 2449 421 2512 “Nemo
442 2449 480 2509 ad
502 2447 721 2528 prandendum
742 2453 797 2511 aut
818 2449 921 2511 cibum
943 2450 1008 2512 uilo
1030 2450 1120 2512 modo
1142 2450 1279 2517 accedat,

185 2545 261 2606 dum
276 2543 359 2603 huuc
375 2542 479 2603 cibum
495 2541 688 2618 Angelorum
704 2560 808 2601 secum
824 2545 946 2621 portat;
961 2543 1013 2604 sed
1028 2544 1133 2623 potius
1149 2544 1278 2605 domum

186 2638 293 2698 statim
312 2638 495 2703 revertatur,
511 2638 541 2695 ct
560 2634 593 2694 in
611 2632 811 2695 tabernaculo
829 2634 975 2713 pyxidem
993 2642 1167 2698 reverenter
1185 2637 1279 2699 collo·

186 2734 242 2792 cet.
272 2728 311 2789 In
329 2727 420 2791 corde
438 2726 569 2787 habeant
589 2724 769 2787 Sacerdotes
787 2727 877 2790 rcrba
896 2725 966 2788 illa:
984 2729 1073 2800 Jcsu,
1089 2751 1179 2810 quem
1198 2731 1280 2793 ceta·

188 2826 251 2884 tum
271 2841 355 2882 nitrio
370 2818 487 2900 ospicio
503 2816 609 2880 etc.''¹³

183 2978 211 3025 et.
236 2975 251 3023 7
276 2974 414 3037 Quadrag.
438 2988 487 3038 pro
511 2973 705 3024 comitantibus
761 2973 936 3025 intentionem
951 2976 1045 3025 summi
1062 2977 1204 3028 Pontificis
1217 2979 1282 3029 dum

187 3048 440 3109 SSrumlumine3
464 3048 510 3108 (b)
531 3047 707 3112 Indulgentia
759 3048 807 3098 SS.
841 3049 1044 3102 Sacramentum
1077 3055 1112 3104 ad
1145 3053 1282 3104 infirmum

188 3127 204 3176 5
233 3139 363 3175 annorum
392 3128 420 3174 et
448 3125 463 3174 5
493 3123 631 3187 Quadrag.
659 3138 708 3188 pro
760 3125 826 3175 ferri
848 3127 1032 3191 conspiciuut;
1053 3131 1104 3179 etc.

188 3200 383 3252 comitantibus
411 3199 477 3249 iuuu
506 3199 564 3249 sine
591 3199 708 3253 lumine:
795 3207 819 3240 11
832 3201 864 3252 D.
879 3203 955 3253 2383.

193 3278 236 3339 (c)
262 3275 440 3338 Indulgentia
464 3277 512 3324 100
534 3275 638 3326 dierum
660 3289 709 3339 pro
795 3277 956 3328 unum-1.
974 3282 997 3330 1.

190 3353 232 3413 iis,
259 3352 304 3417 qui
336 3350 401 3401 illud
430 3351 554 3401 comitari
583 3366 635 3401 non
665 3365 709 3400 va·
796 3352 1050 3409 1³c.'ruam.111.

189 3429 275 3480 lentes
302 3426 397 3478 dieunt
423 3425 509 3478 Peter
534 3432 562 3477 et
588 3427 647 3478 Ave
673 3426 708 3477 ad
