2804 4890
425 700 510 757 arr.
536 701 577 758 rr.
617 653 671 759 nu
691 699 794 761 vnto
817 702 983 765 camma.
1187 691 1247 762 583

154 875 191 937 in
211 872 416 936 substratorio
438 873 557 951 altaris,
581 876 614 936 in
636 873 698 938 alio
722 894 791 938 vase
812 876 924 938 debent
946 876 1054 952 lavari,
1076 880 1108 939 et
1130 874 1164 936 in
1186 871 1249 935 alio

157 965 330 1046 corporales
347 965 463 1030 Pallae.
503 965 568 1030 Ubi
585 970 691 1031 autem
707 967 882 1049 corporales
899 967 1000 1049 pallae
1017 969 1100 1033 lotae
1118 965 1249 1042 fuerint,

157 1059 281 1121 nullum
306 1058 393 1122 aliud
420 1060 590 1123 linteamen
615 1059 707 1124 debet
731 1060 839 1137 lavari,
864 1060 991 1143 ipsaque
1015 1061 1143 1124 lotionis
1169 1078 1249 1139 aqua

156 1152 247 1215 debet
267 1152 301 1214 in
321 1152 541 1232 baptisterium
563 1151 679 1234 vergi.''
722 1153 805 1217 Ante
825 1172 919 1216 usum
939 1152 1160 1217 Purifioatoria
1180 1171 1248 1235 pos·

156 1248 231 1307 sunt
249 1245 339 1327 tangi
357 1245 395 1307 ab
414 1246 569 1321 omnibus,
590 1252 660 1326 post
680 1265 772 1308 usum
792 1267 864 1310 vero
884 1246 958 1310 solis
978 1245 1109 1311 Clericis
1127 1246 1161 1309 in
1182 1245 1249 1308 Ma-

155 1336 277 1419 joribus
301 1337 483 1400 constitutis
506 1358 541 1401 ea
566 1343 694 1419 tangere
720 1339 803 1403 lieet.

598 1570 712 1641 ΛΒΤ.
738 1568 803 1641 IV.

530 1718 579 1769 on
600 1719 698 1769 vano
719 1718 873 1770 can1c1s.

197 1845 268 1910 356.
291 1846 406 1910 Velum
430 1847 486 1912 hoe
506 1852 556 1908 est
575 1865 699 1927 pannus
720 1867 737 1908 e
760 1846 857 1908 serico
879 1847 1051 1923 confectus,
1074 1865 1136 1928 quo
1159 1844 1249 1908 Calix

156 1945 187 2003 et
211 1939 330 2001 Pateria
352 1940 389 2000 ab
414 1941 507 2001 initio
531 1939 644 2000 Missae
669 1939 824 2019 usquead
850 1938 1055 2002 Offertorium
1078 1945 1110 2004 et
1132 1940 1247 2001 iterum

156 2038 226 2111 post
258 2031 519 2094 Communionern
551 2034 702 2110 teguntur
734 2030 772 2092 ob
804 2033 1009 2094 reverentiam
1039 2033 1135 2094 saeris
1167 2033 1247 2092 rasis

155 2124 302 2187 debitam.
353 2123 468 2185 Itomae
497 2122 604 2183 nullus
632 2123 769 2204 praecise
795 2127 925 2185 ornatus
956 2124 1144 2205 apponitur3
1172 2123 1247 2186 alibi

156 2237 245 2296 saepe
263 2236 359 2297 parva
379 2235 454 2278 crux
478 2218 510 2276 in
531 2217 680 2277 anteriori
701 2219 790 2296 parte
810 2216 894 2295 affigi
915 2217 1001 2279 solet.

199 2313 226 2371 2.
250 2308 365 2370 Velum
394 2308 484 2370 dubet
510 2328 574 2370 osse
600 2306 741 2386 ejusdem
769 2308 918 2370 materiae
943 2314 976 2372 et
1001 2309 1112 2371 coloris
1139 2330 1173 2371 ao
1201 2309 1247 2369 in-

156 2402 306 2464 dumenta
340 2401 403 2463 alia
435 2400 637 2464 Celebrantis.
694 2399 880 2463 Curandum
913 2404 970 2477 eat,
1006 2422 1044 2464 ne
1076 2402 1117 2464 sit
1153 2401 1249 2462 nimis

157 2495 284 2556 firmum
305 2494 353 2555 tel
376 2493 523 2573 rigidum.
567 2493 787 2555 Decorationes
809 2493 892 2556 sicut
912 2493 1026 2574 tringii
1047 2495 1080 2555 in
1103 2494 1248 2556 extremi·

155 2586 274 2649 tatibus
301 2585 412 2649 melius
440 2586 642 2649 omittuntur.

197 2682 225 2740 3.
249 2679 436 2758 Antiquitus
462 2683 494 2741 et
520 2679 615 2740 etiam
642 2684 708 2742 toto
733 2678 835 2740 medio
862 2700 936 2744 aevo
962 2677 1063 2741 velum
1090 2698 1154 2742 non
1180 2683 1247 2741 erat

156 2773 189 2834 in
206 2792 274 2834 usu.
314 2771 403 2834 Calix
421 2778 451 2834 et
471 2771 589 2833 Patona
606 2777 661 2834 aut
678 2771 763 2833 nuda
782 2777 837 2833 aut
854 2772 976 2833 saeculo
994 2792 1088 2853 parvo
1108 2771 1247 2834 insoluta

154 2865 194 2928 ad
212 2864 312 2927 altare
327 2863 481 2943 asportari
499 2863 639 2925 solebant
654 2864 752 2926 sivea
772 2863 938 2927 Sacerdote
955 2865 1022 2945 ipso
1037 2864 1101 2926 sive
1116 2863 1154 2926 ab
1170 2863 1248 2926 Aeo

154 2957 242 3037 lptbo
265 2957 311 3020 vel
336 2956 483 3019 Sacrista.
531 2955 593 3017 llic
618 2953 728 3017 modus
753 2956 877 3020 videtur
901 2955 1108 3037 praevaluisse
1132 2957 1248 3020 Romae

155 3050 255 3112 adhuc
283 3050 404 3112 saeculo
433 3049 504 3110 XV.
536 3048 624 3110 Nora
651 3051 755 3111 autern
785 3048 882 3111 editio
911 3050 1047 3111 blissalis
1073 3072 1091 3114 a
1120 3051 1178 3113 Pio
1207 3051 1245 3112 V.

156 3142 249 3217 faeta,
266 3162 343 3223 quae
361 3146 465 3222 postea
482 3161 536 3221 per
555 3146 656 3203 totum
676 3141 790 3203 Orbem
809 3141 1007 3204 Catlrolioum
1027 3143 1134 3205 latini
1154 3143 1247 3205 Ritus

154 3234 338 3313 obligatoria
368 3234 476 3307 evasit,
504 3234 597 3296 etiam
630 3232 732 3295 velunr
764 3232 879 3295 Calicis
908 3240 1081 3298 enumerat.
1132 3234 1180 3296 Ex
1210 3255 1246 3299 eo

155 3327 254 3409 igitur
278 3330 416 3406 tempore
440 3325 543 3389 velum
568 3325 777 3388 communiter
801 3325 990 3388 adlribetur.¹

185 3465 283 3516 ¹(lanz
302 3464 446 3530 ploetzlioh
468 3462 522 3512 und
543 3461 585 3512 als
604 3461 671 3511 vosl·
720 3460 792 3511 niale
804 3474 855 3511 von
871 3460 983 3525 Baysux
998 3462 1090 3524 belot,
1104 3460 1155 3511 mit
1168 3461 1244 3513 einer

151 3541 192 3605 lig
219 3556 287 3592 neus
315 3539 503 3605 Ersebeinung
531 3538 594 3587 tritt
624 3537 673 3588 das
719 3536 781 3588 fuer
814 3538 905 3589 diesen
941 3538 1033 3589 Zweok
1066 3537 1239 3590 bestimmten

153 3617 328 3667 Kelohvelum
355 3615 390 3665 im
419 3616 458 3666 16.
483 3613 673 3665 Jahrhundert
723 3609 835 3662 Sindon.
901 3611 951 3664 Boi
1000 3612 1048 3664 der
1100 3611 1245 3677 Optarung

151 3692 317 3755 keineswegs
337 3691 390 3743 aut
412 3691 463 3742 den
486 3691 564 3742 Plan.
595 3689 672 3739 Beim
719 3689 832 3739 braobte
861 3688 933 3740 darm
962 3689 1006 3740 ein
1035 3690 1164 3751 Akoluth,
1194 3691 1241 3741 der

152 3767 288 3818 Hoebamt
310 3768 413 3818 kanuto
434 3781 496 3817 man
520 3765 601 3816 sebon
623 3780 672 3815 we·
719 3764 877 3815 Subdialron
910 3765 975 3817 oder
1006 3765 1122 3828 Diakon,
1154 3764 1242 3817 Keleb

152 3845 276 3908 nigstens
301 3844 354 3895 seit
380 3844 440 3894 dem
469 3842 509 3897 13.
536 3841 672 3893 Jahrbun-
720 3839 775 3890 und
796 3841 901 3891 Patsne
920 3841 971 3891 mit
991 3841 1051 3893 dem
1071 3842 1111 3892 sie
1130 3841 1241 3893 bedeok·

152 3922 212 3972 «lert
233 3920 294 3971 eine
317 3919 368 3970 Art
391 3935 442 3970 von
465 3918 671 3970 Kelebverhuel-
717 3915 805 3968 enden
823 3915 919 3967 Votum
937 3931 988 3967 von
1007 3917 1067 3968 dem
1085 3917 1240 3983 bisberigen

151 3997 225 4059 long.
267 3995 354 4047 Wenn
377 3994 510 4046 naemlioh
534 3994 582 4045 der
603 3993 673 4045 Sub·
724 3990 858 4043 Standort
889 4006 948 4044 zum
981 3991 1086 4055 Altars,
1117 4009 1158 4044 wo
1190 3995 1240 4045 das

151 4073 250 4123 diatron
286 4073 357 4123 nach
393 4072 441 4123 der
478 4069 583 4137 Epistol
621 4070 672 4121 den
720 4066 816 4120 Velum
841 4068 967 4120 entfernt
990 4070 1090 4133 wurde,
1115 4086 1159 4119 run
1184 4074 1241 4124 snt·

152 4149 239 4200 Keloh
258 4148 313 4199 und
334 4148 378 4199 die
397 4148 501 4198 Patene
522 4160 569 4195 zur
588 4144 671 4212 Opse-
718 4145 807 4197 weder
828 4145 942 4196 beiseite
964 4146 1056 4209 gelent
1078 4146 1143 4197 oder
1165 4160 1241 4211 spae-

151 4239 222 4287 rnug
251 4223 434 4288 horgeriehtet
464 4223 518 4273 und
549 4222 601 4274 auf
629 4221 673 4272 die
719 4225 761 4269 ter
780 4236 838 4270 vom
858 4220 1016 4272 Subdialron
1035 4237 1094 4272 zum
1112 4222 1241 4275 Verhuel·

151 4301 277 4352 Kredenz
308 4301 417 4366 gestellt
448 4301 535 4361 hatte,
567 4312 597 4349 so
628 4298 671 4349 be-
719 4298 762 4346 len
788 4298 835 4347 der
859 4296 962 4347 Paterae
984 4296 1098 4348 benutzt
1122 4313 1154 4347 zu
1177 4313 1241 4350 wer·

151 4377 245 4428 «lenite
269 4392 299 4427 er
323 4376 362 4427 sie
386 4375 431 4426 bis
455 4390 502 4426 zur
527 4372 673 4441 Optemng
720 4373 779 4422 den.
820 4371 1241 4433 (nra11n‚nnb.u.pmman·

150 4452 198 4501 mit
223 4451 299 4503 einer
322 4452 461 4517 mappula,
484 4450 560 4503 einer
583 4450 672 4513 Palla,
719 4448 769 4509 tit,
788 4464 813 4512 p.
832 4447 907 4509 245.)

148 4529 221 4593 oder,
245 4527 296 4579 vie
318 4541 348 4580 ea
372 4528 399 4578 iu
422 4526 509 4579 etnam
533 4526 672 4581 Caeremo
