2804 4890
497 680 583 736 APP.
607 679 649 735 II.
691 681 745 736 DE
768 682 902 737 STOLA.
1189 673 1250 736 559

154 849 185 906 et
209 842 317 906 ambae
342 849 446 924 partes
470 840 679 923 dependentes
702 847 775 907 ante
798 847 906 925 pectus
929 846 962 907 et
986 842 1020 906 in
1044 842 1136 907 dorsu
1159 842 1246 924 quasi

154 936 325 1016 alligentur
345 935 403 997 sub
423 934 549 998 brachio
570 936 689 999 dextro.

196 1031 225 1091 2.
246 1027 362 1092 Variae
386 1033 471 1092 sunt
500 1029 663 1108 opiniones
693 1028 779 1110 apud
810 1029 977 1108 scriptores
1009 1029 1174 1110 liturgicon
1207 1029 1245 1091 do

152 1121 275 1203 origine
308 1121 423 1185 Stolae.
475 1121 654 1201 Antiquam
686 1140 800 1183 nomen
831 1122 929 1202 hujus
960 1122 1054 1185 vestis
1086 1142 1148 1184 non
1176 1128 1246 1184 erat

156 1213 253 1291 Stola,
267 1213 321 1277 sed
335 1214 493 1277 Orarium.
528 1214 676 1276 Orarium
695 1211 873 1294 (derivatur
886 1235 904 1277 a
917 1233 989 1278 voce
1002 1212 1112 1294 “os'')¹
1127 1213 1246 1295 signill-

154 1306 244 1370 cabat
260 1307 456 1388 mappulam²
473 1306 514 1369 ad
530 1305 676 1369 sudorem
692 1328 708 1370 e
726 1307 805 1369 facie
821 1307 1072 1387 abstergendum.
1112 1306 1248 1368 Videtur

154 1399 252 1462 fuisse
277 1418 400 1481 pannus
424 1419 443 1461 a
467 1398 677 1462 saecularibus
705 1397 833 1480 (saltem
859 1398 1080 1480 nobilioribus)
1108 1404 1248 1480 gestatus

153 1491 285 1554 diversis
305 1491 413 1554 usibus
432 1491 611 1572 adaptatus,
634 1512 697 1554 non
720 1491 940 1556 tantummodo
961 1492 1002 1557 ad
1025 1493 1248 1556 removendum
1330 1538 1335 1547 .

154 1584 309 1661 sudorem,
326 1585 378 1648 sed
396 1585 549 1648 etiamad
567 1584 795 1667 protegendum
813 1586 927 1649 taciem
944 1591 976 1649 et
991 1585 1117 1648 collum.
1159 1583 1247 1647 Veri·

154 1677 301 1740 similiter
316 1698 379 1740 non
398 1697 467 1742 raro
484 1680 706 1741 ornamentum
723 1676 910 1758 simpliciter
927 1683 994 1744 erat
1012 1678 1149 1741 vestibus
1166 1697 1247 1741 oom-

154 1769 302 1832 munibus
326 1768 613 1851 superimpositum.

197 1866 225 1924 3.
249 1863 299 1923 Ex
321 1863 381 1927 isto
403 1862 514 1927 Orario
537 1865 633 1927 veteri
657 1861 756 1940 Stola,
777 1863 894 1926 dehoc
916 1864 968 1924 vir
988 1863 1125 1945 amplius
1146 1866 1249 1943 potest

154 1953 304 2029 dubitari,
332 1956 477 2018 excrevit.
528 1954 689 2030 Quomodo
717 1960 823 2019 autem
848 1959 880 2019 et
906 1976 966 2036 quo
995 1961 1134 2036 tempore
1161 1955 1246 2018 istud

156 2046 304 2108 Orarium
320 2047 413 2109 vestis
430 2067 517 2110 sacra
533 2051 564 2110 et
581 2047 729 2126 liturgica
744 2047 887 2123 evaserit,
905 2068 967 2110 non
986 2051 1117 2111 constat.
1156 2047 1248 2110 Atta-

155 2158 226 2201 men
247 2144 451 2202 monnmenta
469 2139 600 2219 antiqua
620 2139 696 2201 satis
714 2139 943 2215 demonstrant,
963 2141 1030 2220 jam
1048 2140 1169 2204 saeculo
1190 2140 1247 2201 VI.

156 2231 292 2293 Clericos
325 2229 404 2292 illud
437 2234 574 2311 portasse
607 2236 768 2311 tamquam
800 2237 948 2294 ornatum
980 2231 1167 2295 distinctum
1199 2232 1247 2293 sui

154 2322 334 2386 ministerii.
383 2322 517 2402 Insuper
543 2343 605 2384 non
632 2322 723 2402 longe
747 2327 853 2403 postea
879 2322 937 2385 soli
962 2324 1161 2388 ecclesiastici
1188 2323 1248 2385 viri

155 2416 189 2478 in
215 2415 379 2479 ordinibus
406 2414 579 2495 majoribus
605 2416 770 2478 constituti
798 2416 854 2478 hac
883 2422 966 2480 veste
993 2437 1025 2480 se
1051 2416 1247 2479 induebant.⁸

155 2509 269 2571 “Unde
287 2508 470 2587 hujusmodi
490 2506 670 2584 Orarium,''
689 2508 793 2588 inquit
812 2509 884 2572 Van
904 2509 959 2571 der
979 2509 1130 2590 Stappen‚
1149 2511 1248 2572 “tam-

155 2621 248 2683 quam
274 2600 397 2681 insigne
423 2600 561 2662 virorum
586 2599 875 2677 ecclesiasticorum,
900 2603 953 2682 qui
979 2602 1013 2665 in
1037 2603 1249 2682 superioribus

155 2693 317 2757 ordinibus
343 2692 555 2756 ministerium
582 2691 806 2772 adimplebant,
833 2694 866 2755 in
893 2695 1040 2774 Liturgia
1067 2693 1248 2756 Christiana

156 2786 255 2849 fuerit
276 2790 484 2866 assumptum,
507 2785 613 2847 forsan
636 2805 673 2848 ex
695 2806 731 2849 eo
755 2786 959 2869 repetendum
981 2792 1039 2863 est,
1060 2787 1142 2867 quod
1165 2787 1248 2867 apud

155 2878 311 2940 Romanos
340 2877 469 2958 quidam
498 2878 567 2954 virI,
598 2878 650 2958 qui
681 2877 821 2959 publicas
851 2879 1031 2942 functiones
1061 2879 1249 2960 insigniores

155 2971 347 3046 exercebant,
369 2991 416 3033 ex.
439 2990 469 3051 g.
492 2969 644 3045 consules,
666 2971 700 3032 in
723 2970 917 3051 quarundem
940 2972 1142 3035 functionum
1163 2993 1249 3036 exer·

155 3063 230 3125 citio
261 3068 421 3144 tamquam
451 3063 615 3144 proprium
644 3063 842 3127 auctoritatis
871 3065 995 3145 insigne
1024 3066 1155 3129 fasciam
1184 3087 1248 3130 non

156 3155 330 3219 absimilem
350 3154 545 3236 gestabant.''

198 3252 227 3311 4.
251 3248 374 3311 Nomen
398 3246 538 3322 “stola”
561 3247 822 3329 quemadmodum
845 3252 952 3330 postea
974 3249 1123 3313 Orarium
1147 3252 1248 3315 vocari

156 3341 283 3416 solebat,
298 3341 386 3421 prius
403 3341 435 3401 in
454 3341 555 3403 Gallia
577 3341 715 3419 (samnio
731 3341 828 3404 VIII.
846 3345 891 3406 vel
910 3341 988 3421 IX.)
1012 3342 1136 3407 videtur
1152 3344 1249 3407 fuisse

157 3433 192 3495 in
211 3452 279 3496 usu.
329 3432 399 3494 Vox
418 3432 583 3513 desumpta
601 3433 665 3495 fnit
683 3453 700 3495 e
719 3431 829 3512 lingna
846 3454 965 3513 graeca.
1008 3433 1097 3498 Stola
1126 3439 1246 3521 (στολή)

156 3526 240 3606 apud
260 3527 392 3589 Graecos
411 3523 596 3604 designabat
613 3527 729 3588 vestem
747 3544 974 3606 quamcunque,
993 3526 1045 3589 sed
1065 3526 1248 3607 praesertim

156 3622 272 3682 vestem
293 3618 486 3700 pretiosam.⁴

190 3735 295 3788 ¹I'aca.
724 3736 771 3789 the
797 3736 933 3800 Orarium‚
959 3752 1034 3788 worn
1060 3737 1098 3802 by
1123 3739 1246 3798 deacons,

187 3812 425 3866 ²Handlrercbief.
724 3812 825 3878 priests
846 3815 901 3865 aud
921 3812 1121 3878 bishops-but
1142 3813 1170 3864 in
1192 3814 1246 3864 dif-

187 3889 269 3941 ³The
310 3887 505 3942 ecclesiastical
547 3887 674 3941 Orarinrn
724 3887 815 3939 ferent
844 3889 1008 3951 ways-bad
1038 3889 1104 3953 only
1131 3904 1149 3940 a
1177 3904 1245 3953 sym·

151 3980 208 4016 was
232 3964 381 4030 originally
405 3978 423 4016 a
447 3963 526 4015 small
550 3964 632 4025 band,
657 3978 675 4016 a
723 3961 823 4015 bolical
840 3965 995 4028 character3
1016 3964 1100 4016 hence
1117 3964 1139 4015 it
1156 3966 1245 4027 began

152 4041 218 4107 long
257 4040 331 4091 linea
371 4039 451 4106 strip,
492 4039 578 4089 which
619 4054 675 4090 was
724 4042 753 4090 to
773 4039 806 4089 be
826 4041 905 4091 made
924 4039 959 4090 ot
977 4041 1101 4105 precisus
1120 4042 1244 4093 material

153 4117 254 4182 loosely
277 4116 430 4182 suspended
455 4114 527 4165 from
551 4116 597 4165 the
621 4113 675 4165 left
723 4115 776 4165 and
793 4118 822 4163 to
838 4115 871 4166 be
887 4114 974 4180 ricbly
988 4118 1117 4168 adorned.
1155 4117 1245 4179 (tillir,

151 4193 293 4253 shoulder3
320 4192 343 4242 it
365 4205 423 4243 was
445 4192 492 4241 tbc
517 4190 675 4240 distinotive
725 4190 799 4252 lloly
815 4189 943 4241 sacrifice
959 4192 992 4241 ot
1010 4193 1091 4249 blesa.
1109 4209 1135 4257 p.
1153 4195 1228 4255 287.)

151 4269 241 4333 badge
259 4268 293 4320 of
310 4270 356 4319 the
374 4269 484 4327 daneon,
503 4268 562 4317 who
579 4267 673 4316 served
757 4266 845 4317 ⁴Man
873 4267 922 4317 hat
950 4269 993 4327 cla,
1021 4284 1061 4319 wo
1090 4270 1140 4320 das
1168 4271 1244 4319 Wort

151 4349 181 4397 at
197 4346 244 4396 the
261 4345 336 4409 Holy
351 4344 446 4406 Table,
464 4344 518 4395 aud
535 4358 591 4394 was
609 4344 673 4392 irsed
725 4342 804 4393 Stola
840 4343 914 4393 nicht
952 4345 996 4396 ‹lie
1031 4345 1248 4405 engliegraeuzte

151 4425 181 4472 to
211 4421 281 4487 wipo
312 4421 358 4472 the
389 4420 482 4471 moutli
514 4420 568 4470 aud
603 4417 673 4468 lace.
724 4418 888 4481 Bedentnng
916 4420 966 4469 wie
1000 4435 1031 4469 mr
1062 4421 1127 4470 Rom
1158 4422 1244 4477 hatte,

151 4497 274 4564 Already
298 4497 327 4549 in
352 4496 399 4551 tbe
423 4496 536 4548 seventh
560 4498 674 4559 century
722 4494 789 4545 eben
812 4495 872 4547 «lem
894 4495 1050 4561 Parameut,
1070 4496 1183 4549 welches
1203 4498 1245 4549 als
