2804 4890
179 696 240 761 204
473 710 527 766 DE
550 711 800 768 Dnanorissus
824 713 982 770 Missas.

185 880 321 960 integras
340 881 469 957 hostias,
489 881 633 945 “relictas
651 890 854 959 consecratas,
873 906 924 946 eas
943 889 1057 959 sumat,
1076 884 1141 947 sive
1159 904 1275 966 parvae

185 975 250 1035 sint
271 975 335 1037 sive
357 995 498 1055 magnae,
522 975 594 1055 quia
616 977 655 1038 ad
678 976 761 1038 idem
786 977 983 1039 Sacrificium
1005 981 1150 1058 spectant
1156 978 1189 1054 ;''
1212 979 1275 1040 imo

183 1073 286 1147 potest
304 1088 354 1130 eas
373 1089 494 1131 sumere
512 1069 663 1149 quamdiu
682 1070 778 1132 saeris
796 1071 931 1132 vestibus
949 1076 997 1134 est
1015 1071 1157 1147 indutus,
1176 1072 1274 1134 etiam

183 1167 348 1242 postquam
368 1162 405 1223 ab
425 1162 529 1226 Alteri
550 1164 691 1226 discessit
701 1167 722 1239 ;1
743 1169 775 1226 at
795 1169 907 1226 erutus
927 1166 1023 1226 sacris
1043 1165 1181 1228 vestibus
1202 1164 1272 1227 illas

183 1275 304 1319 sumere
324 1276 388 1318 non
408 1261 520 1336 potest,
541 1261 667 1338 excepto
687 1279 760 1320 easu
780 1278 840 1338 quo
860 1258 930 1319 illas
951 1259 1096 1321 decenter
1115 1278 1272 1321 asseram

182 1369 246 1410 non
260 1353 372 1430 posset.

226 1448 254 1505 4.
279 1444 335 1505 “Si
353 1465 424 1507 vero
442 1446 551 1507 relicta
567 1447 609 1508 sit
626 1447 727 1508 hostia
744 1448 868 1526 integra
884 1451 1072 1521 consecrata,
1089 1466 1159 1508 earn
1175 1447 1211 1508 in
1229 1453 1274 1509 ta·

184 1538 350 1601 bernaculo
378 1560 450 1601 cum
476 1540 547 1601 aliis
574 1548 706 1619 reponat
714 1562 721 1614 ;
750 1542 775 1601 si
803 1542 859 1602 hoc
887 1542 955 1602 fieri
983 1542 1102 1621 nequit,
1130 1542 1274 1621 sequenti

185 1631 344 1694 Sacerdoti
360 1633 404 1694 ibi
419 1634 611 1696 celebraturo
626 1634 809 1695 sumendam
826 1636 999 1714 relinquat:
1015 1635 1063 1698 vel
1079 1635 1105 1697 si
1121 1641 1273 1698 neutrum

183 1726 294 1786 horum
308 1725 376 1787 fieri
389 1727 497 1806 possit,
510 1729 544 1788 in
558 1728 626 1806 ipso
638 1728 732 1788 calice
748 1728 793 1788 vel
808 1732 921 1807 patena
934 1728 1079 1790 decenter
1092 1734 1271 1792 conservet:

181 1819 262 1899 quod
282 1820 307 1880 si
326 1840 389 1881 non
408 1819 518 1882 lrabeat
535 1820 688 1900 quomodo
707 1821 834 1882 honeste
852 1825 1061 1898 conservetur,
1080 1827 1184 1903 potest
1202 1842 1272 1887 eam

183 1915 315 1994 ipsemet
335 1911 487 1977 sumere.''

617 2260 731 2330 Anu.
757 2261 829 2330 ΙΙΙ.

180 2460 230 2512 DE
256 2459 490 2509 DEFECTIBUS
517 2459 560 2508 IN
586 2460 813 2509 MINISTERIO
840 2460 924 2509 IPSO
951 2459 1272 2512 OCCURREN'PIBUS.

224 2644 291 2706 113.
337 2644 393 2704 “Si
425 2643 590 2705 Sacerdote
619 2644 792 2705 celebrante
821 2643 955 2704 violetur
984 2642 1153 2715 Ecclesia‚'’
1182 2665 1209 2705 e.
1238 2664 1269 2723 g.

181 2738 358 2809 homicidio,
374 2739 461 2815 gravi
481 2736 694 2798 vulneratione
711 2737 843 2810 notoria,
861 2757 921 2796 nou
939 2757 1010 2798 vero
1026 2735 1157 2805 occulta,
1174 2738 1270 2799 “ante

182 2832 338 2892 (tenorem
358 2832 534 2892 dimittitur
555 2829 680 2895 llissa,'’
700 2830 724 2889 si
745 2830 857 2908 absque
875 2830 960 2905 graui
983 2830 1180 2892 incorrrmodo
1200 2830 1270 2891 fieri

180 2926 297 3005 possit,¹
321 2925 366 2985 vel
386 2924 411 2984 si
431 2925 538 2985 statim
558 2922 751 2985 reconciliari
773 2928 920 3002 nequeat:
942 2923 988 2983 “si
1008 2928 1076 3002 post
1097 2923 1269 3000 Canonem,

179 3040 241 3079 mm
257 3020 448 3081 dimittatur.
495 3018 529 3079 Si
544 3019 693 3079 timeatur
709 3018 852 3077 incursus
865 3016 1014 3090 hostium,
1029 3017 1076 3077 vel
1090 3015 1269 3092 alluvionis,

181 3112 223 3173 rel
246 3115 338 3174 ruina
357 3113 415 3173 loci
435 3112 489 3173 ubi
508 3111 690 3185 celebratur,
711 3115 783 3171 ante
802 3111 1065 3172 consecrationem
1083 3109 1268 3173 dimittatur

177 3201 303 3267 Missa.''
325 3204 377 3263 sed
391 3201 528 3282 periculo
540 3221 611 3262 mox
625 3207 762 3261 cessante
783 3200 930 3276 crrrnpleri
951 3205 1070 3279 potest;
1090 3203 1181 3279 “post
1199 3221 1271 3262 con-

176 3285 378 3344 secrationem
416 3303 485 3343 uero
523 3283 670 3342 Sacerdos
706 3282 873 3341 accelerare
909 3285 1024 3359 poterit
1059 3287 1270 3362 srrrnptionem

179 3375 383 3450 Sacrameuti,
408 3373 530 3436 omissis
554 3371 698 3432 omuilms
722 3369 823 3444 aliis,''
848 3370 894 3431 vel
918 3372 1024 3446 etium,
1049 3371 1073 3432 si
1098 3371 1175 3433 alias
1198 3371 1266 3433 fieri

177 3476 319 3549 nequeat.
338 3490 440 3531 sacras
458 3465 573 3547 species
593 3485 693 3525 secum
715 3465 797 3525 ferre
816 3468 847 3526 et
866 3485 986 3525 saluere
1005 3465 1037 3525 in
1058 3465 1124 3526 loco
1142 3466 1265 3528 tutiori.

217 3569 244 3626 2.
279 3564 336 3625 “Si
362 3562 511 3626 Sacerdos
536 3566 607 3623 aule
631 3560 893 3623 consecrationem
918 3563 1056 3637 graviter
1080 3561 1270 3629 infirmetur.

177 3658 221 3718 rel
259 3658 289 3716 iu
325 3675 480 3735 spurcopen
515 3653 673 3723 inciderit,
709 3656 762 3713 aut
801 3654 963 3722 moriatur,
1000 3654 1265 3732 praetermittitur

175 3753 208 3813 M
213 3750 303 3826 issa‚''
319 3753 394 3832 quin
413 3751 494 3813 alius
511 3749 671 3828 suppleat:
689 3748 735 3808 “si
754 3752 824 3828 post
840 3749 1104 3811 consecrationem
1121 3748 1269 3829 Corporis

177 3850 311 3921 tantum,
336 3848 408 3906 ante
434 3841 695 3903 consecrationem
725 3839 906 3912 Sanguinis,
933 3839 976 3899 rel
1004 3845 1135 3920 utroque
1160 3860 1262 3902 conse-

176 3940 281 4001 crato’'
309 3942 382 4001 ante
409 3936 620 4016 sumptionem
651 3934 822 4006 Summus
850 3933 902 3994 “id
931 3933 1056 4009 accidit,
1084 3933 1181 3996 Missa
1209 3954 1264 4013 per

173 4035 272 4097 alium
295 4033 493 4096 Sacerdotem
514 4030 676 4111 expleatur
696 4030 734 4092 ab
755 4051 790 4093 eo
808 4028 885 4105 loco,
906 4029 959 4092 ubi
982 4028 1036 4093 ille
1056 4029 1161 4106 desiit,
1181 4033 1213 4094 et
1233 4029 1268 4091 in

174 4147 244 4188 casu
273 4124 465 4187 necessitatis
494 4121 590 4186 etiam
617 4141 672 4200 per
699 4141 760 4180 non
790 4121 946 4196 jejunum.
1004 4121 1037 4181 Si
1067 4124 1169 4182 autem
1200 4140 1261 4181 non

173 4219 295 4294 obierit,
318 4217 369 4280 sed
392 4217 490 4279 luerit
512 4215 667 4288 infirmus,
690 4213 764 4274 adeo
787 4220 891 4274 tanuen
915 4218 949 4274 ut
972 4213 1069 4292 possit
1090 4212 1263 4274 communi-

206 4419 217 4454 ¹
238 4412 338 4463 Bened.
356 4410 433 4462 XIV.
450 4411 491 4462 De
507 4408 581 4460 Sacr.
597 4409 635 4458 M.
652 4407 692 4459 Π.
783 4413 790 4442 ¹
813 4405 839 4455 S.
862 4405 992 4469 Alphons.

174 4491 230 4542 148.
