2804 4890
178 679 239 740 450
385 688 439 743 DE
462 688 728 745 SAORAMENTO
752 690 1061 745 POENITENTIAE.

178 851 254 928 bati,
272 853 478 915 “auctoritate
498 852 582 914 Sami
598 851 662 914 Dni
690 873 722 916 n.
742 853 793 914 Pii
810 854 862 930 X„
878 853 1020 918 omnium
1039 852 1203 915 Sodalium
1220 872 1272 914 cu-

177 945 362 1025 juscumque
377 945 517 1021 Ordinis,
531 946 791 1025 Congregationis
803 952 860 1008 aut
872 946 1020 1008 instituti
1034 945 1274 1008 sacramentales

179 1038 387 1101 confessiones
401 1039 552 1120 excipere,
570 1039 646 1118 quin
663 1039 701 1101 de
716 1039 845 1100 licentia
860 1059 879 1100 a
897 1039 1064 1119 Superiore
1082 1038 1208 1100 obtenta
1225 1038 1273 1098 in·

179 1131 301 1212 quirere
314 1131 361 1194 vel
372 1136 477 1212 petere
491 1136 669 1207 teneantur,
681 1134 774 1211 atque
787 1130 888 1193 valide
900 1138 932 1194 et
946 1130 1032 1194 licite
1045 1130 1273 1192 absolutionem

179 1245 197 1285 a
212 1225 346 1305 peccatis
361 1225 394 1286 in
411 1223 530 1287 Ordine
544 1224 590 1286 vel
607 1224 760 1287 instituto
773 1223 869 1287 etiam
883 1225 940 1286 sub
953 1243 1083 1286 censura
1100 1224 1273 1298 reservatis,

180 1317 341 1397 impertire
356 1315 504 1397 'queant''
544 1317 613 1379 Hoc
632 1317 800 1378 Decretum
818 1317 1056 1398 comprehendit
1073 1317 1168 1380 etiam
1186 1317 1272 1378 novi·

179 1409 240 1472 tios
257 1415 288 1472 et
305 1410 401 1472 etiam
420 1409 639 1485 confessiones,
656 1429 732 1489 quas
754 1408 901 1488 Religiosi
924 1411 1004 1473 ritus
1023 1410 1128 1470 Latini
1150 1410 1273 1470 faciunt

179 1502 264 1582 apud
284 1503 498 1565 Confessarios
517 1502 598 1564 ritus
617 1500 788 1563 Orientalis
806 1507 838 1565 et
859 1502 1033 1563 vicissim.¹³

223 1598 250 1657 ‘l.
274 1595 449 1657 “Monialcs
468 1614 574 1656 omnes
615 1643 621 1657 .
664 1642 670 1656 .
712 1642 718 1656 .
760 1614 832 1656 cum
850 1594 988 1674 graviter
1006 1599 1180 1673 aegrotant,
1200 1595 1273 1656 licet

180 1686 292 1751 mortis
307 1687 481 1768 periculum
498 1687 588 1763 absit,
604 1686 774 1767 quemlibet
790 1687 989 1750 Sacerdotem
1007 1689 1044 1749 ad
1064 1688 1273 1750 confessiones

179 1779 377 1861 excipiendas
397 1779 605 1859 adprobatum
627 1797 778 1842 arcessere
799 1785 941 1860 possunt,
962 1780 1061 1860 eique,
1083 1780 1273 1861 perdurante

180 1872 270 1953 gravi
301 1872 498 1947 infirmitate,
529 1872 651 1952 quoties
682 1871 849 1948 voluerint,
881 1870 1084 1936 confiteri.''¹⁴

222 1968 251 2026 8.
276 1964 491 2026 Saecularium
506 1964 715 2027 confessiones
729 1963 826 2028 etiam
841 1966 874 2026 in
889 1964 992 2027 aliena
1007 1965 1149 2047 paroecia
1164 1964 1274 2028 audire

181 2060 284 2138 potest
307 2055 438 2138 quilibet
464 2057 682 2120 Confessarius
706 2057 905 2138 approbatus,
930 2057 1109 2138 relinquens
1134 2059 1273 2120 testimo-

180 2151 271 2212 nium
300 2149 453 2230 scriptum
483 2170 540 2231 pro
570 2149 699 2212 Pastore
727 2150 889 2213 Viaticum
918 2156 949 2215 et
979 2149 1160 2213 Extremam
1188 2151 1272 2212 Une-

181 2242 300 2306 tionem
331 2240 600 2305 administratura.
656 2241 836 2323 Aliquando
872 2241 1053 2305 Sacerdotes
1087 2243 1182 2304 vicini
1216 2244 1273 2305 boc

181 2336 297 2416 spiritu
317 2334 439 2397 liberali
459 2335 545 2396 ducti
567 2334 625 2396 sibi
648 2335 780 2396 invicem
803 2335 928 2414 plenam
950 2336 1109 2397 licentiam
1132 2336 1273 2397 commit-

181 2432 256 2491 tunt
289 2426 533 2489 administrandi
572 2427 705 2487 infirmis
740 2427 930 2506 quibuslibet
964 2428 1141 2507 petentibus
1177 2429 1274 2490 etiam

182 2520 343 2582 Viaticum
368 2524 399 2582 et
423 2520 603 2581 Extremam
630 2519 829 2581 Unctionem.

224 2616 252 2675 9.
275 2611 446 2675 “Sacerdos
467 2612 505 2673 ad
529 2610 717 2673 audiendam
740 2610 967 2673 confessionem
990 2618 1126 2688 vocatus,
1149 2634 1273 2693 prorup-

181 2709 250 2768 tum
267 2704 453 2783 facilemque
469 2724 501 2765 se
516 2702 718 2783 praebeal.''¹¹⁵
757 2703 1006 2765 “Gravissimum
1023 2706 1138 2785 quippe
1155 2707 1274 2766 crimen

182 2797 274 2870 foret,
290 2797 315 2858 si
333 2795 466 2876 pastoris
482 2795 673 2873 negligentia
690 2800 745 2857 aut
762 2794 882 2857 ‹lesidia
896 2797 940 2857 vel
960 2817 1041 2857 unus
1058 2821 1074 2859 c
1090 2818 1182 2877 grege
1201 2798 1274 2859 fide·

182 2889 260 2952 lium
282 2888 339 2949 hoc
364 2889 565 2949 Sacramenta
588 2885 848 2948 fraudaretur.”¹⁶
894 2889 990 2950 Plura
1013 2890 1050 2950 de
1073 2889 1273 2951 administra·

182 2983 267 3046 tione
287 2980 482 3043 Sacramenti
503 2980 718 3042 Poenitcntiae
736 2979 797 3040 vid.
820 2981 851 3041 in
873 2980 907 3042 C.
929 2980 1016 3042 Plen.
1038 2981 1118 3042 Ball.
1141 2981 1213 3043 ΠΝ

218 3141 243 3175 ¹³
257 3134 284 3184 S.
304 3133 402 3198 congr.
425 3134 457 3183 de
476 3131 562 3196 Relig.
586 3132 610 3182 5.
632 3131 703 3194 Aug.
790 3131 881 3180 uait.
904 3131 980 3182 Rom.

184 3212 250 3263 1913
272 3213 300 3264 at
320 3209 345 3260 3.
366 3208 434 3259 Maii
459 3208 533 3258 1914.
786 3207 850 3257 1⁰0.
870 3207 946 3259 Plen.
965 3209 1039 3260 Bait.
1057 3209 1097 3261 11.
1115 3224 1159 3262 no.
1177 3210 1238 3263 291.

218 3293 244 3327 ¹⁴
254 3286 281 3337 S.
296 3285 325 3337 0.
339 3286 372 3337 de
386 3284 473 3350 Relig.
488 3284 512 3334 3.
527 3283 593 3334 reb.
608 3282 684 3333 1913.
788 3288 813 3321 ¹⁷
825 3282 876 3332 No.
899 3284 1021 3334 aro-296.
