2804 4890
244 712 298 768 DE
321 713 511 770 BENEDIC.
537 715 621 770 CUM
643 716 696 770 SS.
722 715 990 772 SACRAMENTO
1013 716 1162 772 Daune.
1190 707 1251 770 345

164 870 310 933 candelae
326 890 362 931 ex
378 890 448 934 cera
463 871 616 933 candide''
634 876 800 935 accensae²
845 874 990 938 'l'ebellee
1009 876 1205 939 secretarum
1221 879 1251 937 et

163 965 350 1027 Sanctorum
365 965 526 1045 Reliquiae
540 967 578 1028 eb
592 965 697 1029 Alteri
713 968 915 1034 removendae
930 971 1027 1032 sunt.a
1065 968 1152 1032 Crux
1164 969 1253 1033 Alte·

165 1060 208 1118 ris
239 1057 283 1118 vel
314 1064 476 1119 amovetur
506 1057 553 1119 vel
584 1061 754 1138 apponitur
785 1061 876 1139 juxte
904 1062 1174 1124 cousuetudinem·
1194 1062 1251 1124 Ec-

164 1150 297 1213 clesiec.⁴
353 1150 520 1230 Corporale
547 1152 621 1212 huic
647 1157 773 1215 tantum
800 1155 871 1215 usui
899 1154 1101 1217 destinatum.
1157 1155 1252 1217 Pare·

163 1249 270 1307 menta
295 1243 480 1306 Officiatoris
505 1250 536 1308 et
560 1265 583 1306 s.
610 1245 831 1308 Ministrorum
857 1247 919 1308 albi
944 1246 1064 1309 coloris.
1120 1248 1155 1310 Si
1180 1268 1251 1310 vero

164 1338 346 1402 Benedictio
360 1339 408 1400 vel
421 1339 575 1418 processio
589 1338 647 1400 SS.
664 1339 858 1403 Sacramenti
873 1341 1054 1404 immediate
1067 1362 1139 1403 curn
1155 1341 1250 1402 Missa

164 1430 210 1495 vel
226 1431 334 1494 Officio
346 1433 569 1512 coniungetur,
584 1433 629 1493 ite
641 1438 677 1494 ut
692 1432 857 1495 Celebrans
871 1434 908 1496 eb
921 1433 1025 1496 Alteri
1040 1455 1103 1496 non
1118 1435 1251 1507 recedat,

163 1528 193 1587 et
210 1525 392 1587 Benedictio
409 1545 473 1587 non
489 1525 641 1588 habeatur
657 1531 806 1605 tanquam
825 1527 947 1590 iunctio
965 1528 1093 1591 omnino
1109 1532 1251 1608 separata

164 1623 196 1679 et
208 1619 368 1694 distincte,
382 1619 537 1680 retinetur
550 1619 633 1680 idem
647 1618 740 1695 color,
754 1619 845 1681 modo
858 1621 948 1700 niger
959 1640 1022 1684 non
1035 1622 1101 1682 sit!⁵
1137 1619 1251 1683 Velum

164 1732 286 1792 semper
303 1713 408 1774 album
428 1732 492 1774 esse
509 1712 608 1775 debet.

207 1806 283 1868 Post
302 1806 431 1869 Missam
451 1806 620 1886 deponitur
638 1805 820 1886 manipulus
839 1812 869 1869 et
888 1807 993 1869 casula
1017 1808 1253 1887 (convenienter

163 1899 202 1960 ad
217 1899 412 1979 scamnum),
428 1904 459 1963 et
474 1899 646 1962 assumitur
660 1899 796 1981 pluviale
813 1901 923 1963 coloris
939 1900 1063 1964 Missae.

259 2118 296 2179 A.
323 2117 419 2180 Ritus
433 2117 668 2180 Benedictionis
684 2117 806 2181 dudae
821 2117 938 2196 absque
952 2119 1152 2182 Assisterrtia.

207 2268 277 2332 218.
303 2270 452 2333 Sacerdos
482 2270 675 2350 (Officietor)
705 2271 837 2333 indutus
861 2271 1093 2352 superpelliceo,
1117 2274 1196 2336 stole
1221 2277 1253 2335 et

163 2363 306 2444 pluviali⁶
337 2364 456 2425 accedit
486 2364 524 2427 ed
555 2364 674 2436 Altere,
704 2363 796 2424 modo
826 2373 982 2436 consueto,
1014 2365 1251 2445 procedentibus

161 2459 376 2534 thuriferario,
398 2457 519 2520 duobus
540 2456 692 2536 acolythis
713 2457 844 2537 aliisque
866 2458 1064 2538 portantibus
1085 2459 1253 2535 intortitia,

163 2552 190 2611 si
208 2551 322 2612 adsint.
368 2550 478 2630 Capite
497 2551 618 2612 detecto
637 2549 735 2611 flectit
754 2551 883 2610 unicum
902 2570 985 2628 genn
1004 2551 1036 2610 in
1056 2551 1159 2630 plano,
1179 2550 1251 2612 dein

165 2649 333 2724 utrumque
361 2664 443 2723 genu
473 2644 506 2703 in
534 2643 642 2704 infimo
669 2642 779 2722 gradu.
824 2642 901 2704 Post
928 2643 1050 2704 brevem
1079 2644 1251 2706 orationem

164 2738 304 2800 escendit
329 2737 368 2799 ed
393 2737 512 2812 Altero,
537 2737 674 2798 extrahit
698 2736 866 2816 corporale,
891 2736 981 2816 ponit
1007 2736 1132 2798 bursam
1155 2757 1251 2818 prope

164 2831 348 2893 candelabre
367 2834 399 2892 iu
418 2831 514 2892 latere
533 2830 708 2910 Evangelii,
726 2828 861 2910 explicat
880 2829 1048 2909 corporale,
1067 2835 1098 2894 et
1116 2835 1251 2894 ostenso-

165 2927 248 2986 rium
267 2925 394 3005 dempto
412 2926 478 2986 velo
496 2944 641 3004 supereo
660 2923 773 3004 ponit!

206 3019 318 3098 Aperit
342 3017 576 3080 tabernaculum
601 3023 632 3079 et
654 3015 838 3096 genuflectit
860 3017 953 3078 unico
976 3019 1091 3097 genu;⁸
1114 3019 1252 3081 extrahit

163 3113 321 3190 capsulam
351 3132 403 3171 scu
435 3111 581 3187 pyxidem
614 3111 646 3169 in
677 3130 736 3187 qua
767 3131 789 3170 s,
823 3110 923 3172 hostia
953 3117 1104 3184 servetur,
1133 3112 1251 3173 claudit

164 3206 311 3268 ostiolum
331 3205 534 3276 tabernaculi,
554 3209 584 3266 et
604 3203 745 3263 lunulam
765 3223 834 3263 cunr
855 3224 878 3263 s.
898 3203 1000 3265 hostia
1019 3205 1052 3265 in
1072 3203 1251 3266 Ostensorio

165 3299 304 3373 collocat,
320 3318 430 3360 cavens
446 3318 484 3358 ne
501 3297 611 3376 digitis
627 3317 650 3357 s.
668 3296 802 3357 hostiam
818 3301 945 3374 tangat3
962 3295 1038 3358 elias
1054 3296 1155 3358 abluit
1172 3298 1250 3360 illos.

199 3452 307 3503 ²Decr,
339 3452 432 3502 quoe.
464 3451 514 3502 XI.
546 3453 579 3500 20
610 3449 680 3514 Maj.
735 3450 834 3499 merale
853 3449 957 3499 induat.
983 3449 1029 3512 (D.
1049 3451 1073 3500 7.
1092 3450 1155 3501 Dec.
1176 3453 1251 3515 1888,

166 3531 239 3580 1682.
735 3542 759 3575 u.
780 3527 856 3576 3697.
879 3527 933 3587 12.)

199 3607 262 3658 ³1).
282 3608 358 3658 3130.
377 3608 401 3658 3.
770 3609 780 3641 ⁷
801 3603 987 3653 Ostensorium
1013 3605 1144 3669 cooperiri
1172 3607 1251 3657 debet

198 3686 262 3735 ⁴1).
284 3687 360 3735 2365.
385 3687 407 3736 1.
734 3682 792 3731 velo
812 3681 883 3743 elbo,
904 3682 1012 3744 quando
1032 3686 1090 3732 stet
1111 3682 1137 3730 in
1159 3682 1250 3734 Alteri

199 3764 262 3814 ⁵1).
290 3764 382 3825 2562.;
412 3763 488 3813 3175.
516 3761 555 3825 3,;
583 3765 612 3812 et
638 3760 681 3811 27.
736 3763 799 3809 ante
830 3763 857 3809 et
890 3763 951 3823 post
982 3759 1177 3823 expositionem
1210 3759 1250 3810 Ss.

163 3842 232 3903 ilai.
253 3843 328 3903 1911,
346 3857 371 3890 n.
390 3842 466 3890 4268.
486 3841 509 3890 8.
735 3836 912 3887 Sacramenti.
954 3836 987 3887 D.
1011 3836 1053 3887 27.
1078 3836 1148 3901 Maj.
1175 3837 1250 3901 1911,

197 3918 250 3968 ⁸Si
276 3923 376 3981 agatur
402 3919 434 3968 de
458 3917 627 3982 expositione
652 3919 680 3965 et
734 3930 760 3963 11.
780 3914 856 3964 4268.
876 3915 900 3964 7.

163 3998 326 4062 repositione
355 3996 396 4045 Sa.
426 3992 594 4044 Sacramenti
623 3992 680 4041 sui·
769 3992 979 4055 ⁸Consuetudo‚
1003 3992 1050 4042 nbi
1074 3993 1175 4056 vigeat,
1198 4007 1251 4043 ser·

163 4075 220 4125 licit
244 4080 273 4125 ut
301 4073 432 4125 Sacerdos
456 4078 531 4122 cotta
556 4076 583 4121 et
609 4070 681 4120 stola
734 4070 792 4119 vari
817 4070 905 4132 debet,
929 4074 958 4119 ut
982 4069 1024 4119 illi
1047 4070 1091 4134 qui
1116 4069 1251 4134 genuflexi

162 4154 198 4202 sit
219 4154 343 4213 indutus;
366 4165 510 4213 numquam
528 4163 588 4198 curn
607 4147 680 4209 elba,
733 4148 842 4209 adeunt,
876 4161 974 4211 corpus
1007 4147 1179 4198 mediocriter
1212 4147 1250 4196 in·

161 4232 270 4293 cingulo
287 4235 314 4280 et
331 4231 402 4278 stola
419 4232 534 4277 tanturn.
570 4224 602 4273 In
620 4239 680 4288 pro·
733 4223 843 4287 clinent,
881 4240 940 4274 curn
979 4225 1117 4289 expositor
1155 4230 1250 4289 aperto

161 4309 328 4358 cessionibus
353 4312 379 4355 et
406 4304 594 4356 benedictione
619 4317 680 4352 cum
733 4302 830 4352 ostiolo
852 4301 1020 4351 tabernaculi
1043 4301 1201 4364 genuflectit
1223 4307 1250 4353 et

163 4388 202 4436 Sa.
221 4388 396 4435 sacramento
415 4383 439 4430 in
459 4381 615 4431 Ostensorio
633 4379 679 4429 im·
735 4380 760 4428 in
775 4378 938 4444 repositione
953 4379 1109 4443 priusquam
1124 4379 1250 4429 ostiolum

163 4464 306 4529 partienda
335 4461 442 4511 omnino
473 4458 620 4522 requiritur
649 4462 679 4506 ut
733 4457 850 4507 claudat.
906 4455 982 4506 Deer.
1019 4457 1102 4506 Auth.
1140 4456 1187 4507 VI.
1224 4473 1249 4508 11.

162 4542 308 4592 Celebrans
332 4538 449 4605 pluviale
472 4544 498 4586 et
524 4537 609 4585 velum
634 4536 679 4584 hu·
732 4535 808 4584 1179.
828 4536 851 4584 2.
