2804 4890
139 672 194 731 DE
209 674 368 732 orriolo
386 674 417 729 S.
434 672 718 728 MINISTRORUM
735 672 786 726 ET
801 670 1135 727 CAEREMONIARII.
1173 661 1231 722 153

337 862 554 906 stamacon'vs.

179 960 205 1015 4.
226 957 365 1014 Ascendit
388 957 425 1013 ad
448 956 597 1013 sinistram
621 953 689 1012 Ci¹.²

180 1033 256 1090 Dicit
276 1053 340 1090 aum
358 1033 395 1089 C⁰
413 1033 577 1089 inclinatus.

182 1111 310 1166 Erectus.

181 1264 206 1320 1.
227 1262 391 1332 Descendit,
406 1281 464 1320 non
479 1262 683 1333 genuflectens.

182 1414 236 1472 Gfi.
256 1413 287 1472 in
307 1414 406 1472 infimo
424 1414 526 1485 gradu.

181 1493 207 1549 2.
227 1491 300 1550 Incl.

184 1947 294 2019 Surgit.

186 2180 211 2233 3.
232 2177 298 2234 Non
318 2176 367 2248 gfl.

183 2407 202 2462 4

185 2449 250 2551 aa,
271 2481 402 2539 aseendit
422 2482 460 2539 ad
483 2481 615 2539 dextram
637 2477 683 2549 Di,
706 2479 753 2536 eui

147 2558 237 2614 tradit
264 2564 410 2630 patenam.
450 2558 590 2615 Detracta
615 2557 679 2614 velo
703 2556 752 2626 gfl.

147 2633 304 2697 deseendit,
321 2653 378 2691 non
396 2634 444 2704 gfl.

872 860 1148 905 CAEREMONIARIUS.

824 955 883 1011 Dat
901 954 1016 1025 signum
1035 973 1057 1011 s.
1076 952 1231 1011 Ministris.

825 1031 934 1088 Locmn
957 1032 1080 1104 praebet
1104 1028 1162 1088 Sd⁰
1189 1049 1233 1087 as

787 1107 929 1165 candenti.

827 1259 945 1318 Transit
977 1259 1014 1317 ad
1048 1260 1170 1332 planum
1203 1260 1233 1316 in

788 1355 879 1394 cornu
897 1335 1056 1408 Epistolae.

828 1412 961 1484 imponit
989 1414 1057 1470 thus
1084 1418 1113 1470 et
1141 1413 1233 1470 flectit

788 1495 912 1560 utroque
930 1507 1021 1560 genu;
1042 1489 1141 1561 pulsat
1158 1508 1234 1547 cam·

789 1565 929 1643 panulum
967 1566 1005 1623 ad
1043 1566 1219 1624 elevationes
1226 1585 1233 1635 ;

788 1641 856 1698 incl.
887 1648 956 1699 ante
986 1649 1015 1699 et
1046 1648 1113 1715 post
1142 1642 1235 1699 aleva-

789 1717 893 1775 tiones.

828 1945 939 2017 Surgit.
978 1946 1028 2003 Ad
1051 1949 1143 2006 Nobis
1167 1966 1235 2018 quo·

791 2041 846 2094 que
879 2043 910 2095 p.
945 2023 1053 2080 transit
1087 2023 1124 2081 ad
1159 2023 1237 2080 latus

791 2098 904 2168 Evang.
922 2099 971 2169 gfl.
990 2099 1020 2155 in
1038 2100 1142 2156 medio.

829 2176 949 2232 Accedit
966 2176 1003 2232 ad
1021 2176 1149 2232 Missale.

829 2250 981 2308 (insimul
993 2271 1056 2309 cum
1068 2249 1123 2309 D⁰.

829 2327 884 2384 Gfl.
895 2328 981 2384 simul
992 2347 1056 2384 aum
1069 2327 1115 2385 Ct.

830 2404 889 2460 Dat
900 2404 1015 2473 signum
1028 2402 1082 2460 ΒΟ.

830 2481 889 2536 Dat
907 2480 1022 2549 siguum
1041 2498 1064 2537 s.
1083 2479 1233 2536 Ministris.

830 2632 885 2690 Gfl.
903 2652 967 2689 euru
986 2632 1032 2690 (10.

153 4147 266 4198 aceedit.
314 4148 393 4212 Resp.
424 4147 552 4199 Servetur
581 4147 670 4212 eujus·
722 4163 786 4200 aena
812 4148 867 4199 Per
893 4149 992 4213 inuam,
1018 4152 1080 4214 ata,
1106 4145 1246 4199 aucam

150 4238 254 4287 cunque
291 4225 341 4275 loci
378 4225 582 4276 cousuetud0.”
636 4226 670 4277 D.
722 4225 823 4276 retinet
860 4226 996 4277 “duobus
1035 4225 1132 4287 digitis
1170 4225 1242 4274 dext.

151 4302 229 4352 2⁶82.
249 4302 291 4353 30.
722 4318 792 4354 man.
828 4305 922 4369 pedem
958 4302 1095 4364 Calicis,''
1130 4302 1245 4353 sinistra

187 4379 332 4444 ²Quando
357 4380 452 4433 Celebr
485 4397 544 4432 euru
571 4382 672 4432 Hostia
723 4396 781 4445 stip.
797 4388 891 4446 peetus
906 4383 1025 4432 admota.
1059 4380 1136 4432 Caer.
1152 4379 1243 4444 apiae.

150 4470 233 4524 nuper
252 4458 329 4509 calte.
348 4459 430 4523 signa
448 4474 518 4510 arur.
542 4458 611 4509 facit
633 4459 670 4509 di·
724 4459 745 4509 1.
766 4459 791 4520 9,
810 4461 834 4510 5.
