2804 4890
499 712 586 772 APP.
609 713 653 772 11.
692 713 745 771 DE
768 713 883 771 ALBA.
1186 700 1250 767 555

154 874 338 958 plerumque
360 878 494 942 estnon
516 877 629 952 linum,
652 875 706 939 sed
723 875 927 961 gossypium3
948 878 981 937 et
1000 871 1093 938 hodie
1114 868 1249 936 minimo

155 970 256 1050 pretio
274 970 337 1032 emi
353 975 485 1051 possunt
504 974 589 1033 texta
608 969 811 1045 denticulata,
830 987 909 1048 quae
928 967 1000 1030 licto
1019 986 1075 1029 suo
1093 970 1248 1046 apparatu

155 1061 282 1143 quidem
301 1063 448 1140 emicant,
469 1062 523 1125 sed
543 1063 577 1124 in
596 1082 627 1125 se
647 1060 767 1124 nullius
788 1060 902 1124 valoris
922 1063 1007 1137 aunt,
1027 1062 1059 1122 et
1078 1078 1095 1122 e
1115 1056 1249 1120 materia

154 1175 218 1218 non
232 1155 348 1231 debita,
363 1156 461 1218 immo
476 1154 644 1237 prohibita.
682 1154 766 1230 Quid
782 1155 849 1234 jam
865 1154 1014 1216 clamaret
1028 1152 1127 1216 bonus
1143 1153 1249 1213 noster

156 1248 316 1312 Gavantus
331 1248 369 1311 de
385 1249 523 1312 vanitate
538 1257 570 1311 et
586 1247 722 1322 levitate,
738 1249 765 1309 si
780 1245 899 1309 videret
912 1245 1064 1327 quasdam
1077 1264 1116 1306 ex
1132 1243 1248 1306 nostris

154 1339 254 1417 Albis,
275 1340 309 1403 in
328 1340 441 1422 quibus
458 1341 639 1423 appositum
659 1339 784 1404 ridetur
803 1338 933 1421 ‘aliquid
951 1335 1126 1403 dumtaxat'
1147 1335 1248 1418 longi·

157 1433 276 1496 tudinis
294 1435 389 1497 unius
406 1435 531 1498 circiter
548 1433 652 1496 metri.
682 1432 725 1496 Et
742 1432 817 1514 quid
836 1433 903 1512 jam
920 1429 1089 1492 dicendum
1105 1428 1144 1493 de
1163 1426 1248 1490 licei-

154 1532 219 1590 tate
239 1526 423 1607 hujusmodi
444 1528 548 1604 vestis,
568 1527 661 1607 cujus
679 1527 784 1606 major
803 1525 869 1590 fere
889 1545 962 1607 pars
981 1523 1123 1588 coniecta
1143 1525 1191 1586 est
1209 1540 1247 1585 ex

154 1620 286 1683 materia
298 1619 624 1702 prohibitugossypiil
661 1618 793 1683 Flandri
805 1617 990 1698 hujusmodi
1001 1621 1124 1681 textum
1136 1616 1248 1681 vocant

155 1712 341 1792 judaicum,²
364 1712 449 1793 quali
471 1711 598 1774 nomine
620 1710 809 1793 appellanda
829 1715 876 1775 est
899 1711 1009 1774 levitas
1032 1708 1170 1785 illorum,
1193 1705 1247 1789 qui

155 1804 338 1884 hujusmodi
370 1823 418 1867 res
448 1805 488 1868 ad
521 1804 765 1868 Sanctissimum
797 1803 995 1867 Sacrificium
1027 1801 1247 1866 celebrandum

154 1896 335 1961 adhibent.''
707 1910 709 1915 '

199 1993 225 2051 l.
249 1989 385 2053 Exstant
408 1991 495 2053 varia
517 1989 640 2053 decreta
663 1990 695 2053 S.
718 1991 853 2053 Rituum
876 1990 973 2070 Cong.
996 1989 1078 2052 circa
1100 1991 1248 2052 ornatum

155 2081 262 2145 Albae.
304 2082 355 2143 Ad
376 2080 534 2143 Dubium:
563 2081 673 2143 “Num
693 2081 821 2145 tolerari
842 2083 950 2164 possit,
971 2086 1008 2144 ut
1027 2081 1148 2144 fundus
1168 2080 1247 2143 colo

155 2178 242 2235 ratus
270 2178 467 2254 supponatur
496 2172 599 2237 textili
627 2172 821 2237 denticulato
849 2174 897 2237 vel
925 2174 1013 2254 operi
1041 2172 1184 2256 phrygio,
1212 2171 1247 2233 in

155 2267 340 2353 maniciset
363 2266 495 2329 fimbriis
517 2266 681 2343 Albarum,
704 2286 825 2331 necnon
848 2267 882 2328 in
904 2267 1037 2329 manicis
1060 2262 1247 2329 Rochettil''

156 2359 188 2422 S.
214 2358 311 2439 Cong.
336 2357 515 2439 respondit:
549 2358 680 2434 “Quoad
704 2360 843 2423 manicas
867 2363 898 2423 et
922 2358 1062 2422 fimbrias
1084 2356 1248 2432 Albarum,

154 2451 359 2527 Affirmativc,
380 2451 480 2532 quoad
502 2452 641 2515 manicas
661 2456 768 2515 autem
789 2452 822 2513 in
845 2451 1007 2514 Rochettis
1025 2450 1164 2513 fundum
1183 2469 1249 2513 esse

155 2564 243 2625 posse
262 2544 374 2608 coloris
394 2545 472 2607 vesti
492 2543 602 2608 talaris
621 2543 769 2608 relativae
788 2542 986 2624 dignitatis.''
1027 2544 1079 2609 Ad
1098 2543 1248 2606 dubium:

155 2638 228 2700 “An
248 2636 411 2701 toleranda
432 2637 623 2701 cousuetudo
644 2635 757 2702 utendi
779 2636 880 2700 fundo
902 2635 1036 2699 caerulei
1058 2635 1170 2700 coloris
1191 2633 1248 2697 sub

155 2731 221 2795 velo
239 2730 447 2794 translucenti
464 2730 498 2793 in
515 2728 648 2792 fimbriis
664 2735 697 2794 et
714 2728 846 2793 manicis
862 2727 1058 2792 Albarumi''
1097 2729 1130 2794 S.
1149 2727 1248 2810 Cong.

155 2823 388 2887 rescribendum
400 2825 539 2887 censuit:
553 2820 801 2887 “Affirmative.''

196 2919 225 2978 8.
248 2915 357 2991 Quoad
388 2914 621 2997 longitudinem
650 2917 729 2979 texti
758 2914 946 2979 denticulati
975 2914 1109 2979 dubium
1136 2933 1248 2996 propo

155 3009 253 3071 situm
286 3012 370 3072 erat:
404 3008 513 3071 “Num
549 3009 717 3073 Canonicis
751 3009 883 3072 Missam
916 3009 1155 3087 celebrantibus,
1189 3009 1248 3073 sol·

155 3100 359 3164 lemnioribus
395 3100 514 3177 diebus,
551 3102 644 3166 liceat
679 3103 727 3165 uti
765 3101 846 3165 Alba
881 3108 992 3166 ornata
1026 3101 1161 3165 fimbriis
1195 3120 1249 3164 scu

155 3193 300 3256 reticulo⁸
320 3214 338 3256 a
358 3194 485 3274 cingulo
505 3195 649 3257 deorsum
658 3194 693 3257 ?'’
734 3195 766 3258 S.
789 3194 886 3275 Cong.
907 3195 1159 3277 respondendum
1178 3215 1248 3259 cen-

155 3287 236 3350 suit:
259 3285 421 3350 “Tolerari
442 3285 561 3367 posse.''

197 3382 226 3442 9.
249 3374 358 3453 Quoad
383 3384 529 3440 ornatum
557 3377 656 3458 ipsius
681 3380 760 3442 texti
785 3379 973 3443 denticulati
999 3380 1044 3444 vel
1072 3380 1190 3461 figuras
1216 3380 1248 3441 in

154 3491 191 3535 eo
206 3471 331 3534 insertis
345 3470 475 3532 dubium
491 3475 557 3532 erat
571 3490 767 3551 expressum:
781 3472 854 3532 “An
871 3474 903 3534 in
919 3472 1064 3536 Tobaleis
1078 3472 1248 3536 Altarium.

156 3566 190 3627 in
214 3562 314 3638 Albis,
338 3568 370 3626 et
393 3563 426 3625 in
451 3561 693 3643 superpelliceis
717 3561 845 3628 tolerari
868 3565 990 3647 possint
1013 3566 1081 3630 vela
1106 3570 1248 3646 transpa-

155 3657 267 3733 rentia,
298 3676 376 3736 quae
404 3660 618 3736 representcnt
649 3655 773 3731 Cruces,
806 3658 995 3733 Ostensoria,
1027 3658 1147 3722 Calices
1176 3679 1248 3721 cum

157 3749 280 3824 Hostia,
309 3749 424 3829 figuras
452 3747 656 3828 Angelorum,
681 3756 713 3813 et
739 3750 801 3813 alia
828 3749 945 3813 similia
971 3769 1057 3814 sacra
1083 3748 1248 3830 objecta?''

157 3842 189 3904 S.
211 3841 308 3919 Cong.
330 3842 508 3922 respondit:
530 3843 645 3905 “Posse
665 3841 838 3923 permitti.''

198 3939 247 3999 10.
271 3935 373 4007 Patet,
402 3936 492 3999 verba
524 3934 783 4015 Congrcgationis
813 3939 940 4000 tantum
968 3938 1168 4002 tolerantiam
1195 3957 1248 4000 ex·

156 4030 309 4111 primunt.
360 4026 543 4091 Tolerantia
572 4032 677 4091 autem
706 4049 769 4091 non
797 4028 972 4110 aequivalet
1002 4028 1172 4110 Privilegio
1201 4029 1248 4095 vel

156 4120 325 4184 universali
352 4120 551 4184 concessioni.
599 4121 791 4184 Timcndum
815 4127 871 4197 est,
897 4144 935 4188 ne
959 4122 1050 4187 hodie
1076 4127 1107 4185 ct
1134 4124 1166 4185 in
1191 4125 1249 4187 bac

155 4219 262 4278 nostra
277 4215 412 4292 regione,
427 4215 481 4277 ubi
498 4214 733 4276 immutationes
747 4215 927 4295 frequenter
941 4221 1120 4290 occurrunt,
1135 4216 1249 4280 abusus

156 4308 241 4369 varie
261 4307 357 4369 nimis
378 4304 470 4371 facile
492 4327 524 4369 se
546 4307 700 4385 ingerant.
745 4307 926 4372 Sacerdotes
947 4315 979 4372 et
1000 4315 1133 4374 rectores
1154 4309 1249 4373 eccle·

156 4400 285 4475 siarum,
305 4398 446 4463 decorem
464 4398 575 4462 domus
595 4398 654 4463 Dei
674 4398 851 4479 diligentes,
871 4407 1000 4465 caveant
1018 4422 1038 4466 a
1055 4400 1250 4466 novitatibus

240 4533 427 4585 'Jodenkaut
761 4535 857 4589 omae
873 4536 955 4590 work.
