2804 4890
631 377 636 386 x

167 690 221 745 DE
237 692 509 752 Paucasmoas
526 699 579 754 SS.
599 700 925 755 subsannabimus
942 700 1163 756 SACELLUM.
1201 689 1262 752 297

172 864 244 928 inde
260 864 416 928 Diaconos
430 868 550 932 (lelceta
564 870 676 950 pyxide
690 875 775 933 stans
790 873 822 933 in
837 873 931 952 plano
943 873 954 906 ⁴
970 871 1076 934 lateris
1089 869 1260 952 Epistolae,

172 959 328 1036 profunde
349 961 519 1023 inclinatus
539 970 645 1026 cantat
667 965 750 1026 solus
771 965 817 1028 vel
839 965 950 1027 recitat
971 965 1139 1042 Confiteor.
1183 964 1260 1027 Post

171 1050 408 1133 Indulserat-iam.
430 1075 452 1115 s.
474 1056 613 1118 ministri
635 1059 897 1120 communicaturi
918 1058 1013 1138 primi
1035 1057 1209 1138 procedunt
1228 1059 1260 1119 et

173 1145 206 1206 in
219 1166 273 1208 ora
285 1147 475 1226 suppedanci
490 1149 723 1228 genufleetuut3
738 1154 863 1230 sumpta
878 1150 1107 1214 communione
1120 1150 1160 1211 ad
1174 1147 1260 1213 Cele-

173 1236 314 1302 brantem
334 1240 495 1315 accedunt,
516 1240 672 1303 Diaconus
691 1243 846 1321 perlatus
865 1242 1029 1323 Evangelii
1048 1242 1088 1304 ad
1106 1242 1259 1316 dextram,

174 1331 389 1395 subdiaconus
409 1334 446 1394 ad
467 1335 638 1406 sinistrum,
657 1340 689 1397 et
707 1337 859 1399 assistunt
877 1355 974 1415 usque
993 1335 1032 1398 ad
1053 1335 1148 1398 finem
1168 1334 1259 1398 Com·

173 1425 332 1488 munionis
357 1426 450 1487 etiarn
479 1428 638 1490 laieorum.
689 1428 765 1492 Post
789 1448 891 1491 sacros
918 1428 1083 1491 Ministros
1108 1427 1260 1491 accedunt

174 1518 350 1596 Presbyteri
366 1520 455 1581 stolis
476 1521 604 1599 (coloris
620 1521 767 1599 Missae),
783 1521 915 1584 Diaconi
931 1522 1020 1586 stolis
1034 1541 1129 1602 super
1143 1526 1260 1584 cottam

171 1614 356 1674 transversis
376 1618 407 1674 et
429 1614 539 1692 reliqui
561 1615 664 1677 clerici
687 1616 779 1676 cottis
801 1635 853 1676 seu
874 1614 1106 1694 superpelliceis
1128 1614 1258 1676 induti!

214 1709 241 1765 5.
265 1705 411 1785 Acolythi
431 1707 593 1770 observent
611 1708 709 1769 ritum
729 1708 844 1770 Missae
862 1708 1009 1771 solemnis
1027 1712 1211 1772 consuetum
1229 1709 1260 1767 et

170 1818 264 1878 supra
278 1819 308 1859 n.
327 1803 396 1872 181,
413 1803 438 1859 1.
476 1800 704 1865 Communione
719 1801 808 1863 linita
824 1802 990 1864 discedunt
1005 1802 1045 1863 ad
1060 1801 1261 1863 credentiam.

214 1891 381 1954 Celebrans
396 1898 468 1953 ante
483 1892 675 1954 ablutionem
691 1895 869 1971 fragmenta
884 1893 921 1955 de
938 1893 1041 1955 Alteri
1056 1913 1092 1954 eo
1106 1892 1183 1968 loco,
1199 1910 1260 1972 quo

170 2003 195 2047 s.
210 1984 309 2046 hostia
324 1989 401 2058 erat,
413 1989 445 2046 et
459 1984 497 2045 de
512 1992 624 2064 patena
638 2006 655 2046 a
671 1985 809 2046 Diacono
822 1985 963 2047 adhibita
977 1985 1107 2066 colligit.

213 2077 419 2157 “completur
435 2076 552 2138 Missa''
569 2079 616 2140 uti
634 2098 738 2140 coram
755 2078 959 2141 Sanctissimo
975 2077 1126 2160 exposito.

610 2480 726 2554 ΛΒΤ.
751 2478 818 2555 IV.

229 2677 279 2727 DE
298 2675 558 2727 Pliocassmuu
578 2675 625 2727 SS.
642 2674 893 2726 andnumanai
912 2676 965 2726 AD
984 2675 1193 2728 SACELLUM.

372 2863 410 2926 Δ.
442 2864 482 2926 In
503 2863 679 2925 Panotioue
701 2861 817 2940 absque
840 2879 863 2922 s.
885 2861 1054 2925 liniatria.

213 3049 282 3113 laa.
306 3050 494 3113 “Celebrans
509 3050 627 3112 aceedit
642 3055 714 3111 urile
728 3050 837 3110 Altero
851 3056 881 3111 et
896 3050 980 3111 facta
993 3050 1209 3128 genuflexione
1224 3048 1259 3111 in

170 3144 274 3224 plano,
287 3145 389 3206 orabit
401 3143 583 3222 genullcxus
598 3143 629 3202 in
644 3141 786 3203 inferiori
800 3140 931 3220 gradu.''
956 3141 1082 3204 Interea
1094 3140 1261 3205 ordinatur

172 3239 334 3315 processio.
380 3235 545 3296 (eleisum
568 3254 652 3295 more
675 3234 766 3296 solito
790 3234 947 3313 “imponit
969 3234 1042 3296 tbus
1064 3238 1095 3296 et
1119 3233 1259 3296 incensat

173 3330 229 3391 SS.
249 3332 485 3392 Sacramentum
504 3330 536 3388 in
552 3327 655 3388 calice.
702 3326 822 3390 Deinde
838 3328 953 3406 accipit
969 3326 1073 3389 velum
1089 3327 1259 3401 humerale,

171 3428 202 3484 et
215 3443 344 3501 surgens
359 3421 475 3483 accedit
491 3422 529 3481 ad
544 3440 683 3481 mensam
697 3419 828 3492 Altaria,
840 3418 1034 3499 genuflectit,
1048 3420 1160 3498 surgit,
1173 3424 1205 3482 et
1218 3419 1258 3482 ad

172 3515 326 3578 cautelam
362 3516 465 3575 linunt
499 3513 600 3573 velum
636 3512 740 3573 calicis
775 3511 873 3587 ligula
908 3510 1005 3573 serica
1039 3511 1100 3572 albi
1137 3510 1257 3573 coloris.

171 3608 295 3687 Accipit
318 3609 444 3669 calicem
466 3608 594 3667 sinistra
616 3625 671 3685 per
692 3604 820 3676 nodum,
841 3603 1029 3665 submittens
1050 3624 1118 3666 eam
1140 3603 1206 3667 velo
1227 3608 1259 3666 et

170 3701 311 3764 dextram
336 3702 423 3780 noun
447 3720 540 3779 supra
562 3698 700 3769 calicem,
722 3717 815 3777 supra
838 3716 931 3777 quarn
953 3695 1107 3757 secundus
1128 3695 1258 3757 clericus

171 3795 312 3859 extendit
328 3795 557 3854 extremitatem
576 3792 633 3852 reli
651 3788 851 3850 liuiueralis.”

214 3891 241 3948 2.
265 3887 452 3946 “t'elebrans
474 3905 544 3945 cum
567 3882 681 3944 calice'’
703 3902 867 3944 conuersus
889 3881 928 3944 ad
950 3882 1102 3962 populum
1124 3880 1258 3961 “incipit

169 3981 340 4061 hymnum:
356 3981 461 4058 l'anqe
476 3976 615 4056 linqua,”
630 3976 689 4037 nisi
705 3975 811 4037 adsint
826 3982 966 4037 cantores
981 3973 1094 4036 elerici.
1126 3974 1258 4036 “Proce-

170 4074 259 4137 ditur
277 4073 386 4134 ordine
404 4070 543 4151 sequenti
564 4068 603 4130 ad
623 4067 779 4130 Sacellum
800 4065 985 4146 Sepulchri”
1004 4087 1058 4130 seu
1076 4066 1116 4129 ad
1134 4065 1259 4130 “locum

207 4276 271 4326 ⁴D.
291 4277 366 4324 2682.
388 4275 427 4323 14,
742 4272 770 4319 et
795 4268 995 4319 subdiaconum
1021 4270 1131 4331 Missae,
1155 4272 1260 4335 quoties

205 4351 270 4401 ser,
293 4367 317 4400 n.
339 4350 399 4405 ⁴285,
421 4352 436 4397 5
458 4349 481 4396 b.
503 4347 594 4411 Comp.
633 4343 687 4394 Ubi
743 4346 789 4395 isti
816 4347 886 4395 tales
911 4361 962 4395 non
990 4350 1061 4396 suut.
1107 4347 1163 4398 Nec
1190 4349 1261 4400 stola

173 4433 270 4484 adsunt
295 4427 432 4483 Canania-i,
458 4425 508 4488 ipsi
534 4424 560 4473 S.
585 4424 687 4474 Eucha·
743 4423 973 4487 sraperimponitur
998 4422 1113 4486 pluviali
1137 4425 1180 4475 vel
1204 4424 1260 4476 dal·

174 4508 278 4557 ristiam
300 4504 433 4568 recipiunt
455 4505 519 4553 aute
539 4500 688 4550 Diaconum
742 4499 865 4549 matieac.
900 4499 933 4549 D.
951 4498 1028 4548 3029.
1048 4499 1088 4549 14.
