2804 4890
303 729 358 787 nn
380 729 631 789 nnrncurnus
655 731 697 789 m
722 732 961 790 mrmsrsmo
984 730 1084 789 rese.
1182 719 1243 788 205

152 921 231 979 cere,
246 906 278 966 et
292 923 356 966 non
370 903 453 966 adsit
467 903 530 967 alia
544 903 647 968 hostie
661 911 848 980 consecrata,
866 905 1024 982 Sacerdos,
1040 905 1094 985 qui
1110 905 1240 966 Missam

153 997 288 1078 supplet,
314 997 437 1060 dividat
461 998 606 1073 hostiam,
632 1003 663 1060 et
688 1019 784 1060 unam
810 999 956 1080 praebeat
982 999 1118 1072 infirmo,
1144 998 1239 1059 aliam

152 1091 217 1171 ipse
243 1090 387 1167 sumat;’'
415 1091 534 1155 scilicet
561 1091 707 1173 praebeat
735 1092 862 1155 infirmo
890 1096 1039 1172 tanquam
1068 1091 1239 1165 Viaticum,

150 1184 204 1265 qui
220 1188 308 1248 extra
324 1185 434 1249 mortis
451 1184 626 1266 periculum
643 1206 707 1248 non
724 1190 883 1248 teneretur
900 1186 1097 1265 participare.

192 1280 221 1342 3.
253 1277 313 1343 “Si
338 1283 411 1362 post
437 1281 701 1344 consecrationem
728 1279 878 1345 ceciderit
904 1299 1011 1343 musca
1038 1284 1096 1344 aut
1123 1279 1243 1362 aliquid

152 1371 309 1451 ejusmodi
329 1372 364 1434 in
385 1372 523 1449 calicem,
544 1377 576 1436 et
597 1374 653 1435 fiat
674 1393 790 1437 nausea
813 1372 985 1448 Sacerdoti,
1007 1374 1150 1435 extrahat
1171 1391 1240 1434 eam

153 1471 184 1527 et
199 1466 282 1528 lavet
295 1486 367 1528 cum
382 1465 474 1528 vino''
490 1486 608 1547 ponens
624 1467 704 1529 illud
718 1490 744 1532 e.
760 1487 790 1548 g.
807 1469 841 1528 in
857 1489 909 1530 vas
924 1468 1051 1531 lotionis
1066 1467 1240 1546 digitorum

152 1579 247 1641 prope
272 1561 526 1637 tabernaculum;
552 1560 664 1622 “finita
691 1561 788 1623 Missa
814 1562 986 1637 comburat,
1011 1565 1043 1623 et
1068 1559 1241 1622 combustio

153 1673 187 1715 ac
206 1653 283 1717 lotio
303 1653 486 1734 hujusmodi
506 1655 541 1715 in
560 1655 733 1716 sacrarium
752 1654 949 1735 projiciatur.
994 1653 1030 1716 Si
1051 1659 1156 1715 autem
1177 1670 1241 1713 non

153 1747 251 1811 fuerit
276 1748 305 1809 ei
331 1767 455 1823 nausea,
480 1767 537 1809 nec
561 1748 664 1809 ullum
691 1748 866 1828 periculum
894 1750 1013 1823 timeat,
1040 1753 1143 1809 sumat
1168 1765 1241 1808 curn

155 1840 346 1920 Sanguine.''

195 1938 224 1996 4.
247 1934 305 1997 “Si
329 1934 450 2015 aliquid
476 1955 665 1997 venenosum
690 1935 837 1998 ceciderit
864 1937 896 1997 in
922 1935 1060 2009 calicem,
1085 1935 1133 1996 vel
1157 1937 1240 2014 quod

152 2032 331 2108 provocaret
354 2029 507 2090 vomitum
530 2029 640 2090 vinum
663 2033 877 2091 consecratum
900 2028 1113 2109 reponendum
1136 2031 1183 2091 est
1206 2028 1241 2088 in

153 2121 215 2185 alio
232 2122 337 2197 calice,
354 2126 386 2185 et
404 2121 491 2184 aliud
510 2122 617 2183 vinum
637 2143 708 2183 cum
727 2142 807 2202 aqua
825 2121 1076 2203 apponendum,''
1096 2121 1239 2185 mentali·

152 2219 200 2276 ter
227 2215 433 2290 offerendum,
460 2223 493 2280 et
522 2215 645 2276 “denuo
673 2216 934 2278 consecrandum:
964 2223 995 2278 et
1025 2216 1115 2278 finita
1145 2215 1241 2276 Missa

157 2307 292 2387 Sanguis
321 2309 475 2388 repositus
502 2309 537 2370 in
564 2329 669 2389 panno
697 2308 811 2384 lineo,’'
840 2330 865 2371 e.
893 2329 923 2388 g.
952 2309 1164 2388 corporalibus
1193 2307 1240 2369 rel

154 2401 377 2480 purificatoriis
403 2402 530 2465 mundis
556 2403 697 2482 quamvis
722 2402 858 2478 detritis,
885 2403 952 2466 “vel
979 2409 1093 2482 stuppa
1118 2400 1241 2464 tamdiu

152 2494 311 2557 servetur''
330 2495 365 2556 in
383 2495 593 2571 tabernaculo,
613 2496 731 2558 “donec
750 2496 865 2577 species
884 2497 948 2557 vini
969 2496 1089 2556 fuerint
1109 2495 1241 2555 desicca-

152 2591 212 2664 tae,
234 2594 266 2653 et
289 2593 365 2651 tunc
388 2594 504 2669 stuppa
526 2588 737 2665 comburatur,
761 2596 792 2651 et
816 2588 989 2651 combustio
1013 2589 1047 2649 in
1070 2588 1242 2649 sacrarium

153 2680 371 2763 projicietur.”

195 2779 223 2836 5.
267 2773 325 2837 “Si
339 2775 468 2856 aliquod
483 2782 670 2839 venenatum
686 2778 854 2857 contigerit
869 2778 1005 2838 hostiam
1020 2778 1241 2851 consecratam,

153 2872 230 2932 tunc
248 2869 380 2931 alteram
398 2874 565 2946 consecret,
583 2877 614 2932 et
632 2877 736 2932 sumat
754 2891 789 2933 eo
808 2871 899 2932 modo
918 2891 978 2951 quo
997 2871 1117 2932 dictum
1136 2873 1192 2945 est,
1210 2874 1242 2932 et

153 2962 209 3025 illa
228 2969 368 3026 servetur
387 2964 422 3025 in
442 2964 642 3027 tabernaculo
663 2964 729 3026 loco
750 2970 902 3045 separato,
923 2964 1019 3027 donec
1040 2966 1156 3044 species
1176 2984 1241 3026 cor·

155 3062 353 3137 rumpantur,
381 3063 413 3121 et
441 3063 605 3138 corruptae
635 3058 747 3119 deinde
776 3060 947 3120 mittantur
975 3059 1009 3120 in
1038 3056 1241 3120 sacrarium.''

156 3150 243 3211 Idem
269 3152 457 3213 servandum
481 3157 538 3227 est,
565 3151 811 3231 quandocunque
836 3172 873 3213 ex
898 3152 960 3213 alia
985 3171 1078 3216 causa
1103 3153 1241 3233 sumptio

154 3244 273 3307 hostiae
290 3245 493 3325 impossibilis
511 3244 557 3307 rel
577 3246 751 3326 periculosa
769 3245 927 3308 reddatur.

196 3341 223 3398 6.
267 3338 325 3399 “Si
339 3339 490 3404 sumendo
505 3339 709 3419 Sanguinem,
722 3341 877 3422 particula
892 3341 1076 3404 remanserit
1089 3340 1122 3400 in
1136 3339 1241 3414 calice,

154 3430 254 3511 digito
271 3431 311 3494 ad
327 3432 447 3494 labium
464 3433 569 3495 calicis
587 3454 654 3495 eam
672 3433 819 3506 adducat,
836 3440 867 3497 ct
885 3438 989 3497 sumat
1006 3438 1079 3496 ante
1096 3433 1242 3513 purifica·

154 3525 282 3602 tionem,
298 3525 366 3590 vel''
381 3527 494 3589 melius
510 3528 682 3590 “infundat
699 3529 807 3589 vinum
823 3535 854 3591 et
870 3525 1005 3588 sumat.''

194 3619 252 3682 “Si
270 3620 372 3684 hostia
391 3626 569 3683 consecrata
588 3622 747 3683 dilabatur
766 3623 798 3683 in
819 3622 957 3695 calicem,
977 3625 1141 3700 propterea
1160 3621 1240 3682 nihil

153 3721 200 3776 est
220 3715 444 3789 reiterandum,
464 3715 518 3776 sed
540 3715 688 3777 Sacerdos
710 3715 838 3776 Missam
861 3720 1076 3794 prosequatur,
1098 3714 1240 3775 faciendo

153 3810 361 3872 caeremonias
376 3815 406 3871 et
422 3811 511 3889 signa
526 3815 672 3873 consueta
687 3830 758 3871 cum
776 3809 900 3872 residua
914 3812 1003 3889 parte
1018 3809 1147 3880 hostiae,
1163 3828 1240 3888 quae

154 3921 217 3967 non
230 3906 279 3966 est
292 3902 469 3966 madefacta
485 3902 655 3983 Sanguine,
671 3903 696 3965 si
713 3902 873 3966 commode
888 3906 1000 3984 potest.
1039 3902 1074 3964 Si
1090 3922 1160 3965 vero
1175 3907 1241 3964 tota

153 3997 252 4060 fuerit
265 3996 452 4070 madefacta,
467 4017 529 4059 non
545 3998 688 4060 extrahat
703 4017 781 4070 eam,
797 3998 848 4058 sed
864 3998 970 4060 omnia
985 3997 1080 4072 dicat,
1095 3996 1241 4059 omitten-

153 4090 194 4153 do
212 4091 313 4172 signa,
331 4096 362 4153 et
382 4095 487 4152 sumat
506 4090 625 4170 pariter
645 4091 765 4171 Corpus
785 4096 817 4154 et
838 4090 1042 4171 Sanguinem,
1062 4092 1190 4169 signans
1211 4112 1242 4153 se

151 4205 224 4250 curn
241 4185 337 4251 calice
354 4186 478 4251 dicens:
498 4185 621 4267 Corpus
639 4190 670 4250 et
688 4185 826 4266 Sanguis
843 4184 977 4250 Domini
994 4185 1105 4258 nostri,
1124 4187 1204 4251 etc.”

196 4281 223 4341 l.
267 4278 324 4340 “Si
347 4278 380 4339 in
401 4278 503 4341 hieme
525 4278 662 4358 Sanguis
683 4280 862 4358 congeletur
884 4280 916 4338 in
939 4279 1043 4353 calice,
1064 4279 1242 4342 involvatur

154 4372 234 4434 calix
255 4372 369 4452 pannis
389 4371 565 4435 calefactis:
587 4373 612 4433 si
636 4371 667 4432 id
688 4391 750 4431 nou
773 4371 946 4451 proficeret,
968 4376 1105 4452 ponatur
1125 4371 1158 4433 in
1182 4375 1240 4434 ler-

154 4467 237 4530 renti
263 4485 342 4546 aqua
368 4485 464 4546 prope
489 4466 609 4539 Altare,
635 4464 805 4526 dummodo
833 4464 864 4524 in
891 4464 1018 4527 calicem
1046 4481 1108 4523 non
1135 4463 1243 4529 intret.

154 4560 252 4624 donec
276 4558 418 4640 liquefiat
427 4557 457 4635 ;''
483 4560 565 4642 ignis
591 4577 645 4620 seu
671 4558 817 4622 carbones
843 4559 963 4620 accensi
990 4557 1024 4618 in
1050 4573 1119 4616 vase
1146 4558 1243 4622 etiam
