2804 4890
193 706 246 761 nn
258 702 534 761 cannnnouns
546 701 590 759 m
603 700 763 760 ors1c1o
777 699 920 760 mutuo
934 702 1170 762 sanvaums.
1223 694 1284 762 407

195 877 251 944 tac,
276 893 353 953 quae
375 872 575 936 laudabiliter
596 872 756 936 dicuntur.
800 872 851 934 Ad
875 872 1106 954 indulgentiam
1127 893 1185 955 pro
1209 873 1284 936 Ora-

193 967 277 1028 tione
296 970 452 1046 postrema
470 963 655 1027 lucrandam
673 965 845 1044 requiritur
861 964 1049 1046 genuflexio,
1067 965 1132 1030 solo
1151 965 1284 1028 infirmi·

193 1058 268 1120 tatis
285 1058 332 1120 vel
348 1057 500 1140 gravioris
517 1055 736 1138 impedimenti
751 1076 823 1119 casu
838 1059 991 1138 excepto.⁶

227 1160 255 1216 4.
280 1155 446 1220 Praeterea
458 1158 626 1236 utrumque
640 1153 926 1237 genuflectendum
940 1159 985 1218 est
1000 1155 1040 1219 ad
1052 1175 1159 1219 omnes
1175 1155 1284 1217 Preces

190 1247 317 1329 feriales
339 1249 395 1328 (ad
410 1247 544 1322 Laudes,
561 1268 672 1329 parvas
690 1248 804 1323 Horas,
822 1249 984 1327 Vesperas,
1004 1248 1284 1329 Completorium),

192 1343 225 1403 in
248 1340 352 1403 feriali
375 1340 474 1403 officio
495 1340 669 1416 Adventus,
690 1338 963 1419 Quadragesirnae,
987 1341 1129 1416 Quatuor
1152 1342 1283 1420 Tempo-

190 1454 261 1496 rum
284 1434 475 1515 Septembris
497 1438 528 1496 et
550 1432 743 1514 Vigiliarum
769 1433 922 1514 (exceptis
945 1433 1075 1514 Vigiliis
1098 1433 1284 1496 Nativitatis

192 1527 328 1598 Domini,
360 1526 568 1608 Epiphaniae,
595 1525 796 1589 Ascensionis
825 1525 955 1588 Domini
983 1532 1015 1590 et
1046 1526 1283 1605 Pentecostes);

192 1617 463 1682 Hebdomadarius
486 1623 592 1682 manet
615 1616 799 1699 genuflexus
823 1638 919 1699 usque
942 1618 981 1680 ad
1004 1618 1160 1682 Dominus
1184 1619 1283 1683 vohis·

190 1733 260 1774 cum
287 1710 441 1774 exclusive
466 1715 540 1774 ante
568 1709 761 1788 Orationem,
785 1711 841 1773 alii
868 1731 965 1791 usque
990 1711 1030 1774 ad
1055 1711 1283 1775 Benedicumua

190 1804 326 1868 Domino
353 1806 424 1885 post
452 1803 600 1866 ultimam
630 1803 823 1880 Orationem,
851 1805 914 1867 nisi
942 1805 1051 1868 statim
1080 1803 1213 1867 dicenda
1240 1805 1283 1867 sit

189 1897 361 1978 antiphona
380 1896 485 1958 finalis
505 1897 541 1959 B.
563 1897 607 1958 Μ.
629 1896 668 1959 V.

226 1998 254 2055 5.
278 1994 376 2058 Porro
393 2014 496 2075 genua
515 1993 686 2056 flectuntur
702 1994 741 2056 ad
762 1994 872 2056 Preces
891 1995 924 2056 in
943 1992 1042 2056 officio
1061 1992 1282 2055 defunctorum

189 2091 220 2148 et
236 2087 275 2148 od
291 2087 445 2162 Limnias,
459 2087 523 2149 solo
539 2085 793 2149 Hebdomadario
808 2087 847 2149 ad
867 2084 1032 2149 Orationes
1046 2091 1201 2167 surgente.
1242 2086 1282 2148 In

190 2179 311 2241 Triduo
343 2199 429 2240 sacro
461 2178 556 2240 etiam
589 2177 862 2241 Hebdomadarius
893 2185 999 2241 nranet
1029 2178 1213 2260 genuflexus
1241 2178 1280 2240 ad

191 2272 374 2335 Orationem
391 2271 531 2352 Respice.
572 2270 795 2333 Genuflectunt
812 2271 851 2332 ud
869 2269 1133 2351 Martyrologium
1152 2271 1186 2331 in
1205 2270 1281 2349 vigi-

190 2364 232 2425 lia
261 2364 447 2429 Natiuitatis
475 2362 605 2425 Domini
633 2363 673 2426 ad
701 2363 792 2425 verba
821 2363 860 2425 ln
889 2363 1073 2426 Bethlehem
1100 2364 1189 2427 duda
1211 2410 1218 2424 .
1242 2410 1280 2425 ..

188 2457 359 2519 secundum·
379 2477 512 2519 curnem.

232 2557 259 2614 6.
283 2553 421 2616 Unicum
444 2574 526 2634 genu
550 2552 649 2614 flectit
670 2557 742 2614 ante
766 2553 875 2615 Altare
899 2555 1002 2633 majus
1024 2552 1211 2635 quicumque
1233 2572 1281 2615 ac·

188 2645 271 2710 cedit
290 2646 329 2708 ad
349 2645 440 2726 legilc
459 2646 504 2708 rel
525 2646 563 2706 ad
583 2645 722 2706 medium
742 2645 828 2707 chori
847 2646 888 2706 ad
907 2644 1027 2725 aliquid
1047 2644 1214 2727 legendum
1233 2644 1279 2707 vel

188 2739 391 2813 cantandum,
413 2739 459 2801 vel
479 2739 532 2818 qui
553 2738 590 2799 ab
611 2757 673 2798 una
692 2737 732 2800 ad
753 2737 884 2800 alteram
905 2738 991 2801 chori
1012 2742 1134 2820 partem
1155 2737 1280 2800 transit.

231 2841 258 2899 l.
283 2836 318 2899 Si
333 2857 389 2918 per
403 2836 528 2916 aliquod
545 2834 694 2914 temporis
710 2836 847 2915 spatium
863 2835 1017 2898 orandum
1033 2835 1075 2900 sit
1091 2834 1179 2898 flexis
1194 2833 1280 2917 geni·

188 2929 244 2990 bus
260 2931 294 2990 in
308 2929 375 2993 loco
389 2929 493 2991 altiori
511 2948 604 3009 quam
620 2930 704 2990 locus
720 2935 765 2991 cst
781 2928 907 3009 pedum,
923 2951 948 2992 e.
964 2948 994 3008 g.
1011 2929 1043 2989 in
1058 2927 1281 3009 genuflexorio,

188 3023 275 3102 prius
288 3042 370 3102 genu
383 3023 528 3083 dextrum
543 3021 681 3082 flectitur
696 3022 727 3081 in
743 3022 846 3101 plane,
860 3026 965 3101 postea
979 3027 1148 3101 utrumque
1162 3022 1195 3083 in
1209 3019 1280 3082 alti-

188 3115 252 3190 ori;
273 3135 307 3177 ac
328 3114 475 3176 similiter
495 3114 527 3175 in
548 3113 655 3176 eodem
677 3113 780 3194 plano,
802 3133 873 3176 cum
892 3113 1115 3177 discedendum
1136 3114 1188 3182 sit,
1208 3112 1280 3175 dex·

188 3214 273 3270 trum
291 3206 439 3281 flectitur,
455 3207 578 3268 etiarnsi
595 3206 628 3266 in
646 3206 738 3286 plano
755 3210 879 3267 oratum
898 3206 1013 3280 fuerit;
1030 3206 1111 3287 quod
1130 3204 1279 3285 intelligi-

168 3348 170 3355 ,
187 3306 249 3373 tur,
266 3297 436 3361 dummodo
452 3299 538 3359 locus
553 3296 801 3378 genuflexionem
817 3296 932 3375 exigat,
949 3298 1088 3378 alioquin
1105 3299 1188 3361 enim
1206 3302 1279 3360 ante

186 3396 217 3455 ct
234 3396 303 3472 post
319 3392 493 3455 orationem
510 3390 667 3470 profunda
683 3388 847 3453 inclinatio
864 3391 956 3451 Cruci
975 3391 1146 3453 exhibetur.
1187 3390 1279 3455 Item.

187 3505 257 3545 cum
275 3485 345 3564 quis
363 3484 396 3545 in
414 3484 506 3544 choro
524 3482 642 3561 aliquid
663 3483 795 3551 intonat,
814 3482 894 3562 quod
913 3482 1001 3543 flexis
1018 3482 1150 3562 genibus
1168 3501 1279 3546 canen·

186 3578 262 3639 dum
279 3578 330 3651 sit,
347 3581 434 3639 stans
449 3577 583 3645 intonat,
600 3572 712 3636 deiude
729 3573 922 3654 genuflectit.

228 3679 255 3737 8.
279 3674 432 3737 Standnm
453 3678 499 3736 ost
520 3674 553 3734 in
575 3673 678 3747 choro,

233 3774 283 3849 (a)
309 3772 359 3834 Ad
377 3773 482 3845 Pater,
500 3772 565 3834 ilco
583 3777 612 3835 et
633 3770 743 3842 Credo,
762 3776 826 3834 tarn
843 3775 926 3843 ante,
944 3790 1037 3851 quam
1056 3770 1141 3834 infra
1159 3774 1278 3853 etpost

185 3865 330 3941 officium,
351 3868 568 3946 praeterquam
588 3865 626 3925 ad
647 3863 757 3925 Prcces
775 3861 910 3938 feriales,
930 3884 1035 3944 preces
1055 3864 1088 3926 in
1108 3863 1207 3928 officio
1227 3864 1277 3927 de·

185 3959 368 4023 functorum
397 3978 517 4022 necnon
548 3958 581 4019 in
611 3957 672 4019 fine
704 3954 919 4036 Completorii,
949 3957 1074 4036 quando
1104 3958 1276 4038 antiphona

185 4053 289 4114 finalis
310 4051 428 4113 dicitur
449 4050 537 4112 flexis
556 4047 696 4131 genibus.

232 4151 284 4227 (hl
314 4149 469 4213 Standuru
487 4154 533 4211 cst
550 4150 588 4211 ab
608 4148 699 4212 initio
717 4147 859 4210 omnium
878 4146 1038 4211 Horarum
1056 4148 1210 4229 usquead
1229 4148 1276 4210 in·

184 4248 309 4324 ceptum
326 4243 464 4324 primum
481 4261 603 4304 versum
620 4241 714 4322 primi
733 4239 844 4321 psalmi
867 4239 922 4319 (ad
939 4239 1121 4303 asteriscum
1137 4239 1183 4303 vel
1201 4259 1274 4321 pau·

184 4339 281 4410 sam).

219 4499 268 4550 ⁵8.
295 4498 324 4550 Ο.
351 4496 413 4549 Ind.
441 4499 457 4548 7
482 4498 546 4549 Jan.
576 4498 651 4553 1856,
677 4512 702 4546 n.
755 4498 820 4559 f543
846 4500 874 4548 st
898 4495 967 4547 Nov.
991 4495 1165 4548 Psalterinm.
