2804 4890
196 621 254 683 162
534 629 589 683 DE
611 628 732 684 Mlsss
755 629 943 685 SOLEMNI.

197 808 247 880 91,
262 803 298 882 b)
320 808 464 884 surgunt,
481 801 613 865 flectunt
628 805 758 865 unicum
773 823 856 883 genu
872 808 904 866 et
925 804 1008 883 (sine
1024 803 1230 867 inclinatione
1247 802 1287 865 ad

195 897 342 977 chorum)
364 901 564 959 revertuntur
580 897 619 960 ad
636 896 837 960 credentiam.
877 897 941 959 Sub
958 897 1053 960 finem
1067 898 1166 960 Pater
1180 901 1288 961 noster

195 991 317 1072 primus
349 991 511 1070 acolythus
546 990 610 1069 (ret
641 990 882 1068 thuriferarius)
919 990 1022 1052 velum
1055 989 1215 1054 humerale
1248 989 1286 1052 ab

195 1084 335 1146 humeris
355 1083 545 1145 Subdiaeoni
564 1083 693 1163 deponit
711 1102 804 1163 super
822 1083 1023 1146 credentiam.
1065 1083 1100 1145 Si
1119 1083 1287 1145 Celebrans

197 1176 459 1239 communionem
475 1177 655 1252 distribuat,
671 1196 830 1238 eumcum
846 1175 1040 1238 candelabris
1055 1177 1200 1238 comitari
1217 1195 1286 1256 pos-

196 1274 279 1332 sunt.
324 1269 387 1331 Pro
408 1269 622 1332 ablutionibus
644 1269 764 1350 primus
788 1268 985 1332 Subdiacono
1006 1267 1161 1349 ampullas
1183 1268 1286 1344 affert,

203 1363 282 1441 (nisi
307 1362 364 1425 fiat
387 1382 442 1443 per
467 1362 781 1437 Caeremoniarium)
812 1361 900 1441 prius
924 1360 1136 1441 genuflectens
1160 1361 1202 1423 ad
1228 1360 1286 1422 SS.

198 1456 445 1520 Sacramentum.
487 1455 649 1518 Secundus
666 1456 827 1535 acolythus
846 1454 1043 1517 Subdiacono
1059 1454 1164 1518 vetum
1180 1455 1287 1518 calicis

196 1549 236 1611 ad
252 1569 351 1611 cornu
368 1549 533 1629 Evangelii
550 1549 651 1611 affert.

239 1645 268 1704 9.
291 1641 409 1703 Versus
443 1642 537 1703 finem
573 1642 678 1703 ultimi
713 1641 879 1721 Evangelii
913 1662 985 1703 curn
1019 1639 1212 1703 candelabris
1246 1640 1286 1702 ad

196 1733 337 1797 medium
358 1734 585 1815 presbyterium
607 1732 776 1810 accedunt3
797 1733 1014 1813 genuflectunt
1034 1734 1074 1796 ad
1093 1735 1137 1795 b't
1158 1735 1286 1796 verbam

197 1849 267 1892 coro
288 1830 411 1910 sactum
435 1832 489 1892 est.

241 1925 288 1983 10.
312 1920 362 1982 Ad
386 1927 500 1982 nutum
526 1921 770 1984 Caeremoniarii
794 1920 1021 2001 genuflectunt,
1050 1920 1092 1999 (si
1118 1920 1229 1983 Clerus
1253 1920 1286 1980 in

197 2015 289 2077 choro
315 2019 482 2090 remaneat,
506 2034 577 2076 eum
601 2035 673 2075 curn
695 2034 718 2076 s.
744 2014 902 2075 Ministris
926 2014 1092 2091 satutant)
1121 2016 1152 2075 et
1176 2012 1216 2074 ad
1240 2031 1286 2073 sa-

197 2108 338 2170 cristiam
356 2112 567 2182 revertuntur,
585 2108 638 2169 ubi
659 2108 752 2170 Cruci
772 2111 803 2169 et
822 2106 1000 2168 Celebrauti
1020 2105 1184 2168 inclinant.
1229 2105 1287 2165 As-

197 2202 315 2264 sistunt
333 2222 356 2264 s.
378 2201 535 2264 Ministris
554 2201 739 2264 vestimenta
758 2199 985 2280 deponentibus
994 2219 1003 2275 ;
1022 2203 1053 2262 et
1072 2198 1217 2262 candelas
1237 2219 1287 2260 ex-

196 2296 359 2376 mmm.

649 2637 763 2707 ART.
789 2636 833 2706 V.

478 2832 528 2881 DE
547 2832 698 2882 OFFICIO
718 2832 1004 2883 TIIURIFERARII.

239 3009 288 3071 92.
313 3010 431 3085 Quater
449 3031 504 3090 por
524 3011 653 3071 Missam
673 3033 745 3073 cum
763 3012 924 3074 thuribulo
944 3013 1122 3074 ministrat:

281 3103 307 3164 Ι.
331 3104 415 3167 Ante
448 3103 622 3164 Introitum
653 3123 709 3182 pro
742 3103 952 3166 incensatione
985 3103 1104 3165 Altaria
1136 3107 1167 3164 et
1200 3102 1285 3166 Cele-

197 3196 380 3350 bfflliishd
399 3289 605 3367 Eraugetium
624 3295 705 3351 cant.
725 3310 781 3369 pro
799 3291 1011 3351 incensatione
1030 3290 1102 3350 libri
1121 3295 1151 3352 et
1170 3286 1227 3351 0¹¹.

240 3383 304 3443 Ill.
328 3383 378 3443 Ad
399 3382 604 3443 Offertorium
623 3403 680 3462 pro
700 3382 911 3443 incensatione
933 3381 1061 3457 Altaria,
1082 3381 1286 3455 Celebrantis,

196 3477 282 3538 chori
301 3482 330 3538 ct
347 3476 465 3556 populi.

242 3569 299 3631 IV.
323 3569 374 3630 Ad
396 3569 611 3632 Eterationom
633 3589 688 3649 pro
711 3568 923 3630 incensatione
947 3568 1003 3629 SS.
1029 3568 1232 3651 Sacrameuti.

239 3666 267 3726 2.
289 3663 342 3723 nd
357 3662 385 3726 I.
403 3662 640 3723 'thuriferarius
657 3684 673 3724 e
689 3661 831 3722 sacristia
846 3666 919 3723 aute
936 3681 1042 3721 onmes
1059 3658 1229 3738 egreditur,
1246 3659 1286 3721 ad

196 3756 326 3836 januam
360 3777 439 3836 aqrra
472 3755 633 3816 trenedicta
666 3775 697 3816 se
727 3754 841 3832 signat,
875 3753 935 3813 nisi
970 3754 1105 3832 aspersio
1138 3759 1287 3831 sequatur

202 3852 295 3928 (tuuc
316 3872 367 3911 ras
388 3870 484 3929 aquae
505 3847 685 3910 benedictae
705 3851 820 3926 portat,
841 3845 923 3926 quod
945 3847 1028 3908 facta
1048 3845 1225 3926 aspersione
1246 3846 1284 3907 ad

196 3945 369 4006 sacristiam
392 3942 521 4014 refert),
542 3945 614 4003 ante
635 3939 744 4001 Attare
766 3940 886 4001 medius
908 3941 991 4002 inter
1012 3940 1169 4018 acolythos
1191 3939 1285 4000 simul

196 4058 267 4098 cum
293 4037 368 4116 ipsis
393 4034 576 4113 genuflectit
601 4037 632 4096 et
656 4033 775 4095 accedit
800 4033 838 4094 ad
864 4032 966 4095 locum
994 4053 1086 4093 suum
1112 4031 1195 4111 apud
1222 4052 1285 4093 cre-

196 4130 345 4192 dentiam.

239 4226 267 4284 3.
292 4222 384 4284 Infra
403 4222 563 4299 Confiteor
580 4221 779 4283 thuribulum
798 4220 889 4282 affert
915 4221 992 4297 (nisi
1012 4220 1050 4280 ab
1070 4219 1163 4281 initio
1181 4238 1285 4280 secum

195 4317 399 4396 portaverit).
450 4314 571 4377 Deinde
598 4314 690 4375 simut
721 4334 793 4374 cum
821 4334 844 4374 s.
875 4313 1032 4373 blinistris
1060 4312 1099 4374 ad
1129 4312 1239 4374 rittare
1268 4333 1285 4372 a

195 4410 291 4472 latere
317 4408 476 4490 Epistulae
501 4408 650 4484 ascendit,
674 4412 704 4472 et
730 4411 792 4472 stat
815 4427 833 4470 a
856 4405 975 4470 ‹lextris
999 4403 1132 4467 Diaconi
1155 4407 1285 4485 propius
