2804 4890
273 586 333 646 226
376 596 429 650 DE
455 594 783 649 SIGNIFICATIONE
806 595 1159 653 CAEREMONIARUM
1181 598 1277 657 COM.

649 1399 839 1476 CAPUT
868 1400 990 1478 XIV.

345 1628 402 1685 DE
421 1632 772 1690 SIGNIFICATIONE
791 1634 1169 1774 cpERsMonlARun
1188 1633 1295 1691 COM-

726 1720 820 1776 MUN
841 1721 914 1777 UM.

733 1936 848 2006 Anu.
872 1937 902 2007 Ι.

449 2116 500 2168 ΒΕ
519 2116 832 2170 SIGNIFICA'PIONE
851 2120 1186 2171 REVERENTIARUM.

318 2281 387 2347 128.
412 2283 592 2364 Gensuflerr'o
611 2291 715 2348 ortum
732 2288 825 2349 habet
843 2287 881 2349 ab
899 2289 1048 2367 antiquis,
1066 2293 1098 2352 et
1116 2287 1214 2368 ipsius
1233 2287 1363 2352 Domini

273 2382 307 2440 et
345 2380 569 2459 Apostolorum
609 2381 750 2461 exemplo
790 2381 1035 2444 commendatur.
1092 2381 1254 2443 Prioribus
1293 2387 1364 2462 post

275 2473 436 2534 Christum
457 2474 588 2536 saeculis
607 2474 712 2537 fideles
730 2474 781 2537 die
799 2474 966 2537 Dorniniea
983 2481 1013 2538 et
1034 2480 1072 2534 50
1092 2477 1175 2536 inter
1195 2477 1314 2538 Pascha
1332 2482 1364 2538 et

274 2567 479 2630 Pentecosten
505 2568 614 2630 diebus
639 2572 756 2629 stantes
782 2569 912 2631 orabant
943 2570 1104 2647 (“signunr
1131 2574 1163 2632 et
1187 2570 1363 2648 designatio

276 2661 525 2723 Resrrrreetionis
557 2661 725 2730 Dornini;’'
757 2663 976 2724 tantummodo
1009 2663 1209 2726 I‘oenitentes
1240 2684 1363 2744 semper

272 2754 429 2832 genuflexi
445 2755 628 2826 manebant)
645 2776 653 2829 ;
670 2756 796 2834 reliquis
813 2777 883 2818 rere
899 2758 1090 2837 temporibus
1107 2778 1211 2837 preces
1226 2758 1362 2837 plerum·

272 2868 331 2927 qne
346 2848 434 2911 tlexis
448 2849 579 2928 genilius
597 2849 817 2912 tundebantur.
864 2850 1005 2912 (lariones
1022 2853 1150 2912 Nicaeni
1167 2856 1198 2914 et
1215 2852 1362 2914 Trullani

271 2962 323 3004 eos
341 2942 583 3022 reprehendunt,
599 2943 653 3021 qni
670 2963 808 3022 genuum
827 2944 985 3006 inflexioni
1005 2945 1055 3006 die
1074 2944 1238 3006 Dorninica
1256 2966 1362 3025 super-

271 3036 427 3097 stitiosius
449 3036 635 3110 studebant;
657 3060 673 3099 e
696 3042 804 3099 contra
827 3039 936 3099 Patres
959 3044 1194 3117 conqueruntur
1216 3060 1362 3100 nonnun-

271 3149 366 3208 quam
386 3129 423 3191 de
443 3131 482 3191 iis
501 3131 554 3209 qui
576 3131 608 3191 in
628 3131 756 3210 reliquis
776 3131 884 3192 diebus
903 3153 1004 3209 genua
1026 3132 1147 3194 tleetere
1167 3133 1361 3196 recusabant.

315 3226 343 3284 2.
367 3223 468 3284 Humi
485 3225 654 3304 prostratio
671 3226 939 3286 extraordinarius
956 3227 1146 3287 humilitatis
1162 3233 1268 3304 gestus
1285 3230 1362 3299 erat,

270 3338 333 3397 quo
350 3318 520 3381 utebantur
538 3319 707 3398 aliquando
725 3324 793 3381 turn
813 3319 958 3380 nonnulli
977 3340 1013 3380 ex
1032 3319 1194 3399 “Lepsia''
1213 3324 1281 3380 turn
1302 3321 1361 3400 ipsi

273 3412 378 3473 fideles
395 3414 530 3492 graviori
548 3413 693 3491 angustia
710 3413 857 3492 depressi.

315 3509 342 3568 3.
369 3505 601 3584 Ganrrfterioais
621 3509 668 3581 (et
682 3507 918 3587 prostrationis)
940 3507 1054 3587 triplex
1069 3512 1115 3570 est
1130 3507 1210 3569 finis.
1256 3507 1361 3587 Signi-

272 3599 346 3663 ficat
368 3601 453 3662 eninr
476 3607 581 3662 actnnr
604 3599 797 3663 adorationis
826 3601 905 3677 (non
930 3621 1051 3681 semper
1074 3602 1231 3676 latriae),
1255 3603 1361 3680 poeni·

273 3696 390 3755 tentiae
408 3700 438 3756 ct.
457 3695 616 3757 orationis

313 3791 342 3848 d.
367 3788 536 3849 Inclinatio
553 3789 699 3849 similiter
714 3792 760 3849 est
775 3794 862 3849 nctus
878 3794 1024 3851 externus
1041 3791 1229 3851 reverentiae
1245 3794 1278 3852 et
1291 3791 1361 3850 sub-

272 3882 440 3956 missionis,
456 3883 507 3944 sed
525 3883 630 3944 minus
646 3882 793 3944 solemnis
809 3904 901 3961 quarn
917 3883 1102 3961 gernrilexio.
1137 3883 1362 3946 inclinationes

274 3976 354 4036 finnt
367 3977 467 4052 magis
480 3977 526 4037 rel
541 3976 646 4036 minus
661 3977 837 4055 profundae
850 3983 944 4056 prout
959 3977 1048 4038 rerba
1064 3977 1107 4038 vel
1125 3998 1172 4038 res
1187 3978 1361 4055 requirnnt.

272 4069 329 4129 “ut
349 4068 393 4129 sie
414 4068 519 4129 omnia
541 4087 618 4147 quae
639 4069 678 4130 ad
699 4069 853 4130 actionem
875 4069 1167 4131 excellentissimam
1190 4068 1360 4148 pertinent,

271 4163 500 4243 perfectissimo
536 4163 645 4226 ordine
682 4163 925 4243 peragantur.’'¹
980 4164 1087 4240 Ilnjus
1123 4183 1244 4244 quoque
1280 4164 1362 4230 ritus

271 4256 410 4342 plurima
427 4256 568 4338 exempla
585 4257 616 4326 in
636 4258 704 4348 ipsa
723 4258 754 4319 S.
774 4258 936 4338 Scriptura
955 4260 1088 4320 exstant.

741 4431 751 4475 t
772 4423 891 4486 Bomsee.
