2804 4890
530 655 584 710 DE
605 655 959 712 PROCESSIONIBUS.

633 911 747 979 ΛΒΤ.
772 910 837 981 IV.

387 1091 507 1142 INERA
529 1091 707 1142 OCTAVAM
728 1092 908 1142 CORPORIS
931 1093 1092 1144 CHRISTI.

237 1220 307 1285 326.
332 1223 491 1284 “Solitum
513 1231 561 1285 est
583 1242 638 1303 per
665 1228 763 1284 totam
788 1225 869 1285 lianc
893 1228 1034 1287 octavam
1058 1243 1172 1305 ponere
1198 1241 1296 1302 super

194 1315 299 1377 Altari
335 1314 385 1395 [in
415 1315 543 1395 throno]
578 1314 814 1377 tabernaculum
852 1315 1091 1396 [ostensorium]
1126 1336 1199 1377 cum
1232 1316 1294 1378 SS.

197 1408 398 1471 Sacramento
417 1408 622 1488 discooperto,
640 1409 718 1470 dum
737 1408 892 1488 Vesperae
910 1414 941 1471 et
961 1409 1068 1471 Officia
1088 1408 1196 1468 diuma
1216 1408 1295 1468 reci·

198 1499 348 1563 tantur.”¹
385 1500 590 1563 “Servabitur
608 1519 682 1562 usus
699 1500 915 1580 cujuscunque
930 1499 1097 1576 Ecclesiae,
1113 1499 1294 1580 exponendi

196 1612 306 1674 nempe
332 1592 388 1655 SS.
416 1594 655 1655 Sacramentum
678 1613 696 1654 a
719 1593 877 1674 principio
900 1591 1003 1668 officii,
1026 1592 1073 1656 vel
1095 1593 1131 1654 in
1153 1591 1295 1672 quadam

195 1685 295 1765 ipsius
307 1690 406 1765 parte,
418 1705 453 1746 sc
466 1686 558 1764 juxta
571 1684 712 1764 regulam
726 1685 850 1748 videtur
862 1704 936 1761 esse,
948 1684 976 1748 si
989 1682 1102 1750 saltem
1112 1691 1296 1767 exponatur

196 1778 230 1838 in
248 1776 345 1838 Missa
362 1777 561 1838 conventuali
578 1783 609 1839 et
626 1778 659 1838 in
679 1777 869 1856 Vesperis.''²

237 1871 265 1932 2.
288 1868 373 1931 “Ubi
391 1870 544 1949 processio
565 1869 622 1930 SS.
642 1869 836 1931 Sacramenti
855 1871 888 1931 in
906 1870 976 1950 ejus
993 1870 1074 1933 festo
1090 1869 1152 1946 die,
1167 1868 1217 1932 rel
1235 1888 1296 1950 per

194 1968 345 2038 octavam,
367 1982 402 2025 ea
424 1981 484 2040 qua
506 1961 593 2023 decet
615 1961 745 2022 solemni
767 1981 881 2042 pompa
901 1962 1077 2043 nequiverit
1098 1962 1216 2038 haberi,
1237 1963 1294 2025 de·

195 2053 333 2136 signabit
345 2053 519 2134 Episcopus
533 2053 702 2134 unicuique
717 2053 873 2116 Ecclesiae
886 2053 1025 2134 aliquam
1038 2074 1076 2116 ex
1089 2054 1295 2136 sequentibus

195 2145 380 2222 Dominicis,
410 2146 444 2206 in
476 2165 547 2227 qua,
578 2144 732 2208 celebrata
764 2146 860 2207 Missa
891 2167 964 2208 cum
993 2146 1294 2209 commemoratione

196 2239 253 2303 SS.
285 2238 491 2313 sacramenti,
521 2239 613 2317 juxta
645 2237 852 2299 Rubricatum
884 2238 1109 2319 praescriptam
1141 2237 1293 2315 formam,

194 2332 341 2396 solemnis
366 2330 453 2392 illius
477 2329 630 2410 processio
655 2330 761 2410 peragi
786 2328 929 2410 possit.''⁸
976 2329 1105 2394 Scilicet
1128 2330 1227 2394 Missa
1253 2332 1294 2394 de

194 2424 361 2486 Dominica
391 2442 444 2484 seu
477 2423 514 2486 de
547 2422 627 2484 sesto
660 2423 780 2502 duplici
814 2429 995 2486 occurrente
1024 2421 1209 2485 celebranda
1241 2428 1291 2485 est

194 2538 267 2581 cum
292 2514 586 2579 commemoratione
615 2514 671 2577 SS.
702 2515 896 2578 Sacramenti
920 2520 992 2596 post
1018 2515 1096 2579 alias
1122 2515 1294 2579 Orationes

195 2612 383 2691 praeceptas.

645 2790 758 2861 ΛΒΤ.
784 2791 829 2863 V.

303 2986 353 3035 DE
379 2983 480 3035 ALIIS
505 2983 825 3033 PROCESSIONIBUS
849 2983 896 3034 SS.
922 2983 1173 3035 SAORAMENTI.

235 3122 305 3186 327.
330 3125 377 3185 Ex
397 3124 615 3204 antiquissimo
638 3145 706 3200 usu,
728 3127 846 3186 sancito
868 3147 885 3187 a
908 3127 1048 3187 Surumis
1070 3124 1294 3199 Pontificibus,

195 3217 226 3277 in
244 3218 338 3279 tertia
357 3217 522 3279 Dominica
538 3218 689 3297 cujusque
707 3216 822 3278 mensis
839 3220 991 3297 processio
1009 3239 1080 3279 cum
1101 3218 1158 3281 SS.
1179 3219 1291 3280 Sacra·

194 3315 299 3371 mento
314 3311 346 3370 in
363 3308 510 3372 Ecclesiis
524 3309 755 3373 cathedralibus
768 3315 800 3373 et
816 3309 1044 3390 parochialibus
1059 3311 1244 3390 peragitur.¹

236 3402 415 3465 “Processio
432 3403 485 3465 fiet
502 3405 585 3464 intra
603 3403 772 3463 Ecclesiam
789 3406 833 3465 rel
852 3404 876 3463 si
896 3401 1033 3465 Ecclesia
1050 3403 1149 3464 fuerit
1163 3405 1292 3482 exigua,

194 3494 309 3573 poterit
326 3495 409 3556 exire
423 3496 512 3556 extra
532 3494 631 3572 ipsam
649 3499 680 3556 ct
698 3495 830 3556 circuire
848 3495 1044 3572 mljacentem
1063 3494 1211 3575 plateam.

235 3592 262 3650 2.
287 3586 405 3650 Eodem
429 3589 493 3648 fere
517 3587 608 3647 modo
631 3586 811 3647 instituitur
835 3588 881 3648 uti
907 3585 970 3660 illa,
994 3607 1072 3667 quae
1096 3586 1163 3649 fieri
1184 3594 1289 3668 potest

192 3700 315 3760 vespere
335 3685 459 3742 octavae
481 3678 627 3758 Corporis
649 3679 767 3741 (bristi
788 3684 858 3759 post
879 3678 1068 3759 completum
1090 3680 1226 3743 officium
1247 3681 1288 3742 ad

193 3772 401 3852 reponendum
436 3773 492 3833 SS.
525 3773 779 3844 Sacramentum,
810 3771 940 3851 proinde
968 3772 1074 3833 minus
1103 3771 1288 3835 solemniter

191 3885 282 3945 quam
302 3866 402 3944 prima
422 3865 454 3924 in
472 3865 538 3943 ipso
555 3865 644 3927 festo.

1213 3492 1246 3529 υ,

223 3990 321 4042 ¹Caer.
344 3993 393 4056 Ep.
416 3991 455 4041 II.
479 3992 520 4055 33,
542 3992 583 4041 33.
760 3992 900 4044 Pastorem
926 3993 1087 4057 animarum,
1112 3994 1159 4058 qni
1184 3996 1283 4046 saltam

222 4067 416 4127 ²Martinucci,
437 4067 474 4116 ll.
493 4068 534 4116 34.
760 4069 785 4116 in
807 4070 1027 4120 solemnitatibus
1046 4070 1284 4135 extraordinariis,

220 4143 274 4193 ³1).
292 4144 366 4192 aloa.
758 4159 778 4193 e.
809 4160 833 4205 a.
862 4145 995 4194 Titularis
1026 4145 1171 4209 Ecclesiae,
1201 4146 1286 4197 festis

223 4220 407 4268 lblartinucci
433 4219 532 4269 11.39.
572 4220 623 4282 Qui
645 4234 708 4268 usus
759 4221 955 4285 principalibus
974 4223 1223 4272 l'oufratcrnitatis
1240 4225 1283 4272 vel

186 4295 309 4359 quamvis
344 4296 417 4359 apml
453 4310 501 4344 nos
538 4296 628 4359 vigere
665 4311 706 4345 na·
759 4299 920 4346 Siululitatis
962 4297 1042 4346 talem
1083 4297 1282 4361 processionem

186 4377 275 4433 apricat,
296 4370 391 4434 probat
413 4377 512 4431 tarrrcu,
532 4373 706 4421 laudabiliter
760 4373 832 4421 iutra
853 4373 995 4421 lli-elesiarii
1016 4373 1145 4424 instituit.

185 4454 209 4497 cl
231 4446 314 4509 juxta
334 4450 449 4497 trientem
473 4447 606 4496 lici-lesina
626 4463 706 4512 agore
794 4449 885 4500 2'lliiil,
