2804 4890
206 675 259 729 DE
283 674 445 730 Pnocns.
472 675 513 728 IN
537 675 660 729 FESTO
684 676 737 729 SS.
762 673 956 729 CORPORIS
984 674 1158 728 CHRISTI.
1185 663 1244 724 527

153 838 220 892 turn
238 830 318 893 illud
336 851 429 912 super
445 831 548 894 Altari
569 834 602 894 in
621 833 723 893 medio
742 833 882 909 collocat,
899 833 1082 914 genuflectit
1101 853 1118 893 a
1139 834 1244 908 latere,

150 930 184 985 et
200 924 281 986 redit
297 925 336 985 ad
352 925 494 985 dextram
510 925 713 987 Celebrantis.
752 927 931 987 ttstensorio
948 927 1088 1007 deposito
1104 933 1245 986 cantores

153 1016 325 1078 cantabunt
345 1018 481 1080 'Pontum
501 1039 573 1098 erqo
592 1021 623 1081 et
643 1017 796 1090 Genitori,
816 1018 862 1079 vel
882 1017 1019 1098 aliquam
1039 1018 1243 1098 antiphonam

152 1109 191 1173 de
210 1110 414 1172 Venerabili.⁶

195 1202 329 1264 Interim
355 1203 530 1278 Calabram,
554 1204 621 1266 velo
645 1204 800 1266 humerali
824 1204 975 1284 deposito,
1001 1204 1074 1266 thus
1100 1203 1245 1283 imponit,

155 1296 393 1358 Sacramentum
416 1296 612 1359 thurificabit
634 1303 675 1372 et,
698 1299 824 1359 cantato
847 1316 935 1358 versu
957 1297 1078 1359 Ponam
1101 1296 1138 1357 de
1162 1295 1243 1357 coelo

152 1393 221 1464 etc„
246 1389 311 1468 ipse
336 1388 518 1449 Orationem
542 1389 627 1451 Deus
652 1388 707 1469 qui
731 1389 819 1450 nobis
845 1395 901 1451 etc.
927 1409 999 1450 cum
1024 1393 1118 1450 cantu
1144 1386 1244 1461 dicet;

151 1482 249 1543 sumit
267 1480 380 1544 deinde
400 1480 503 1542 velum
522 1481 681 1544 humerale
701 1486 733 1544 et
751 1485 837 1544 stans
855 1484 927 1544 ante
946 1480 1092 1543 infimum
1110 1479 1243 1561 gradum

152 1594 170 1635 a
195 1572 334 1635 Diacono
360 1580 462 1635 stante
488 1574 603 1652 accipit
629 1574 877 1649 Sacramentum,
903 1578 933 1636 et
958 1573 1101 1649 discedit,
1126 1591 1244 1653 proces·

151 1665 270 1728 aionem
300 1672 530 1746 prosecuturus,
582 1665 701 1740 Quodsi
730 1665 904 1729 benedictio
933 1666 1036 1742 detur,
1066 1665 1122 1727 fiat
1151 1663 1244 1726 modo

151 1760 321 1819 consueto.⁶

193 1856 221 1912 4.
247 1852 376 1912 Peracta
392 1853 595 1932 processione,
610 1850 735 1931 quando
750 1852 917 1914 Celebrans
934 1853 967 1913 in
982 1850 1105 1914 aditum
1120 1849 1243 1931 presby·

153 1945 224 2004 terii
252 1944 436 2024 pervenerit,
463 1943 601 2005 laternae
627 1949 659 2007 et
685 1944 906 2006 baldachinum
932 1944 964 2005 in
992 1946 1059 2006 loca
1085 1964 1141 2006 sna
1166 1943 1244 2005 refe·

153 2042 285 2110 runtur;
309 2035 453 2097 Crucifer
475 2036 604 2116 deponit
627 2036 759 2097 Crucem
780 2055 875 2117 prope
899 2035 1101 2111 credentiam,
1124 2040 1156 2098 et
1178 2055 1244 2097 aco-

154 2127 233 2206 lythi
248 2127 433 2189 candelabra
448 2129 481 2188 in
498 2128 656 2189 credentia
669 2128 830 2191 collocant.
870 2128 983 2189 Clerici
1000 2129 1033 2189 in
1048 2128 1126 2190 duas
1141 2135 1244 2208 partes

152 2219 245 2281 dirisi
264 2220 336 2280 hinc
355 2219 427 2281 inde
445 2223 531 2281 stant
549 2218 628 2281 facie
646 2220 686 2282 ad
705 2220 838 2280 invicem
854 2240 1010 2295 convorsa,
1028 2226 1059 2284 et
1077 2220 1114 2282 ad
1133 2220 1244 2282 adven·

152 2317 221 2374 tum
240 2313 295 2373 SS.
315 2312 509 2372 Sacramenti
526 2332 628 2391 genua
645 2311 787 2388 flectunt,
801 2315 990 2392 manentque
1007 2312 1174 2393 genuflexi,
1192 2311 1244 2373 sed

153 2405 192 2467 ad
209 2405 317 2466 Altare
332 2405 481 2479 conversi,
497 2404 595 2465 donec
611 2402 824 2466 benedictione
839 2405 911 2466 data
931 2405 987 2466 SS.
1007 2405 1244 2467 Sacramentum

154 2498 323 2576 repositum
344 2496 452 2557 suerit.

196 2594 223 2651 5.
248 2588 414 2651 Celebraus
430 2595 502 2651 ante
522 2587 631 2651 Altare
651 2588 804 2664 consistit,
822 2595 854 2652 et
872 2590 953 2652 finnt
972 2588 1078 2651 omnia
1097 2594 1244 2669 utsupra

153 2683 242 2744 adn.
264 2686 291 2744 3.

197 2775 401 2837 Sanctissimo
417 2775 516 2853 igitur
534 2775 735 2838 Sacramento
749 2795 804 2856 per
821 2775 995 2838 Diaconum
1012 2775 1126 2854 “super
1141 2773 1244 2837 Altari

159 2873 237 2945 (non
253 2889 345 2947 super
361 2867 490 2945 throno)
511 2867 662 2946 deposito,
679 2867 846 2929 concinant
863 2869 1001 2929 Tantum
1016 2887 1088 2947 erpo
1105 2873 1136 2931 et
1154 2867 1245 2931 Geni-

156 2961 223 3025 tori.
252 2960 328 3021 dnm
355 2959 504 3021 Sacerdos
531 2959 568 3021 de
595 2980 680 3023 more
706 2960 854 3021 incensat.
905 2959 1015 3023 Postea
1044 2961 1106 3024 duo
1131 2958 1243 3022 Clerici

154 3054 260 3115 ditant-
276 3054 314 3113 Υ.
332 3054 446 3113 I'onenr
467 3052 502 3113 de
520 3052 602 3114 coelo
618 3051 805 3133 praestitisti
820 3049 873 3122 cis,
888 3053 1027 3132 :illeluja
1043 3058 1100 3116 etc.
1140 3053 1244 3115 Sacer·

154 3144 208 3203 dos
222 3151 307 3204 stans
320 3145 414 3205 dicit:
432 3145 574 3215 Oramus,
590 3145 675 3206 Deus
689 3143 743 3224 qui
759 3143 846 3206 nohis
859 3143 952 3206 etc.”⁷
967 3146 1016 3205 cui
1032 3144 1121 3208 nulla
1137 3145 1245 3207 Oratio

154 3237 224 3297 uddi
249 3240 359 3316 potest.
402 3237 568 3298 celebrans
587 3237 703 3314 accipit
724 3258 741 3297 a
764 3235 902 3299 Diacono
926 3236 983 3298 SS.
1008 3237 1244 3298 Sacramentum

154 3336 182 3391 ct
200 3330 252 3389 dat
269 3326 514 3389 benedictionem
531 3327 623 3390 modo
637 3332 793 3389 consueto.

196 3418 343 3497 Reposito
357 3421 413 3479 SS.
430 3422 630 3480 Sacramenta
644 3422 773 3498 quisque
786 3439 873 3479 suam
886 3415 1046 3480 candelam
1061 3417 1108 3480 vel
1123 3415 1245 3479 intorti-

155 3512 234 3571 tium
258 3507 425 3587 extinguit.

188 3664 250 3713 ⁵De
271 3663 369 3725 Herdt,
392 3662 447 3712 III.
469 3662 529 3712 329.
725 3663 823 3724 terrae,
845 3667 942 3713 contra
963 3662 1077 3727 fulgura
1098 3670 1125 3715 et
1148 3668 1245 3729 tempe

188 3740 326 3788 aProrsus
347 3738 522 3788 interdictum
542 3740 593 3800 est,
612 3750 674 3787 can·
724 3736 848 3794 states,'’
879 3738 1041 3802 deprimitur
1075 3739 1136 3790 idea
1163 3741 1246 3803 hujus

154 3821 211 3866 tare
236 3814 383 3865 versiculos
406 3815 535 3878 quosdam
562 3812 589 3862 in
617 3813 675 3877 ipso
722 3813 908 3876 processionis,
929 3813 971 3865 cui
992 3830 1025 3865 ex
1044 3822 1133 3866 mente
1153 3816 1241 3867 Eccle-

153 3897 216 3940 actu
249 3889 447 3941 benedictionis
485 3889 532 3950 (D.
570 3888 671 3950 2464);
721 3887 778 3939 siae
798 3889 860 3937 tinia
879 3889 974 3939 unicus
993 3896 1022 3941 et
1040 3891 1165 3940 sublimis
1184 3898 1238 3942 est:

153 3969 193 4016 rel
216 3967 298 4015 ritum
319 3966 483 4031 peculiarem
504 3964 631 4025 inserere,
651 3978 674 4013 e.
722 3965 810 4027 gloria
835 3969 863 4017 et
889 3965 1044 4030 triumphus
1071 3965 1119 4016 SS.
1148 3966 1242 4018 Sacra·

153 4059 177 4104 u.
204 4046 315 4093 cantare
340 4041 422 4091 initia
444 4042 561 4105 quatuor
586 4040 673 4090 Esau·
722 4039 814 4092 menti.
865 4040 992 4092 “Lauda
1023 4040 1088 4092 Sion
1121 4041 1243 4094 Salvato-

154 4119 292 4179 uciiorum.
343 4116 415 4175 (cfr.
441 4116 470 4167 C.
497 4117 573 4167 Plen.
600 4117 673 4166 Balt.
724 4115 808 4165 rem'’
829 4119 880 4167 etc.

156 4194 192 4244 ll.
223 4193 300 4243 Decr.
330 4192 405 4255 213.)
457 4191 510 4242 Per
538 4191 673 4257 supplica·
760 4191 892 4244 'Bitunia
913 4193 989 4246 Rom.

153 4271 248 4332 tiones,
288 4284 311 4319 e.
351 4282 377 4335 g.
417 4267 496 4336 “pro
536 4266 674 4321 fructibus
