2804 4890
431 692 484 749 DE
507 693 968 750 COMMEMORATIONIBUS.
1183 685 1244 747 389

155 872 258 948 tegrac
287 866 370 930 fiunt
398 866 437 929 de
465 866 564 930 officio
594 866 715 927 altioris
746 866 836 927 ritus.
888 866 936 926 Ab
965 867 1023 928 hac
1053 864 1162 945 regula
1192 884 1241 926 ex-

152 957 331 1038 cipiuntur:
381 955 415 1018 1⁰
444 957 620 1021 dominicae
647 958 792 1035 majores,
819 977 897 1037 quae
926 959 1063 1038 integras
1092 956 1243 1034 Vesperas

152 1050 267 1113 habent
283 1051 317 1112 in
333 1070 486 1113 concursu
503 1070 575 1111 curn
591 1049 700 1130 quovis
718 1052 808 1125 festo,
826 1050 887 1110 nisi
905 1049 947 1111 sit
964 1049 1046 1110 ritus
1062 1047 1197 1128 duplicis
1216 1050 1243 1108 1.

154 1143 200 1205 vel
220 1146 248 1206 2.
268 1144 306 1206 cl.
316 1163 326 1219 ;
346 1142 382 1203 2ο
403 1142 578 1205 dominicae
597 1143 840 1223 minoresque
862 1144 998 1218 integras
1019 1142 1171 1222 Vesperss
1191 1141 1244 1202 ha-

152 1237 225 1300 bent
243 1237 278 1300 in
296 1256 449 1299 concursu
468 1257 539 1299 curn
558 1236 630 1298 aliis
650 1236 741 1299 festis
759 1235 896 1316 exceptis
916 1236 1095 1316 duplicibus
1115 1237 1142 1298 1.
1161 1238 1194 1298 et
1213 1238 1241 1296 2.

152 1329 201 1406 cl.,
228 1330 318 1394 festis
346 1329 475 1392 Domini
503 1336 535 1392 et
561 1328 671 1392 diebus
700 1329 825 1392 Octavia
848 1328 1057 1410 privilegiatis
1088 1329 1242 1391 festorum

157 1422 301 1499 Domini;
319 1422 356 1483 3⁰
374 1422 441 1485 dies
458 1427 565 1485 octava
583 1422 730 1502 Corporis
749 1422 878 1497 Christi,
897 1441 975 1502 quae
993 1421 1094 1502 quoad
1115 1421 1241 1484 Festum

155 1516 201 1578 Se.
231 1514 342 1578 Cordis
369 1515 448 1578 lesu
476 1515 507 1576 vi
536 1515 688 1577 Rubricae
717 1516 845 1578 omnino
873 1514 1074 1596 particularis
1102 1533 1242 1593 vesperas

155 1607 291 1688 integras
313 1608 406 1669 habet
429 1608 542 1688 absque
565 1608 859 1671 commemoratione
883 1608 1049 1687 sequentis.

188 1699 233 1761 ΙΙ.
278 1699 318 1761 In
347 1700 482 1780 paritate
512 1699 592 1763 ritus
622 1699 762 1777 integrae
792 1699 946 1777 Vesperae
975 1704 1068 1763 erunt
1096 1699 1135 1761 de
1163 1699 1244 1761 festo

152 1793 331 1855 solemniori
355 1813 427 1855 curn
448 1793 741 1855 commemoratione
764 1793 802 1854 de
825 1792 932 1853 altero.
977 1793 1127 1856 Attamen
1152 1812 1241 1873 quae-

153 1885 199 1946 ris
224 1884 291 1947 dies
317 1888 426 1948 octava
450 1884 693 1965 praeferentiam
722 1885 813 1946 babet
839 1904 931 1964 super
959 1884 1076 1946 festum
1103 1883 1243 1964 ejusdem

153 1978 243 2040 ritus.

195 2069 260 2133 ΙΙΙ.
305 2069 345 2131 In
369 2071 503 2152 paritate
530 2071 610 2132 ritus
634 2075 666 2132 et
690 2069 898 2134 solemnitatis
924 2073 1063 2151 integrae
1087 2072 1242 2153 Vesperae

143 2164 245 2244 ,erunt
263 2162 302 2226 de
321 2162 402 2225 festo
420 2162 572 2242 primario
592 2182 664 2224 curn
683 2163 976 2225 commemoratione
995 2163 1033 2226 de
1053 2162 1160 2225 altero.

194 2254 252 2318 IV.
297 2254 337 2316 In
366 2255 500 2334 paritate
528 2254 619 2331 ritus,
648 2253 856 2317 solemnitatis
883 2260 914 2317 et
942 2253 1063 2316 ordinis
1090 2254 1245 2335 Vesperae

154 2349 293 2429 integrae
324 2353 417 2410 erunt
448 2349 486 2409 de
517 2350 597 2412 festo
628 2347 785 2429 digniori3
815 2348 955 2427 dignitas
985 2349 1163 2410 attenditur
1194 2351 1241 2411 in-

151 2441 260 2520 signis,
275 2444 421 2520 utsupra
438 2441 508 2503 245.
525 2437 566 2503 V.

195 2533 233 2596 V.
279 2533 319 2595 In
347 2534 482 2615 paritate
510 2534 601 2610 ritus,
629 2536 687 2597 etc.
717 2534 872 2615 Vesperae
901 2532 1086 2613 regulariter
1116 2533 1196 2595 liunt
1224 2555 1241 2596 a

153 2626 300 2707 Capitulo
334 2626 373 2689 de
406 2626 548 2705 sequenti
583 2646 655 2689 cum
689 2627 982 2689 commemoratione
1018 2626 1239 2705 praecedentis.

153 2717 279 2782 Dicitur
305 2720 501 2798 repuleriter,
529 2719 603 2799 quia
628 2718 797 2800 aliquando
825 2719 858 2780 in
885 2719 1020 2800 propriis
1051 2718 1125 2781 locis
1150 2718 1242 2782 aliter

152 2811 341 2893 disponitur,
359 2817 396 2875 ut
415 2811 499 2874 inira
518 2816 658 2875 octavam
679 2812 865 2874 Natiuitatis
886 2811 1032 2879 Domini:
1051 2821 1107 2878 ant
1128 2813 1154 2874 si
1171 2832 1241 2893 aga-

152 2906 206 2966 tur
229 2903 266 2966 de
291 2904 399 2967 eodem
425 2903 540 2967 Sancto
566 2904 612 2966 rel
638 2904 776 2982 objecto;
802 2907 878 2966 tunc
903 2904 987 2968 enim
1013 2905 1169 2985 Vesperae
1195 2907 1239 2967 in-

152 2999 257 3077 tegrae
275 3002 349 3059 sunt
368 2996 406 3059 de
424 2997 637 3077 praecedente,
654 2997 734 3058 nihil
754 2998 792 3059 dc
810 3003 974 3077 sequente3
994 2997 1041 3059 rel
1061 2997 1126 3060 vice
1146 3019 1241 3067 versa.

152 3088 174 3152 i.
196 3111 221 3153 e.
243 3093 347 3152 toturn
368 3088 406 3151 de
427 3095 573 3169 sequente
596 3090 621 3151 si
644 3090 686 3151 sit
708 3089 845 3152 nobilius
866 3090 947 3151 nihil
970 3090 1008 3152 de
1029 3089 1240 3170 praecedente.

195 3182 385 3245 Conferatur
407 3182 519 3244 tabella
539 3182 772 3244 concurrentum
794 3182 827 3242 in
848 3181 1007 3247 Breviario
1027 3184 1138 3263 posita.

589 3394 704 3464 ART.
729 3394 801 3465 ΠΙ.

448 3588 499 3639 DE
511 3588 941 3649 OOMMEMORA'I'IONIBUS.

193 3753 264 3816 24⁷.
309 3754 571 3818 commemoratio
598 3755 633 3817 fit
662 3754 699 3817 de
727 3755 834 3822 officio.
863 3756 943 3834 quod
972 3754 1040 3818 fieri
1067 3758 1177 3838 nequit
1203 3758 1241 3820 ob

152 3847 238 3910 aliud
265 3848 476 3928 praestantius
503 3848 648 3922 officium,
676 3847 739 3912 sive
764 3867 951 3910 concurrens
984 3850 1034 3927 (in
1062 3847 1240 3930 Vesperisl.

151 3939 215 4003 sive
242 3961 406 4005 occurrens
439 3940 489 4018 (in
517 3940 677 4002 lendibus
704 3940 752 4003 vel
778 3940 926 4021 Vesperis
954 3944 985 4007 et
1011 3941 1179 4023 aliquando
1208 3944 1239 4004 in

152 4032 311 4094 Matutino
335 4051 391 4112 per
414 4035 472 4093 9⁸⁰¹
495 4031 692 4107 lectionem).

193 4128 221 4188 2.
266 4125 313 4187 De
333 4125 441 4206 qrravis
466 4125 631 4186 Dominica
654 4126 749 4189 otiam
773 4128 932 4189 communi
956 4147 1078 4209 semper
1100 4127 1135 4191 fit
1159 4150 1226 4191 corn

152 4220 335 4281 memoratio
364 4219 395 4278 in
426 4218 566 4297 utrisque
595 4218 741 4298 l'esporis
769 4223 799 4280 ot
828 4218 1012 4282 Laudibus}

187 4316 215 4372 3.
260 4311 307 4372 Do
345 4311 432 4371 seniis
470 4310 655 4384 majoribns²
692 4330 813 4390 semper
848 4310 883 4372 iit
919 4315 1172 4377 commemoratio
1209 4316 1239 4375 in

188 4450 304 4500 1Novae
324 4450 406 4499 Rubr.
428 4447 493 4498 vll.
517 4447 554 4497 lle
572 4448 604 4495 91⁸
624 4447 671 4496 lec·
759 4447 851 4499 ²Vide
872 4463 897 4499 n.
920 4447 1006 4503 2363.

150 4528 224 4579 tione
243 4542 266 4576 v.
288 4542 313 4576 n.
334 4525 420 4579 2425.
