2804 4890
437 697 490 754 DE
512 696 645 754 MISSIS
670 696 972 754 DEFUNCTORUM
1209 686 1249 749 55

156 872 309 935 nitatibus
333 875 390 934 aut
413 872 450 933 ab
475 871 545 933 aliis
570 870 815 951 quibuscumque
839 869 901 950 piis
926 870 1164 946 Sodalitatibus,
1188 889 1245 951 pro

157 965 380 1029 confratribus
395 964 554 1029 defunctis
569 963 663 1026 semel
679 964 713 1025 in
727 982 810 1026 anno
826 962 894 1026 fieri
909 963 1010 1027 solent
1018 983 1028 1039 ;
1043 982 1164 1027 necnon
1180 962 1245 1039 illa,

156 1081 233 1140 quae
254 1079 311 1139 pro
332 1059 474 1121 fidelium
495 1059 611 1138 pietate
633 1057 718 1120 infra
741 1057 888 1120 Octavam
912 1057 1063 1119 Omnium
1087 1057 1245 1120 Fidelium

159 1154 389 1215 Defunctorum
413 1152 515 1215 locum
537 1152 663 1228 habent,
685 1155 822 1233 exceptis
845 1153 954 1216 diebus
977 1173 1073 1234 supra
1094 1172 1245 1216 memora·

155 1247 228 1310 tis.''
242 1248 267 1282 ¹⁸

195 1346 226 1403 4.
250 1342 323 1402 “An
342 1342 376 1403 in
395 1340 455 1405 fine
479 1339 611 1421 [Missae
630 1341 668 1403 de
688 1340 820 1422 Requie]
845 1341 990 1404 facienda
1008 1343 1051 1403 sit
1069 1339 1245 1404 absolutio?

154 1438 247 1517 Reap.
292 1436 343 1498 Ad
360 1435 505 1509 libitum;
521 1435 584 1496 nisi
600 1434 726 1497 accedat
743 1435 929 1497 mandatum
944 1435 1030 1497 illius
1046 1435 1100 1515 qui
1116 1434 1245 1498 eleemo-

154 1551 265 1609 synam
281 1528 428 1593 obtulit.''
441 1529 467 1563 ¹⁹

197 1628 225 1686 5.
249 1623 344 1687 Noto.
389 1622 464 1685 Dies
482 1625 540 1698 3¹²⁸,
559 1627 617 1698 7¹²⁸,
634 1627 692 1686 etc.
710 1623 866 1704 prioribus
882 1621 1013 1685 saeculis
1029 1623 1095 1701 jam
1112 1623 1147 1683 in
1164 1620 1244 1684 Con·

153 1717 375 1780 stitutionibus
391 1716 501 1796 Apost.
518 1721 679 1779 notantur.
725 1717 872 1780 Rationes
889 1737 946 1796 pro
962 1716 1129 1797 praecipua
1146 1737 1245 1780 recor·

153 1811 283 1873 datione
299 1811 522 1873 defunctorum
537 1812 586 1872 his
601 1810 710 1874 diebus
726 1810 887 1872 facienda:

202 1906 253 1984 (o)
282 1904 342 1966 Uti
357 1904 503 1967 Christus
518 1906 556 1965 3⁰
574 1905 625 1967 die
641 1924 805 1984 resurgens
821 1904 918 1965 vitam
935 1904 1099 1984 reparavit,
1115 1904 1160 1965 ita
1176 1904 1245 1982 ejus

155 1999 278 2061 meritis
302 1998 453 2060 defuncto
478 1997 651 2061 feliciorem
676 2004 806 2073 statum,
831 1998 895 2061 imo
918 1998 1051 2077 gloriam
1077 1997 1244 2077 impetrare

152 2092 328 2153 studemus.

202 2186 255 2263 (b)
285 2184 344 2248 Die
368 2185 403 2247 7⁰
429 2185 594 2246 imitamur
614 2184 718 2263 aliquo
739 2185 832 2248 modo
854 2185 1031 2265 exemplum
1054 2185 1162 2266 populi
1185 2185 1243 2249 Dei

152 2278 195 2338 V.
213 2279 262 2351 T„
279 2278 333 2339 ubi
349 2278 407 2338 tilii
426 2279 523 2341 Jacob
540 2278 750 2340 “celebrantes
767 2281 910 2358 exequias
933 2329 940 2340 .
970 2328 976 2341 .
1006 2328 1012 2340 .
1037 2279 1244 2359 impleverunt

153 2377 276 2452 septem
302 2370 389 2432 dies''
420 2372 514 2450 (Gen.
540 2372 576 2432 L.
606 2374 676 2449 10),
702 2378 734 2435 et
760 2372 855 2434 Eeeli.
882 2372 994 2433 XXII.
1024 2376 1078 2432 13:
1105 2372 1244 2433 “Luctus

151 2466 274 2527 mortui
301 2470 418 2544 septem
445 2464 550 2541 dies'';
575 2468 606 2528 et
633 2467 706 2544 quia
732 2466 884 2545 septimus
910 2466 976 2528 dies
1003 2486 1057 2527 seu
1082 2465 1244 2527 sabbatum

151 2559 314 2639 significat
332 2559 470 2638 requiem
486 2563 654 2622 aeternam.

203 2653 252 2732 (c)
282 2651 357 2714 Dies
378 2654 448 2713 30⁰⁸
467 2652 540 2732 quia
559 2672 616 2732 pro
636 2653 742 2715 Aaron
763 2657 794 2715 et
815 2653 920 2733 Moyse
940 2653 1067 2732 lugebat
1086 2652 1184 2715 Israel
1205 2654 1245 2713 30

151 2746 231 2810 dies.

203 2840 256 2920 (d)
285 2839 521 2914 Anniversaria‚
550 2841 644 2921 (quae
667 2841 744 2902 alias
768 2861 857 2922 saepe
879 2840 1084 2916 celebrantur,
1107 2861 1133 2903 e.
1157 2861 1186 2920 g.
1210 2842 1245 2902 in

151 2935 306 2998 honorem
324 2933 529 3013 Sanctorum)
551 2934 700 2996 instituta
716 2940 801 3010 sunt,
817 2955 856 2998 ne
872 2953 1010 3015 unquam
1026 2936 1177 2998 memoria
1193 2934 1244 2996 de-

152 3027 341 3092 functorum
358 3026 493 3089 deficiat.

382 3213 417 3275 1).
440 3212 485 3277 De
503 3212 609 3275 Missis
627 3213 762 3291 privatis
779 3213 1019 3277 Defunctornm.

196 3360 246 3423 33.
270 3360 387 3441 Missae
398 3361 539 3441 privatae
551 3361 773 3424 defunctorum
787 3382 906 3426 necnon
920 3368 1063 3426 cantatae
1076 3364 1121 3425 vel
1136 3362 1245 3424 solam-

155 3476 209 3516 nes
225 3460 351 3536 praeter
365 3453 432 3516 dies
446 3461 644 3517 enumeratos
665 3456 718 3533 (B.
736 3461 767 3518 et
784 3456 852 3533 0.),
869 3457 930 3517 nisi
948 3457 1080 3536 speciale
1095 3457 1246 3518 habeatur

155 3548 329 3621 indultum,
348 3547 571 3629 probibentur:
584 3551 610 3582 ²⁰

203 3644 255 3719 (o)
283 3642 435 3722 Exposito
455 3641 659 3705 sanctissimo
677 3644 715 3706 ob
734 3644 891 3724 publicam
910 3664 1044 3705 causam.

204 3737 256 3814 (b)
285 3736 325 3797 In
344 3734 529 3797 Dominicis.

204 3831 253 3909 (c)
283 3831 321 3893 ln
341 3831 443 3894 Pestis
459 3831 646 3912 duplicibus.

204 3926 257 4005 (d)
286 3926 379 3991 Infra
399 3927 530 3990 Octavas
548 3927 763 4008 privilegiatos
787 3927 991 4007 (Natiuitatis
1011 3927 1151 4004 Domini,
1171 3928 1246 4009 Epi·

155 4019 300 4101 phaniae,
319 4021 491 4097 Pambotis,
508 4023 645 4099 Accaus,
662 4024 871 4101 Pentecostes,
891 4023 1039 4102 Corporis
1056 4024 1207 4102 Christi).

204 4114 253 4189 (a)
281 4113 421 4193 Vigiliis.

204 4208 252 4287 (f)
280 4206 410 4288 Integra
424 4207 667 4285 Quadragesims
681 4213 809 4289 excepta
823 4209 926 4290 prima
939 4209 990 4272 die
1003 4209 1100 4273 libera
1119 4209 1153 4287 (a
1166 4208 1246 4274 festo

156 4300 294 4386 duplici)
319 4302 457 4385 cujusda
477 4301 694 4367 hebdomadae.

194 4427 271 4481 1ῠῐ).
291 4429 315 4481 2.
332 4427 397 4482 Dee.
417 4425 493 4492 1891,
511 4442 536 4478 n.
555 4427 632 4492 3753,
650 4430 675 4481 5.
763 4435 789 4469 ²⁰
809 4427 896 4481 Sicuti
915 4429 1003 4482 Missa
1019 4427 1113 4479 votiva
1129 4425 1249 4493 privata,

192 4513 218 4548 ¹⁰
236 4508 269 4560 D.
289 4507 367 4559 3363.
387 4507 411 4559 2.
727 4510 840 4572 excepto
864 4505 923 4569 (a).
