2804 4890
308 696 361 752 ΔΒ
384 696 633 753 OFFERTORIO
656 694 789 764 USQUE
811 695 865 749 AD
886 695 1092 751 CANONEM.
1189 685 1250 747 239

161 863 557 945 constantinopolitanum,
591 863 701 926 addita
732 863 888 943 particula
921 862 1076 944 Filioque,
1110 883 1248 942 congrua

160 960 247 1040 quasi
267 958 422 1022 Ecclesiae
439 958 598 1038 responsio
616 958 655 1019 ad
673 957 765 1020 verba
783 957 1009 1036 Evangelica.⁸⁰

203 1052 305 1116 Certis
326 1052 435 1115 diebus
456 1051 608 1115 recitatur
629 1051 750 1113 ratione
771 1050 923 1130 mysterii,
945 1051 1066 1113 ratione
1087 1050 1248 1113 doctrinae

161 1151 193 1210 et
206 1146 327 1211 ratione
342 1144 540 1209 celebritatis.
585 1144 667 1207 Vide
682 1165 714 1207 n.
731 1147 779 1206 23.

610 1459 725 1530 ΛΒΤ.
750 1459 795 1530 V.

320 1659 371 1712 AB
398 1660 634 1713 OFFERTORIO
663 1661 784 1725 USQUE
813 1662 864 1712 AD
892 1661 1085 1714 OANONEM.

204 1849 272 1913 138.
297 1849 440 1912 Salutalo
468 1850 584 1931 populo
611 1850 729 1914 dicitur
757 1851 899 1924 Oramus,
928 1853 1009 1931 quod
1037 1857 1156 1932 spectat
1184 1873 1248 1915 non

161 1944 262 2008 solum
279 1943 318 2005 ad
338 1943 543 2006 Offertorium
561 1944 670 2006 stricto
689 1945 863 2022 sensu„sed
882 1946 920 2007 ad
942 1945 1147 2009 Offertorium
1167 1966 1248 2009 com·

159 2038 353 2118 prehendens
368 2040 474 2102 omnia
490 2060 567 2119 quae
583 2060 653 2101 cum
671 2040 827 2102 oblatione
844 2041 1084 2120 conjunguntur
1098 2062 1194 2121 usque
1211 2042 1250 2104 ad

162 2130 302 2193 Secretas
322 2129 482 2192 inclusive.

202 2225 230 2286 2.
253 2220 455 2285 offertorium
475 2224 662 2303 antiquioris
684 2226 803 2287 formae
825 2223 954 2287 unicum
977 2229 1073 2288 restat
1096 2226 1129 2288 in
1153 2226 1249 2287 Missa

162 2316 393 2398 defunctorum,
419 2317 501 2397 quod
528 2317 710 2380 difficultate
736 2338 800 2380 non
825 2322 918 2380 caret.
973 2319 1073 2380 Juxta
1099 2318 1247 2399 quosdam

162 2409 278 2473 directe
315 2413 425 2474 oratur
462 2431 518 2490 pro
557 2410 740 2474 liberatione
778 2412 957 2473 animarum
995 2433 1011 2474 e
1051 2412 1247 2492 Purgatorio.

162 2503 294 2567 “Libera
312 2504 433 2566 animas
452 2505 594 2565 omnium
614 2504 754 2566 fidelium
774 2504 997 2568 defunctorum
1017 2506 1055 2567 de
1075 2506 1182 2585 poenis
1202 2505 1248 2567 in·

162 2596 276 2672 ferni,''
294 2597 314 2659 i.
331 2619 357 2661 e.
376 2598 448 2678 igne
466 2597 646 2677 Purgatorii
664 2599 718 2677 qui
738 2598 819 2659 idem
837 2619 908 2659 curn
928 2599 999 2677 igne
1017 2598 1166 2661 infernali
1184 2603 1249 2675 est3

163 2690 220 2753 “de
233 2689 393 2771 profundo
408 2689 508 2765 lacu,‘''
524 2712 542 2752 a
556 2712 676 2753 carcere
691 2692 747 2753 sub
762 2697 845 2753 terra
860 2692 984 2767 abdit03
1000 2691 1059 2754 “de
1073 2713 1125 2755 ore
1140 2692 1248 2768 leoniS,

163 2804 201 2848 ne
215 2784 377 2847 absorbeat
392 2804 442 2848 eas
458 2783 626 2859 tartarus‚'’
643 2785 663 2846 i.
680 2808 706 2848 e.
723 2804 762 2846 ne
777 2805 828 2847 eas
843 2784 980 2865 amplius
995 2790 1026 2848 et
1042 2786 1163 2849 diutius
1179 2806 1249 2867 pro-

163 2877 255 2939 fundi
277 2877 364 2940 illius
382 2879 514 2940 carceris
535 2898 682 2940 cavernae
702 2886 733 2941 et
753 2878 877 2940 vincula
898 2883 1104 2955 remorentur,
1125 2900 1181 2942 nec
1203 2879 1249 2942 in·

164 2971 247 3033 ferni
278 2989 396 3051 poenae
430 2975 580 3051 tanquam
614 2972 719 3034 fauces
752 2971 904 3052 quaedam
939 2971 1058 3036 belluae
1093 2973 1250 3048 immanis,

164 3084 268 3127 saevae
292 3085 327 3126 ac
352 3065 548 3127 truculentae
574 3065 753 3136 detineant;
781 3067 840 3126 “ne
865 3065 978 3128 cadant
1006 3067 1037 3127 in
1064 3065 1250 3128 obscurum”

164 3157 230 3220 vult
250 3158 369 3220 dicere:
390 3178 429 3221 ne
449 3161 519 3238 post
540 3159 597 3221 hoe
618 3158 808 3220 sacrificium
829 3157 950 3221 iactum
971 3163 1003 3222 et
1023 3159 1162 3221 oblatum
1183 3179 1251 3239 per-

165 3251 272 3315 mittas
286 3251 387 3313 adhue
401 3271 451 3313 eas
466 3253 498 3312 in
514 3251 651 3312 obscuris
666 3260 766 3313 terrae
780 3251 954 3313 carceribus
969 3253 1102 3313 cruciari
1116 3258 1147 3315 et
1162 3253 1249 3332 quasi

164 3343 265 3408 denno
285 3345 320 3407 in
339 3345 519 3423 Purgatorii
540 3365 654 3424 poenas
673 3345 856 3407 incarrere¹

205 3440 233 3500 3.
256 3438 301 3500 At
322 3436 471 3499 violentia
494 3437 593 3498 verbis
616 3437 742 3499 videtur
765 3436 887 3500 inferri.
934 3437 1037 3512 Quare
1059 3439 1150 3518 juxta
1173 3438 1251 3500 alios

165 3531 324 3594 “Ecclesia
339 3532 372 3593 in
388 3533 444 3593 illa
457 3533 597 3595 oratione
612 3552 674 3592 non
690 3532 866 3594 considerat
881 3539 999 3595 statum
1014 3535 1201 3608 animarum,
1218 3534 1251 3596 in

164 3625 278 3706 quode
295 3625 451 3706 praesenti
469 3628 553 3701 sunt,
571 3625 624 3688 sed
642 3629 854 3705 repraesentat
870 3625 989 3687 exitum
1009 3626 1135 3688 illarum
1153 3647 1170 3689 e
1187 3647 1252 3689 cor·

166 3739 248 3799 pore,
265 3719 335 3800 [seu
350 3719 478 3799 inspicit
490 3739 540 3781 eas
554 3719 587 3779 in
600 3723 672 3780 actu
686 3718 841 3798 agoniae]
858 3726 889 3782 et
904 3725 1051 3798 tanquam
1066 3721 1252 3782 sisterentur

165 3819 241 3876 tunc
254 3817 328 3876 ante
342 3812 481 3876 tribunal
497 3811 567 3885 Dei,
581 3817 726 3893 precatur
741 3818 775 3874 ut
791 3812 965 3875 liberentur
978 3834 995 3874 a
1010 3814 1118 3893 poenis
1133 3813 1250 3875 inferni

167 3907 400 3988 praeservante,
415 3906 446 3969 h.
462 3927 487 3968 e.
505 3927 543 3967 ne
558 3906 758 3975 damnentur,
775 3907 826 3968 secl
844 3909 1056 3986 perducantur
1072 3906 1102 3967 in
1122 3906 1251 3969 Paradi-

201 4084 304 4137 ⁸⁰Jure
323 4084 432 4135 videtur
452 4084 683 4134 adnumerandum
736 4085 886 4141 serebatur.
908 4085 965 4150 ipsa
988 4084 1134 4149 ‹lisciplina
1154 4085 1254 4135 llissee

165 4161 227 4213 huic
263 4161 337 4227 parti
374 4160 499 4211 sacrificii
538 4176 682 4225 praepara·
737 4161 993 4211 s'nteclmmenomm
1040 4177 1091 4210 non
1138 4163 1255 4225 amplius

165 4239 253 4290 toriae
277 4254 324 4290 neu
350 4239 451 4289 Missae
476 4238 682 4288 caleebmaeno-
738 4239 856 4299 rigebat.
910 4239 994 4287 llissn
1030 4238 1147 4288 sirlelinnr
1182 4239 1254 4289 obla·

166 4331 233 4380 rum,
262 4316 354 4382 potius
382 4331 461 4380 qnam
490 4316 592 4366 Missae
622 4315 683 4363 fine-
739 4316 811 4364 tione
837 4330 882 4366 seu
910 4314 1060 4364 Oilertorio
1085 4329 1190 4382 semper
1216 4314 1254 4365 in·

166 4394 240 4457 lium,
268 4394 392 4458 quamvis
421 4393 577 4457 Symbolum
607 4392 684 4442 Fate-
737 4392 865 4456 cipiebat.

165 4472 304 4523 chumenis
322 4476 350 4522 et
369 4470 525 4521 infidelibus
544 4486 595 4519 non
616 4484 684 4518 corn·
773 4477 780 4506 ¹
803 4468 825 4518 1.
849 4469 928 4522 Arar.

166 4547 359 4602 manicaretur.
402 4549 543 4617 Tempore,
568 4561 620 4611 quo
646 4544 684 4597 in·
