2804 4890
444 700 531 757 APP.
554 700 597 756 11.
643 701 696 754 Du
719 699 954 755 CORPORALI.
1185 690 1246 752 579

197 871 227 931 4.
251 866 343 931 Circa
365 872 512 931 ornatum
536 869 706 930 dicendum
730 874 786 944 est,
812 888 874 930 non
899 867 992 930 licere
1015 866 1175 929 filamenla
1199 883 1248 926 co-

156 959 231 1025 loris
256 960 390 1024 caerulei
415 962 462 1024 vel
488 962 575 1023 rubei
601 963 787 1024 intertexere
812 961 888 1035 lino,
914 979 1013 1040 neque
1039 960 1072 1019 in
1099 956 1248 1020 lateribus

157 1074 254 1134 neque
272 1056 306 1116 in
322 1053 435 1117 medio.
474 1054 572 1134 Saepe
590 1054 769 1115 renduntur
784 1051 967 1132 hujusmodi
985 1051 1177 1132 Corporalia,
1195 1048 1248 1111 sed

156 1147 279 1210 ridetur
300 1146 422 1209 obstare
443 1147 525 1221 finis,
546 1148 595 1206 cui
620 1146 787 1225 Corporale
810 1146 950 1221 inservit,
971 1164 1092 1208 necnon
1114 1142 1248 1217 rubrica,

156 1260 232 1320 quae
246 1239 385 1302 absolute
399 1239 506 1301 album
523 1239 690 1317 Corporale
707 1237 848 1318 requirit.
888 1239 960 1300 Non
977 1256 1047 1300 raro
1060 1257 1137 1299 crux
1153 1253 1249 1316 parva

161 1331 265 1412 (rubri
287 1330 415 1410 coloris)
443 1352 500 1392 acu
523 1332 667 1410 pingitur
692 1332 723 1391 in
746 1331 897 1392 anteriori
922 1330 1086 1410 plicatura,
1109 1328 1161 1391 sed
1184 1347 1247 1389 non

156 1429 285 1505 apparet
303 1424 393 1488 ratio.
434 1423 518 1486 Nam
536 1425 561 1484 si
579 1442 655 1484 crux
674 1423 818 1502 affigatur
836 1422 876 1484 ad
894 1422 1154 1503 distinguendum
1173 1421 1247 1483 Cor·

155 1516 260 1597 porale
276 1516 313 1578 ab
328 1516 398 1577 aliis
414 1517 605 1596 paramentis
621 1516 734 1577 melius
750 1515 880 1596 ponitur
897 1517 930 1576 in
946 1513 1048 1577 rrredio
1067 1515 1113 1578 vel
1131 1517 1248 1588 centro,

156 1629 219 1671 non
244 1615 349 1671 autem
374 1610 408 1669 in
434 1608 588 1688 plicatura
612 1614 644 1670 et
670 1611 746 1684 loco,
771 1608 825 1670 ubi
851 1609 1029 1687 fragmenta
1056 1607 1088 1669 S.
1117 1606 1248 1668 Hostiae

155 1701 261 1781 colligi
278 1701 401 1776 debent,
419 1701 584 1763 sedetiam
603 1702 675 1763 haec
693 1721 769 1761 crux
786 1701 891 1762 minus
908 1719 1045 1780 congrua
1060 1705 1116 1762 est.
1157 1697 1247 1760 Nihil

156 1814 227 1855 vero
252 1793 405 1873 prohibet,
432 1793 598 1873 quominus
624 1800 753 1856 ornatus
778 1792 897 1856 textilis
923 1793 1109 1855 denticulati
1135 1811 1248 1872 parvae

156 1887 360 1948 dimensionis
382 1886 464 1948 circa
488 1886 701 1947 extremitates
726 1886 879 1963 trahatur,
902 1886 998 1947 immo
1021 1887 1117 1948 etiam
1140 1883 1248 1946 textile

155 1999 295 2054 aureum,
315 1977 484 2040 dummodo
504 1978 538 2039 in
559 1979 625 2058 ipsa
644 1978 777 2058 planitie
799 1978 977 2058 Corporalis
996 1980 1098 2040 omnis
1119 1981 1248 2040 ornatus

155 2071 245 2134 absit.
289 2071 405 2133 Notam
424 2071 516 2133 habel
539 2071 608 2132 Van
630 2071 685 2132 der
707 2070 877 2151 Stappen:³
900 2070 1104 2150 “Corporalia
1125 2072 1190 2133 sint
1210 2089 1248 2134 ex

155 2163 218 2226 tela
236 2162 451 2239 subtilissima,
469 2168 500 2226 et
519 2167 660 2225 texturae
680 2162 865 2240 diligentius
880 2164 1047 2242 expolitae,
1068 2165 1093 2226 it
1110 2169 1148 2226 nt
1166 2160 1248 2224 nihil

155 2276 300 2337 asperum
327 2256 406 2318 telae
433 2255 509 2319 vitio
537 2256 569 2316 in
596 2255 672 2335 ipsis
698 2260 856 2343 appareat,
884 2275 983 2335 neque
1010 2256 1135 2319 filorum
1163 2255 1247 2335 frag-

155 2354 262 2412 menta
280 2349 402 2412 extrahi
425 2348 563 2429 possint3
586 2347 702 2426 amylo⁴
724 2353 888 2428 postquam
911 2347 974 2409 lota
997 2351 1081 2423 sunt,
1104 2347 1247 2409 roboren-

154 2445 218 2518 tur,
238 2440 291 2504 sed
311 2441 434 2517 leniter,
453 2446 489 2503 ut
508 2440 661 2519 explicata
680 2439 765 2518 ultro
784 2440 822 2502 ad
844 2442 973 2521 planum
995 2461 1026 2502 se
1046 2437 1247 2502 extendant.”

198 2538 226 2597 5.
250 2532 427 2614 Corporale,
451 2531 577 2613 quando
600 2553 662 2594 non
688 2536 735 2596 est
759 2533 793 2594 in
816 2553 886 2608 usu,
910 2537 999 2596 cante
1021 2533 1133 2613 plicari
1157 2532 1248 2595 debet

155 2630 187 2691 el
206 2627 240 2688 in
260 2626 353 2688 bursa
372 2625 531 2688 asservari.
576 2625 734 2705 Obligatio
757 2625 909 2688 incumbit
934 2626 1077 2705 parochis
1097 2630 1130 2688 et
1151 2629 1247 2688 recto·

155 2720 241 2782 ribus
262 2718 464 2782 ecclesiarum
488 2716 631 2792 curandi,
654 2722 691 2780 nt
717 2717 898 2797 Corporalia
922 2739 1043 2798 semper
1068 2719 1132 2780 sint
1157 2736 1247 2778 mun-

155 2811 293 2874 dissima.
339 2809 466 2885 “Iden’'
491 2811 594 2890 inquil
618 2811 733 2873 iterum
760 2812 829 2872 l'an
853 2810 908 2874 der
934 2812 1083 2891 Stappen,
1107 2812 1247 2885 “statim,

154 2925 190 2967 ac
204 2904 362 2985 frequenti
378 2923 437 2965 usu
452 2901 620 2983 Corporale
633 2922 696 2966 non
711 2903 848 2983 amplius
861 2908 908 2967 est
922 2905 1051 2966 omnino
1066 2903 1247 2978 candidum,

154 3003 210 3060 aut
231 2997 337 3078 aliqua
359 2997 391 3058 in
412 3016 447 3059 eo
469 2996 563 3059 etiam
585 2994 718 3058 minima
740 2995 861 3058 macula
885 2995 1140 3076 deprehenditur,
1162 3016 1247 3077 sepo

155 3095 250 3153 natur
282 3088 361 3151 illud
391 3092 423 3152 et
455 3087 626 3150 mundetur
635 3107 644 3164 ;
676 3092 708 3151 et
740 3088 929 3168 frequenter,
964 3090 1088 3170 singulo
1120 3089 1247 3170 quidem

155 3202 269 3258 mense,
286 3184 438 3263 quotquot
456 3181 488 3242 in
504 3201 564 3242 usu
582 3185 656 3243 sunt
675 3181 707 3242 in
726 3181 864 3257 ecclesia,
884 3181 1065 3262 Corporalia
1085 3183 1248 3264 inspicere,

155 3273 354 3339 sacerdotalis
375 3273 451 3336 fides
472 3277 504 3336 et
524 3271 606 3334 zelus
627 3293 684 3353 pro
705 3271 835 3334 fastidio
855 3294 918 3336 non
941 3274 1081 3337 habeat.'’

197 3372 224 3432 6.
249 3367 417 3449 Corporale
445 3370 492 3429 est
519 3365 775 3446 antiquissimum
804 3371 1022 3445 paramentum
1053 3370 1086 3430 in
1115 3367 1246 3432 celebra·

154 3462 240 3525 tione
263 3460 377 3523 Missae
399 3458 601 3522 adhibitum.⁵

196 3552 244 3615 Ab
275 3551 367 3615 initio
396 3551 520 3614 videtur
550 3548 733 3614 coincidisse
763 3570 834 3614 cum
865 3570 979 3637 mappa
1009 3550 1139 3628 Altaris,
1168 3573 1246 3633 quae

185 3698 264 3750 ⁸111.
284 3699 309 3751 9.
329 3700 370 3751 84.
723 3701 813 3748 ersten
857 3698 1046 3752 Jahrhundert
1090 3715 1142 3751 nur
1185 3701 1246 3754 eine

186 3774 315 3827 ⁴Starcb.
723 3772 812 3838 Palla,
852 3773 897 3826 die
936 3776 1059 3840 augleicb
1099 3775 1246 3828 Altartucb

187 3851 267 3903 unas
288 3850 442 3917 Korperale
462 3851 499 3902 ist
519 3849 672 3901 unzweifel-
724 3850 780 3899 und
808 3850 962 3916 Korporale
990 3866 1053 3902 war.
1101 3853 1152 3905 Die
1181 3853 1246 3904 nin·

151 3925 216 3979 hart
253 3927 303 3979 dar
336 3926 451 3979 celtesbe
485 3926 553 3978 aller
589 3926 673 3976 Para·
724 3923 877 3990 fuerhrrmg
891 3926 966 3977 eines
981 3927 1092 3980 aweiten
1109 3930 1163 3979 ond
1180 3927 1248 3983 drit-

152 4007 249 4055 ments.
291 4003 379 4055 Wenn
403 4001 433 4067 J‘e
457 4002 500 4054 ein
525 4002 673 4053 Parament
723 4003 769 4051 ton
803 4001 979 4052 Altartuches
1009 4003 1136 4055 fuehrten
1172 4005 1245 4056 daun

152 4081 237 4130 durch
260 4079 304 4131 die
327 4081 387 4132 dem
409 4077 565 4142 Heiligaten
587 4077 673 4128 schul-
725 4077 803 4140 dazu,
833 4079 897 4130 dass
927 4093 990 4129 man
1021 4080 1080 4130 dem
1111 4080 1245 4143 oberstcn,

152 4156 216 4221 diga
257 4155 410 4206 Ehrfurcbt
451 4154 567 4217 geboten
608 4166 673 4215 war,
724 4151 777 4202 auf
815 4153 941 4204 walchem
983 4156 1161 4207 unmittelbar
1202 4157 1246 4209 dle

152 4233 224 4283 ‹lann
251 4233 285 4282 ist
311 4233 360 4282 das
383 4230 470 4280 sicher
494 4229 544 4280 das
567 4228 672 4293 Karpo-
724 4228 841 4290 heiligen
862 4229 1046 4281 Geheimnisse
1066 4233 1172 4295 rohten,
1194 4233 1244 4283 den

152 4310 216 4359 rale.
262 4307 452 4357 Altartueeher
477 4304 587 4356 ‹luerfte
610 4318 672 4354 man
724 4305 954 4356 aoszeichnenrlen
1008 4306 1112 4358 Namen
1167 4309 1246 4362 Palla

155 4383 277 4445 anfangs
313 4386 393 4433 anter
428 4382 488 4433 dem
524 4378 678 4444 Korporale
724 4381 873 4444 corporalis
903 4382 968 4431 oder
999 4383 1124 4449 lruraweg
1153 4401 1245 4451 corpo·

153 4462 228 4510 nicht
266 4459 416 4524 gebraucbt
454 4458 551 4510 haben.
607 4458 673 4508 Man
725 4456 780 4507 rale
807 4457 869 4517 gab.
918 4456 1034 4522 (Braun,
1061 4460 1171 4512 Handb.
1198 4465 1245 4516 der

152 4537 263 4600 kannte,
288 4535 339 4587 wie
364 4549 394 4586 es
419 4534 533 4597 ucbelnt,
560 4534 587 4583 in
614 4535 673 4585 dem
723 4533 887 4583 kircblichen
905 4533 1090 4602 Parmenidi,
1107 4552 1133 4603 p.
1148 4538 1224 4604 234.)
