2804 4890
148 660 187 724 56
274 670 327 726 ns
350 669 589 742 ocinusnsu
610 670 743 730 iussis
767 670 810 729 m
834 670 1115 736 ranaruunsm.

195 842 248 922 (p)
277 843 378 905 Feriis
406 844 548 918 Quatuor
575 845 776 922 Temporum,
804 844 883 906 feria
913 848 941 908 2.
970 844 1184 926 Rogationum
1210 848 1240 910 et

148 939 229 1005 feria
249 942 282 1003 in
300 960 361 1021 qua
379 941 583 1022 anticipando
602 942 650 1006 rel
670 942 848 1022 reponenda
865 947 913 1007 est
932 942 1031 1007 Misss
1049 943 1241 1007 Dominicse.

195 1033 249 1113 (b)
278 1031 396 1095 Diebus
430 1034 651 1113 Rogationum,
685 1035 712 1097 si
743 1034 799 1096 fiat
832 1035 1003 1112 Processio,
1026 1035 1062 1097 in
1095 1034 1243 1098 Ecclesiis

147 1145 244 1188 unam
262 1129 388 1189 tantum
405 1127 535 1189 Missam
553 1127 775 1191 habentibus²¹

192 1224 219 1280 2.
244 1219 376 1292 Quando
394 1220 428 1280 in
446 1219 593 1281 Ecclesiis
612 1220 657 1281 vel
677 1220 831 1282 Oratoriis
847 1220 982 1301 publicis
999 1220 1036 1281 fit
1053 1220 1153 1281 funus
1170 1239 1240 1282 eum

151 1312 249 1375 Missa
273 1314 427 1393 exequiali
452 1318 625 1394 praesente,
651 1313 808 1394 insepulto
834 1314 881 1376 vel
906 1314 1003 1376 etiam
1028 1314 1153 1395 sepulto
1178 1333 1241 1376 non

150 1407 234 1469 ultra
250 1406 392 1482 biduum,
408 1407 565 1482 cadavere,
582 1408 696 1469 Missae
712 1408 852 1488 privatae
867 1426 924 1487 pro
936 1408 962 1441 ²²
977 1406 1140 1469 defunctis
1156 1408 1240 1469 utin

150 1500 201 1563 die
218 1500 321 1562 obitus
339 1521 393 1562 seu
410 1500 616 1581 depositionis
633 1502 728 1563 etiam
747 1502 780 1562 in
799 1500 987 1581 Duplicibus
1005 1499 1154 1563 celebrari
1173 1519 1241 1582 pos·

150 1601 225 1655 sunt
234 1614 242 1668 ;
258 1595 394 1673 exceptis

198 1687 248 1766 (a)
277 1687 464 1766 Duplicibus
481 1688 601 1767 primae
618 1687 735 1762 classis,

197 1780 249 1859 (b)
278 1779 395 1842 Diebus
412 1780 561 1860 Duplicis
577 1781 697 1860 primae
713 1781 819 1842 classis
835 1779 1073 1844 excludentibus
1089 1783 1122 1844 et

197 1874 246 1953 (c)
275 1874 377 1935 Festis
396 1875 434 1938 de
454 1875 656 1954 praecepto²³

193 1967 234 2028 In
264 1967 409 2031 oratoriis
439 1968 572 2048 privatis
603 1972 634 2031 ct
666 1968 698 2028 in
731 1968 876 2030 oratoriis
906 1967 1131 2047 semipublicis,
1163 1986 1240 2049 quse

151 2061 307 2124 Ecclesiae
330 2061 433 2123 locum
455 2082 519 2124 non
543 2065 661 2132 tenent,
684 2062 795 2123 missae
818 2061 915 2125 lectae
937 2061 1086 2124 celebrari
1110 2065 1241 2142 possunt

150 2155 295 2216 omnibus
315 2154 424 2216 diebus
445 2174 538 2234 supra
559 2175 623 2218 non
642 2156 779 2233 exceptis
798 2155 836 2217 ab
855 2155 944 2217 obitu
962 2174 1060 2235 usque
1079 2155 1119 2217 ad
1140 2153 1240 2234 sepul·

151 2253 265 2323 turam,
294 2248 464 2310 dummodo
493 2249 622 2310 cadaver
650 2249 692 2311 sit
719 2248 821 2309 adhuc
849 2249 975 2328 physice
1004 2248 1050 2310 vel
1080 2248 1241 2312 moraliter

151 2363 295 2423 praesens
317 2343 349 2403 in
371 2343 500 2405 domo.²⁴

193 2440 221 2498 3.
245 2437 285 2499 In
308 2436 446 2516 quolibet
471 2435 590 2498 Sacello
614 2436 780 2515 sepulcreti
805 2436 864 2497 rite
887 2438 989 2499 erecto
1013 2435 1059 2496 vel
1083 2434 1241 2515 erigendo,

152 2530 275 2604 Missae,
289 2551 366 2611 quae
381 2530 460 2591 inibi
474 2530 714 2611 permittuntur,
729 2533 860 2609 possunt
872 2549 936 2591 esse
949 2529 987 2592 de
1003 2529 1119 2606 llequie
1133 2529 1241 2591 diebus

151 2644 214 2684 non
231 2624 408 2704 impeditis:

200 2718 250 2794 (a)
280 2718 372 2779 Festo
389 2717 508 2797 duplici
529 2721 543 2777 1
564 2716 610 2779 101
629 2716 781 2790 celassis,

197 2811 249 2889 (b)
278 2810 453 2873 Dominicis
466 2811 596 2890 aliisque
609 2810 698 2873 festis
711 2811 749 2872 de
761 2813 926 2889 praecepto
937 2808 1108 2883 servandis,
1122 2828 1241 2872 necnon

199 2904 248 2982 (c)
276 2904 386 2973 Feriis,
407 2905 546 2983 Vigiliis,
568 2905 753 2983 Octavisquc
774 2902 1019 2983 11111110111111.π

193 2997 263 3061 IIoc
294 2998 493 3078 privilegium
524 3018 585 3059 non
617 2999 701 3060 favet
732 2997 879 3059 Ecclesiis
910 2996 957 3057 rel
988 2995 1126 3075 Capellia
1155 3000 1242 3060 extra

152 3093 382 3165 coemeterium,
406 3092 512 3154 subter
536 3111 612 3171 quas
636 3091 675 3153 ad
699 3090 875 3170 legitimam
899 3089 1084 3151 distantiam
1108 3089 1242 3151 alicuius

152 3184 295 3250 defuncti
314 3185 445 3247 cadaver
463 3185 632 3266 quiescit²⁰

193 3343 326 3407 Indnlts
344 3343 552 3422 particularis
571 3360 627 3420 pro
644 3341 750 3403 Missis
769 3341 806 3403 de
825 3340 946 3419 Ecquis
965 3340 1200 3404 celebrsndis.²²

188 3486 214 3545 1,
235 3487 380 3551 Episcopis
404 3487 545 3538 Americse
570 3487 649 3552 Sept.
674 3506 692 3544 a
718 3486 747 3543 S.
775 3487 849 3543 Sede
873 3485 992 3543 concedi
1017 3486 1091 3542 solet
1116 3484 1244 3543 facultas

156 3573 268 3642 (Form.
292 3572 317 3630 I.
340 3574 390 3643 20)
420 3572 625 3630 Sacerdotibus
649 3572 904 3641 communicabilis,
928 3572 1070 3641 “siugulis
1094 3571 1179 3627 feriis
1201 3590 1243 3627 se-

150 3659 253 3716 cundis
270 3678 328 3717 non
347 3658 497 3731 impeditis
515 3658 607 3716 0111110
627 3659 680 3716 IX.
699 3658 877 3728 Lectionum,
897 3658 941 3713 vel
960 3657 1001 3714 cis
1019 3657 1179 3728 impeditis,
1198 3658 1244 3714 die

187 3787 211 3821 ²¹
232 3781 327 3833 Novas
353 3781 436 3832 Rubr.
464 3780 498 3830 X.
526 3779 550 3830 2.

187 3864 213 3897 22
232 3858 397 3924 Applicatsc
437 3871 487 3922 pro
528 3856 587 3921 ipso
628 3855 671 3906 ds·

151 3934 256 3986 functo.

188 4017 213 4050 ²⁸
232 4012 265 4062 D.
290 4012 329 4061 19.
354 4010 423 4074 MaJ'.
448 4011 523 4073 1896,
545 4025 571 4060 n.
594 4010 671 4060 3903.

152 4090 183 4152 2;
206 4093 235 4140 et
256 4089 296 4139 12.
317 4088 381 4139 Jan.
405 4088 481 4150 1897,
502 4103 527 4137 n.
549 4087 625 4138 3944.
647 4087 670 4138 3.

151 4167 176 4217 4.
195 4168 219 4217 5.

188 4249 213 4282 ²⁴
232 4243 265 4294 D.
291 4245 330 4294 10.
354 4242 422 4293 Nor.
447 4242 522 4305 1906,
544 4256 570 4292 n.
594 4242 670 4292 4199.

154 4320 246 4371 1.-11
266 4320 339 4371 hisce
360 4318 518 4384 regionibus
539 4319 598 4370 fere
618 4334 671 4368 om·

759 3785 784 3818 21
803 3779 836 3830 D.
855 3779 894 3829 19.
911 3779 980 3842 Maj.
999 3779 1074 3841 1896,
1089 3794 1115 3830 n.
1132 3779 1209 3830 3903.
1222 3781 1243 3829 1.

759 3861 784 3894 2⁰
804 3856 836 3906 D.
856 3857 895 3906 12.
911 3855 976 3907 Jan.
996 3856 1070 3918 1897,
1088 3856 1244 3908 1139111.

759 3938 783 3971 ²²
803 3933 917 3984 Indults
936 3933 969 3984 ds
987 3932 1082 3982 Missis
1099 3932 1179 3984 lectis
1197 3934 1244 3985 sli-

722 4010 821 4074 quibus
847 4010 914 4060 locis
938 4011 980 4061 vel
1008 4007 1160 4061 Ordinibus
1184 4026 1245 4063 con·

723 4102 798 4138 cessa
818 4087 906 4138 adbuc
927 4086 1028 4151 valent,
1048 4089 1171 4154 exceptis
1191 4088 1243 4140 dis-

722 4162 772 4213 bus
785 4166 912 4228 utsupra
925 4163 967 4214 33.
985 4163 1029 4228 (s)
1050 4163 1094 4228 (1)
1116 4164 1164 4229 (g)
1186 4164 1244 4225 (11).

724 4240 790 4289 Istis
815 4240 911 4291 diebus
935 4240 988 4291 dici
1014 4245 1106 4292 tsmcn
1130 4248 1244 4307 possunt

724 4318 824 4368 Missss
846 4319 932 4368 lectas
953 4320 984 4367 ut
1005 4331 1090 4383 suprs
1109 4319 1151 4369 ³3.
1174 4318 1198 4369 2.
1220 4317 1244 4368 3.

151 4399 199 4449 nis
227 4398 348 4449 oratoris
377 4395 556 4461 semipublica
584 4396 671 4446 locum
723 4394 755 4444 D.
773 4396 797 4445 8.
815 4394 881 4445 Feb.
900 4394 975 4445 1913.

152 4474 290 4526 Ecclesiae
308 4477 410 4525 tenent.
