2804 4890
160 667 220 726 272
305 679 358 731 DE
382 679 780 735 PRAESTANTIORIBUS
807 679 1116 735 FUNCTIONIBUS.

211 868 391 908 aanamr'no
403 869 518 917 naseos
529 870 553 910 s.
567 870 736 910 sumamus,
859 867 1039 910 aussoreno
1056 867 1218 910 sonantius.

163 929 290 999 caputio,
316 929 340 985 si
364 935 474 1000 utatur,
498 930 694 1000 “discooperit
718 950 785 987 can-
827 951 890 988 cum
930 930 1122 987 thuriferario
1159 929 1249 987 consi·

162 1005 269 1062 delas.'’
826 1013 916 1065 stunt.
999 1007 1251 1065 tiaeremoniarius

827 1085 888 1155 agit
908 1086 989 1143 utin
1009 1086 1100 1142 Missa
1121 1084 1251 1154 solemni,

798 1179 800 1183 ·
826 1170 854 1220 et
873 1162 1050 1235 discooperit
1071 1163 1214 1220 candelas.

200 1244 225 1298 3.
246 1241 423 1298 “Celebrans
453 1241 583 1299 ascendit
613 1242 651 1299 ad
682 1243 785 1299 Altarc
864 1241 1012 1298 Diaconos
1036 1248 1065 1298 et
1093 1241 1251 1299 Subdiaeo·

162 1319 273 1376 medius
289 1319 365 1376 inter
379 1320 535 1376 secundum
551 1325 579 1376 et
596 1319 713 1376 tertium
729 1320 784 1375 cle·
827 1339 882 1376 nus
900 1339 918 1376 a
936 1319 1077 1376 lateribus
1097 1320 1250 1376 Celebran-

162 1395 253 1452 ricum
270 1402 297 1452 et
316 1397 464 1453 osculatur
480 1396 553 1452 illud
569 1397 600 1452 in
617 1396 720 1466 medio,
738 1416 785 1454 ac·
827 1398 864 1455 tis
882 1397 1042 1454 ascendunt.
1060 1404 1087 1454 et
1105 1397 1143 1454 ad
1159 1416 1250 1453 cornu

162 1473 238 1530 cedit
256 1475 294 1530 ad
314 1494 403 1531 cornu
424 1473 576 1544 Epistolae
594 1493 709 1545 semper
727 1494 784 1531 me-
824 1475 974 1546 Epistolae
1004 1475 1153 1540 assistunt,
1182 1473 1250 1531 Dia-

163 1549 213 1607 diu
239 1550 317 1608 inter
334 1551 479 1623 clericos,”
497 1552 546 1623 qui
566 1572 623 1610 non
643 1553 785 1621 gerruflec·
825 1569 915 1608 conus
939 1570 957 1607 a
981 1551 1100 1619 desiria,
1127 1550 1250 1607 Subdia-

163 1632 229 1683 tunt
243 1627 311 1683 dum
326 1628 483 1684 Celebrans
496 1628 600 1684 Altare
613 1628 783 1685 osculatur.⁴
825 1648 915 1686 conus
941 1648 959 1685 a
984 1626 1120 1699 sinistris,
1147 1628 1251 1700 paulu-

199 1705 226 1762 4.
247 1704 378 1761 “Ibidem
401 1705 478 1762 faeie
500 1705 537 1762 ad
559 1706 670 1773 Altare,
693 1705 785 1762 mani·
824 1707 884 1763 lum
896 1712 982 1763 retro.
1000 1705 1148 1763 Diaconus
1158 1706 1251 1763 elevat

161 1782 216 1840 bus
231 1782 350 1853 junctis
368 1782 395 1839 in
415 1794 483 1840 tono
499 1781 607 1852 feriali,
625 1782 723 1854 dicit‚”
738 1784 784 1840 vel
826 1783 968 1841 fimbriam
990 1783 1138 1856 pluvialis,
1159 1802 1251 1855 quan·

161 1865 271 1931 cantat,
292 1858 317 1916 si
339 1860 435 1918 adsint
458 1867 599 1928 cantores
622 1862 783 1919 “Dominus
826 1862 863 1919 do
878 1860 1163 1931 Celebranssignum
1178 1861 1250 1918 Cru-

161 1940 319 2009 oobiscum,
330 1944 357 1994 et
369 1945 472 2009 postca
483 1938 652 2009 subjungit:
662 1941 784 1996 Oramus
825 1939 866 1995 cis
881 1939 963 1996 facit.
998 1939 1250 1996 Caeremoniarius

165 2015 238 2086 (non
250 2015 407 2072 extendens
420 2017 585 2085 manus),et
598 2015 782 2073 Orationem:
823 2016 933 2074 assistit
948 2017 1033 2074 atad
1048 2017 1206 2074 Introitum
1221 2017 1251 2074 in

159 2097 281 2150 Domine
296 2097 413 2163 Sancte,
427 2099 480 2150 etc.
496 2112 560 2149 cum
576 2101 702 2165 quatuor
718 2094 784 2150 aliis
823 2093 915 2149 Missa
940 2093 1077 2162 solemni;
1104 2093 1172 2150 item
1199 2112 1251 2164 po-

163 2169 380 2227 01·ationibus.”
825 2175 887 2225 stea
916 2168 952 2225 ad
980 2167 1129 2225 incensum
1157 2168 1250 2240 impo-

467 2242 470 2248 ’
825 2247 959 2304 nendum.

198 2325 386 2385 5.“1nre1-im
413 2323 526 2396 primns
552 2323 672 2382 clericus
698 2324 783 2397 ponit
863 2321 1084 2380 ‘thuriferarius
1120 2329 1153 2381 ut
1189 2323 1251 2396 pri·

161 2404 256 2472 ignem
276 2403 305 2458 in
325 2404 473 2460 thuribulo
493 2410 521 2461 et
539 2403 647 2474 accipit
666 2403 783 2460 navicu·
824 2421 889 2457 mus
904 2402 1032 2458 clericus·

161 2482 246 2546 lam,''
267 2481 321 2538 nisi
342 2480 400 2537 ista
419 2481 447 2536 in
468 2500 585 2550 egressu
605 2481 667 2552 jam
687 2500 782 2537 seeum

161 2559 268 2616 tulerit.

198 2639 223 2694 6.
244 2638 339 2693 “Dum
370 2635 477 2693 dicitnr
507 2636 610 2709 quinta
646 2635 777 2706 (ultima)
862 2633 1249 2707 Primusacolythusferens

162 2714 264 2772 Oratio
284 2715 388 2771 tertius
408 2715 537 2781 clericus,
557 2715 607 2786 qui
627 2721 689 2771 erat
709 2734 725 2771 a
745 2715 782 2769 si·
824 2732 875 2769 vas
892 2731 984 2783 aqrrae
1000 2713 1168 2769 benedictae
1185 2732 1248 2769 cum

160 2791 260 2849 nistris
278 2792 467 2861 Celebr·anti5‚
485 2792 566 2848 facta
582 2792 782 2860 genuflexione
825 2790 1015 2847 thuriferario
1033 2795 1101 2862 post
1117 2790 1248 2847 ultimam

159 2867 266 2939 Altari,
283 2868 400 2937 recedit,
419 2875 446 2925 et
465 2875 617 2940 acceptos
635 2869 782 2927 credentia
826 2868 994 2924 Orationem
1012 2867 1122 2924 accedit
1140 2868 1178 2924 ad
1196 2868 1249 2926 Ce-

159 2966 227 3004 rasc
240 2966 332 3018 aquae
343 2946 519 3007 benedictae.
532 2967 589 3003 una
599 2966 664 3003 cum
678 2948 781 3004 clerico
824 2945 992 3003 lebrantem.

159 3022 351 3082 thuriferario
365 3024 475 3081 accedit
495 3024 533 3080 ad
553 3024 781 3082 Celebrantem.'’

196 3102 222 3158 7.
237 3100 421 3168 “CelebranS,
435 3100 579 3170 completa
593 3100 695 3170 quinta
709 3101 781 3157 Ora·
860 3101 1016 3167 Diaconua
1032 3107 1099 3173 post
1115 3101 1246 3159 ultimam

160 3179 246 3247 tione,
276 3177 460 3235 ministrante
488 3197 551 3235 cum
580 3178 685 3234 osculis
715 3198 780 3236 con·
824 3178 992 3235 Orationem
1026 3179 1175 3237 ministrat
1209 3180 1246 3237 ad

157 3257 247 3312 suetis
266 3254 428 3312 naviculam
449 3256 575 3313 secundo
598 3256 709 3318 elerico.
730 3256 780 3327 qui
823 3255 1038 3326 impositionem
1065 3255 1183 3325 incensi,
1209 3258 1246 3315 ad

158 3338 200 3389 est
218 3352 235 3389 a
253 3332 362 3389 dextris
379 3333 452 3402 ejus
471 3331 594 3402 imponit
615 3351 678 3388 cnm
697 3334 780 3388 benc-
822 3333 1038 3403 adspersionern
1063 3340 1092 3391 et
1117 3337 1246 3392 incensa·

154 3409 279 3467 dictione
315 3410 375 3479 (Ab
407 3413 456 3468 illo
489 3411 676 3478 benedicaris
708 3410 775 3479 etr.)
822 3410 938 3473 tionem,
973 3411 1058 3468 modo
1092 3418 1244 3481 consueto;

158 3485 304 3542 incensum
320 3486 349 3542 in
364 3485 540 3542 thuribulo.”
824 3488 1025 3544 Subdiaconus
1046 3488 1163 3545 interim
1185 3490 1245 3546 fim-

195 3565 221 3621 8.
242 3564 381 3625 “Deinde
406 3571 526 3636 accepto
551 3563 737 3636 adspersorio
762 3582 779 3619 a
821 3565 913 3621 briam
945 3564 1083 3636 pluvialis
1113 3565 1244 3624 dextram

157 3642 282 3700 secundo
312 3643 425 3712 elerico,
456 3650 500 3699 ter
531 3642 682 3713 adspergit
712 3660 779 3698 can-
821 3641 956 3700 sustollit.

157 3719 244 3781 delae.
263 3721 290 3777 in
309 3721 411 3785 medio,
429 3740 446 3778 a
464 3720 574 3777 dextris
591 3738 700 3789 eamm,
716 3724 780 3777 eta

156 3797 292 3859 sinistris,
318 3798 416 3855 dicens
441 3797 583 3855 submissa
608 3815 677 3856 voce
703 3794 779 3854 anti-

157 3877 299 3943 phonam:
342 3879 510 3948 :tdsperpes
545 3895 597 3939 me.
632 3881 684 3932 etc.
717 3874 780 3935 sine

157 3954 297 4023 psalmo.''

194 4030 379 4087 “Srrccessive
401 4030 534 4086 similiter
556 4028 666 4100 triplici
689 4029 777 4087 ductu

156 4108 291 4164 candelas
308 4109 402 4164 adolet
422 4107 546 4169 incenso.
564 4109 634 4163 nillil
652 4109 778 4164 dicens.”

192 4188 218 4241 a.
239 4185 411 4255 “t'ornpletn
437 4185 644 4245 luuredietione,
670 4187 827 4244 t'eleluuus
853 4187 933 4245 fana
957 4188 987 4245 in
1013 4188 1108 4247 medio
1133 4189 1246 4247 Altaria

155 4262 252 4320 debita
274 4263 444 4324 reverentia.
465 4269 540 4319 tecto
560 4265 657 4333 eapite
678 4265 704 4321 in
727 4267 916 4336 suppedaneo
937 4285 953 4324 a
975 4273 1061 4338 parte
1084 4267 1245 4336 Evangelii,

154 4340 236 4407 erari
260 4361 390 4397 sermone
414 4344 553 4412 populum
578 4344 740 4399 tulinonelrit
767 4344 802 4399 de
826 4343 1009 4401 institutione
1032 4345 1122 4417 liujus
1144 4348 1245 4403 solem-

154 4419 256 4475 nitatis
282 4426 368 4490 atque
393 4420 547 4491 mysteriis.
574 4429 597 4476 et
628 4422 755 4479 utilitate
779 4422 966 4478 ‹andelanun
992 4423 1245 4495 benedictarum;”

156 4498 230 4560 uuod
251 4505 344 4555 tamen
367 4498 502 4568 primenti
523 4500 588 4566 ejus
607 4501 730 4556 artri‘rio
750 4500 932 4570 relirupritur.

389 4596 399 4628 ⁴
421 4590 582 4639 llartinueei
602 4595 628 4641 ct
647 4591 687 4642 De
705 4593 794 4657 Carpo
811 4595 909 4642 contra
925 4591 1001 4643 alios,
