2804 4890
312 670 366 724 DE
386 671 554 727 LITANIIS
576 672 626 726 ΕΤ
647 673 762 727 MISSA
783 673 868 726 CUM
890 673 1079 727 VESPERIS.
1185 668 1247 730 339

158 865 220 908 non
242 845 341 927 prius,
362 846 524 910 “cantores
544 846 726 910 solemniter
746 847 905 927 incipiunt
926 849 960 910 K
960 847 1025 928 prio
1048 849 1163 912 eleison
1185 853 1242 911 eto.

158 946 188 1001 et
204 944 252 1002 ter
268 939 393 1020 singula
411 939 627 1020 repetuntur.''

199 1036 227 1093 4.
252 1031 434 1095 Celebratur
451 1032 549 1095 Missa
566 1032 713 1094 solemnis
731 1033 796 1096 ritu
814 1032 916 1110 solito,
934 1035 1070 1115 exceptis
1088 1034 1243 1114 sequenti·

157 1125 230 1188 bus:
248 1127 417 1189 Omittitur
434 1126 599 1201 Introitus‚
622 1127 677 1205 (ad
697 1129 803 1190 Gloria
819 1128 997 1207 utsupra),
1015 1129 1125 1200 Credo,
1143 1127 1242 1191 Offer-

157 1221 284 1295 torium,
298 1221 324 1280 A
329 1243 409 1302 pods
424 1219 493 1282 Dei.
538 1219 682 1299 Acolythi
699 1220 737 1282 ad
754 1220 961 1298 Evangelium
976 1221 1127 1282 assistunt
1143 1221 1242 1281 mani-

157 1313 214 1374 bus
231 1314 351 1391 junctis
368 1314 435 1377 sine
454 1314 656 1375 candelabris.
702 1313 774 1374 Non
793 1313 887 1375 datur
904 1315 982 1385 Por,
1001 1313 1054 1375 sed
1073 1313 1157 1375 dicto
1175 1316 1244 1375 Pac

156 1406 288 1468 Domini
303 1411 360 1469 etc.
378 1407 535 1468 Diaconus
553 1414 584 1470 et
602 1406 817 1468 Subdiaeouus
834 1411 1029 1469 commutant
1046 1407 1120 1467 loca.

198 1503 226 1558 5.
249 1498 346 1562 “Post
370 1501 580 1579 sumptionem
608 1499 803 1561 Sacramenti
828 1520 884 1579 pro
908 1499 1055 1579 Vesperis
1080 1499 1112 1561 iu
1140 1498 1242 1561 Charo

156 1597 324 1654 cantantur
350 1593 425 1655 Ant.
452 1594 592 1672 Allolnjo
619 1598 650 1654 et
677 1592 728 1654 Ps.
754 1593 926 1656 Laudato?
978 1592 1144 1655 Celebrans
1169 1613 1241 1654 cum

158 1685 314 1747 Ministris
337 1686 449 1747 stando
472 1691 508 1746 ut
531 1686 569 1746 ad
594 1685 778 1760 Introituiu,
801 1686 909 1749 eadem
933 1686 1052 1748 recitat.
1098 1685 1243 1766 Repetite

157 1778 340 1857 Antiphone
353 1779 541 1841 “tfelcbrans
555 1781 586 1839 in
600 1784 695 1840 cantu
710 1778 821 1858 incipit
834 1778 1052 1859 Antiphonem
1065 1778 1104 1839 ad
1119 1777 1241 1857 Magni·

156 1871 230 1934 ficat
256 1872 388 1953 Vespero
410 1877 515 1933 autem
540 1872 679 1944 Sabbati,
702 1876 734 1933 ct
756 1872 955 1952 prosequitur
979 1869 1131 1947 Chorus,''
1156 1870 1241 1933 Cele-

157 1964 248 2026 brans
265 1985 336 2025 vero
353 1985 424 2026 cum
443 1964 600 2026 Ministris
618 1985 689 2027 voce
706 1964 868 2028 submissa.

198 2061 225 2118 6.
249 2057 298 2118 Ad
314 2057 443 2119 initium
458 2057 643 2137 Mopniticot
657 2077 764 2120 omnes
778 2079 810 2121 se
824 2057 969 2136 signant;
985 2057 1106 2119 Chorus
1120 2057 1240 2135 surgit;

155 2150 321 2212 Celebrans
347 2171 418 2211 cum
446 2150 602 2211 Ministris
628 2150 667 2211 ad
693 2150 832 2212 medium
858 2149 978 2211 Altaris
1005 2150 1133 2225 accedit,
1163 2149 1241 2210 Sub·

155 2244 304 2305 diaconus
328 2244 367 2305 ad
395 2245 464 2322 ejus
489 2244 669 2318 sinistram;
696 2245 747 2304 “et
773 2243 810 2304 fit
837 2244 1008 2306 incensatio
1034 2248 1071 2304 ut
1097 2243 1174 2305 alias
1201 2242 1240 2303 ad

156 2336 356 2418 Vesperas;”
377 2337 533 2398 Diaconus
551 2338 691 2399 incensat
709 2336 935 2411 Celebrantem‚
955 2336 1093 2399 Chorum
1111 2340 1142 2397 et
1162 2335 1240 2396 Sub·

155 2430 332 2503 diaconum,
359 2434 390 2492 et
419 2432 483 2510 ipse
513 2432 692 2491 incensatur
718 2451 736 2491 a
765 2430 986 2503 thuriferari03
1016 2428 1183 2490 Celebrans
1209 2433 1241 2491 et

154 2544 177 2584 s.
202 2523 342 2586 Ministri
367 2524 578 2598 incensantur,
601 2527 719 2584 stantes
743 2528 778 2584 ut
802 2522 840 2584 ad
866 2523 1047 2584 Introitum.
1092 2521 1240 2582 Thurife-

155 2618 255 2678 rarius
285 2617 405 2697 perficit
436 2616 689 2679 incensationem.
745 2615 912 2677 Celcbmns
942 2615 1053 2676 recitet
1082 2615 1239 2677 canticum

154 2710 338 2787 Magnifieat
363 2711 544 2771 alternatim
569 2730 639 2771 cum
668 2709 864 2772 Subdiacono
888 2709 922 2769 in
948 2728 1044 2770 cornu
1070 2706 1239 2788 Epistolae,

154 2804 214 2863 nisi
232 2804 316 2864 intra
333 2803 567 2866 incensationen
584 2803 770 2865 recitaverit.

194 2900 219 2957 t.
244 2897 409 2976 “Repetite
439 2897 621 2977 Antiphone
654 2896 820 2959 Celebrans
849 2897 927 2957 dicit
955 2894 1111 2957 Dominus
1142 2893 1240 2957 vobio-

150 2989 242 3051 oom”
259 2991 291 3050 in
306 2989 409 3051 medio
424 2994 455 3052 et
471 2989 583 3051 finitur
598 2989 692 3050 Missa
708 2989 754 3050 uti
773 2990 805 3049 in
823 2989 953 3051 Missali.

196 3081 292 3142 Missa
312 3082 404 3142 unica
426 3085 550 3142 tantum
573 3082 630 3141 bac
651 3081 701 3141 die
723 3081 930 3160 permittitur,
952 3100 1029 3159 quae
1052 3079 1145 3139 simul
1167 3097 1238 3139 curn

153 3174 315 3236 functione
332 3175 393 3236 diei
412 3173 593 3236 celebranda
611 3174 695 3233 est.¹³

194 3272 221 3328 8.
247 3268 355 3329 Finita
383 3268 477 3328 Missa
507 3267 595 3347 pyxis
625 3267 681 3327 ὃὸ.
712 3267 907 3330 Sacrameuti
935 3266 974 3327 ad
1003 3264 1239 3327 tabernaculum

152 3362 279 3423 solitum
304 3362 454 3423 defertur.

195 3454 270 3519 Post
294 3456 433 3527 Missam,
460 3456 522 3514 imo
548 3456 631 3515 intra
656 3453 796 3527 Missam,
820 3453 846 3513 si
871 3452 954 3513 adsit
977 3454 1179 3529 consuetudo,
1206 3455 1237 3515 S.

153 3548 340 3609 Communio
363 3548 510 3609 distribui
535 3548 673 3627 potest.¹⁴

195 3641 326 3702 Meridie
349 3662 410 3702 non
435 3642 585 3702 recitatur
606 3641 747 3720 Ampelos
770 3638 858 3701 flexis
879 3639 1020 3718 genibus,
1043 3640 1095 3699 sed
1117 3641 1239 3720 Repino

151 3736 228 3794 rodi
245 3734 394 3796 stando.¹⁶

186 3925 208 3954 m
230 3919 260 3967 1),
281 3920 355 3969 1822,
758 3921 783 3955 ¹⁸
803 3914 829 3967 S.
849 3916 877 3967 C.
898 3915 958 3967 Iud.
981 3917 1020 3966 19.
1039 3916 1105 3968 Jun.
1128 3919 1202 3968 1885.

184 4001 209 4032 ¹⁴
229 3993 260 4043 D.
278 3995 355 4046 2561.
