2804 4890
148 673 211 737 550
231 685 317 741 APP.
335 686 377 741 11.
418 686 551 741 NOTAE
575 687 729 740 BREVES
753 684 970 739 HISTORICO
994 683 1237 738 PRAcTIcAE.

192 840 220 900 2.
241 836 299 899 SS.
331 836 522 919 Redemptor
549 840 655 902 nostor
684 837 749 900 sola
778 836 988 902 fundamenta
1015 836 1123 901 cultus
1154 835 1252 900 istius

151 929 289 1011 religiosi
319 930 434 1011 posuit.
487 929 697 994 Particulares
727 927 810 1010 leges
840 934 872 994 ot
901 930 1089 993 minutiores
1122 928 1251 1011 regulas

149 1021 264 1086 addere
277 1041 355 1104 opus
369 1043 433 1085 non
447 1026 524 1098 erat,
539 1023 612 1103 quia
627 1021 767 1085 Ecclesia
779 1026 966 1104 potestatem
981 1024 1101 1104 accepit
1116 1022 1250 1104 regendi

150 1115 258 1179 fideles
282 1119 314 1179 et
340 1115 456 1179 idcirco
479 1115 575 1178 etiam
602 1116 654 1196 jus
681 1115 819 1180 obtinuit
845 1115 1077 1179 determinandi
1105 1115 1251 1190 modum,

150 1209 206 1290 qui
222 1209 257 1271 in
272 1209 419 1272 exercitio
437 1208 541 1271 cultus
556 1207 668 1272 debeat
683 1208 848 1270 observari.
887 1208 940 1272 Sic
956 1208 1082 1291 quidem
1100 1208 1251 1289 contigit,

151 1305 187 1364 nt
202 1301 440 1364 decurrentibus
456 1300 588 1364 saeculis
604 1305 703 1364 vestes
718 1320 822 1364 sacrae
840 1300 980 1365 diversae
996 1300 1032 1363 in
1049 1320 1145 1364 usum
1162 1302 1250 1364 veni·

152 1398 232 1470 rent,
250 1393 362 1475 quibus
378 1394 519 1456 ministri
536 1393 645 1457 altaris
663 1394 697 1456 in
713 1392 930 1456 functionibus
947 1393 1043 1456 sacris
1060 1391 1250 1456 induantur.

193 1489 222 1549 3.
245 1486 374 1564 Errant,
393 1486 447 1569 qui
464 1487 587 1563 dicunt,
601 1487 658 1549 has
676 1488 775 1550 vestes
790 1490 824 1550 et
840 1504 948 1551 earum
965 1505 1058 1548 usum
1074 1485 1216 1550 derivari
1234 1505 1251 1548 a

152 1579 241 1643 cultu
257 1579 443 1655 Israelitico,
459 1579 561 1659 qualis
577 1580 611 1641 in
628 1578 737 1643 Veteri
753 1580 954 1642 Testamento
971 1579 1123 1660 viguerat.
1163 1579 1197 1640 N
1198 1598 1251 1641 am

154 1673 340 1735 vestimenta
366 1672 514 1751 liturgica
542 1670 698 1735 Ecclesiae
724 1691 851 1753 prorsus
878 1671 1000 1736 divorsa
1026 1676 1103 1735 sunt
1131 1671 1170 1734 ab
1200 1671 1252 1747 iis,

154 1783 232 1847 quae
251 1764 394 1827 adhiberi
415 1763 555 1826 solebant
575 1763 660 1846 apud
680 1763 826 1846 antiquos
846 1764 993 1828 Judaeos.
1037 1763 1126 1828 Haec
1146 1765 1252 1828 brevis

154 1857 316 1938 expositio,
339 1875 399 1938 qua
423 1856 590 1919 historiam
610 1862 867 1938 paramentorum
890 1857 964 1922 dare
986 1876 1147 1935 conamur,
1172 1859 1252 1921 satis

154 1969 307 2030 superque
334 1948 571 2027 demonstrabit,
599 1949 771 2012 Ecclesiam
799 1949 993 2014 Catholicam
1020 1968 1123 2013 sacras
1149 1955 1253 2015 vestes

155 2041 366 2106 introduxisse
387 2041 514 2123 proprio
536 2062 592 2106 suo
615 2041 755 2122 impulsu
778 2042 867 2107 nulla
887 2042 1030 2125 specifica
1053 2043 1177 2106 ratione
1199 2044 1250 2105 ha·

155 2135 222 2198 bita
246 2135 350 2198 cultus
374 2133 537 2215 religionis
560 2135 736 2198 anterioris.
782 2135 822 2198 Id
846 2137 973 2198 tantum
996 2133 1124 2198 concedi
1147 2135 1254 2211 debet,

156 2226 261 2310 ipsum
282 2226 487 2309 principium,
509 2247 620 2308 nempe
643 2248 706 2289 non
729 2227 836 2292 decere
857 2228 891 2290 in
913 2226 1131 2291 functionibus
1153 2229 1254 2290 sacris

156 2325 188 2384 et
215 2321 364 2384 distincte
392 2320 550 2401 liturgicis
578 2319 690 2382 iisdem
716 2318 852 2382 restibus
879 2320 939 2397 uti,
967 2319 1079 2401 quibus
1107 2322 1255 2385 homines

156 2414 191 2476 in
217 2413 352 2494 negotiis
379 2413 549 2475 mundanis
576 2418 608 2476 et
635 2412 778 2493 profanis
805 2412 894 2475 indui
923 2413 1052 2488 soleant,
1078 2414 1112 2475 in
1140 2414 1252 2478 Veteri

157 2508 358 2569 Testamento
375 2506 479 2567 doceri
497 2505 542 2567 vel
563 2506 728 2580 insinuari,
745 2510 777 2569 et
794 2504 966 2567 Ecclesiam
983 2507 1040 2569 hoc
1055 2506 1254 2587 principium

157 2600 203 2662 ita
224 2619 242 2660 a
265 2598 331 2661 Deo
354 2598 421 2678 ipso
444 2598 679 2678 promulgatum
702 2596 873 2678 adoptasse.

199 2695 227 2754 4.
251 2690 443 2753 Walalridus
465 2691 577 2752 Strabo
604 2691 659 2769 Η-
682 2692 760 2770 849)
787 2693 937 2753 testatur:
960 2692 1091 2754 “Vestes
1111 2692 1255 2757 sacerdo·

157 2785 235 2848 talos
255 2804 310 2864 per
331 2785 523 2846 incrementa
543 2783 583 2845 ad
603 2803 685 2859 eum,
706 2784 760 2863 qui
781 2803 865 2846 nuuc
885 2783 1028 2859 habetur,
1047 2789 1157 2847 auctae
1179 2790 1255 2847 sunt

158 2884 313 2940 ornatum.
374 2876 457 2938 Nam
494 2876 604 2956 primis
641 2874 833 2955 temporibus
870 2877 1029 2939 communi
1065 2876 1256 2942 indumento

159 2970 263 3032 restiti
285 2969 396 3031 Missas
418 2967 645 3032 celebrabant.''
690 2968 751 3031 Sed
774 2969 868 3031 simul
891 2974 1022 3043 constat,
1044 2974 1152 3045 vestes,
1176 2989 1256 3052 quae

158 3062 278 3123 formae
302 3061 462 3125 communi
490 3060 545 3123 illo
569 3066 707 3140 tempore
732 3061 851 3140 vigenti
876 3065 965 3124 amnt
990 3061 1093 3124 adhuc
1118 3082 1255 3145 congru-

158 3158 244 3217 entes
260 3154 357 3216 fuisse
373 3152 538 3215 nitidiores
553 3159 583 3216 et
600 3154 797 3233 pretiosiores
814 3155 847 3215 in
861 3152 1018 3232 liturgicis
1033 3155 1256 3219 functionibus

158 3253 189 3311 et
210 3248 243 3308 in
264 3267 386 3309 sacrum
407 3245 620 3308 ministerium
638 3249 764 3309 tantum
784 3249 963 3310 reservatas.
1006 3245 1045 3308 Id
1067 3250 1255 3327 praesertim

159 3344 244 3421 patet
258 3361 274 3402 e
290 3339 432 3415 lectione,
448 3359 526 3419 quae
540 3339 676 3401 occurrit
693 3339 725 3400 in
741 3339 900 3402 Breviorio
917 3339 950 3401 in
967 3339 1030 3401 rita
1047 3338 1079 3403 S.
1098 3339 1254 3420 Stephani

163 3435 209 3512 (2.
224 3433 393 3512 Augusti).
432 3430 557 3494 Hefele¹
574 3433 715 3506 annotat,
731 3433 764 3493 in
780 3431 911 3494 Decreto
929 3431 961 3495 S.
978 3432 1130 3514 Stephani
1148 3433 1255 3514 Papae

158 3547 221 3590 non
245 3525 296 3606 agi
320 3524 358 3587 de
382 3544 462 3588 nova
487 3524 696 3600 institutione,
718 3524 771 3586 sed
796 3522 982 3604 simpliciter
1006 3526 1143 3587 invocari
1170 3529 1254 3590 anti·

157 3638 252 3699 quam
278 3615 546 3691 consuetudinem,
571 3635 675 3697 quam,
703 3615 747 3679 sic
773 3616 946 3693 videbatur,
973 3615 1102 3698 quidam
1128 3619 1255 3683 ecclesi-

158 3711 247 3774 astici
270 3709 330 3771 viri
351 3730 414 3773 non
437 3728 557 3789 semper
579 3708 750 3772 seruabant.

201 3808 228 3866 5.
252 3803 323 3865 Van
349 3802 405 3864 dor
433 3802 585 3882 Stappen²
613 3801 853 3864 animadvertit:
881 3803 1071 3883 “Progressu
1101 3808 1257 3887 temporis

157 3896 230 3960 laici
250 3915 447 3959 communem
469 3895 600 3957 vestium
623 3896 758 3957 formam
779 3916 840 3957 non
863 3896 955 3958 semel
978 3898 1154 3972 mutarunt,
1177 3899 1255 3961 dum

158 3990 271 4053 (llorici
296 3989 457 4067 antiquam
484 3988 627 4053 formam.
650 4007 728 4066 quiae
749 3989 922 4067 generatim
947 3994 1012 4051 orat
1037 3988 1131 4069 prisci
1156 3994 1258 4054 moris

158 4083 303 4157 Romani,
319 4083 499 4146 servarunt:
517 4079 600 4140 unde
617 4101 633 4141 a
648 4080 769 4144 saeculo
786 4083 868 4143 certe
885 4081 962 4141 Vll.
981 4081 1093 4143 Clerici
1113 4103 1131 4144 a
1149 4105 1258 4149 saecu·

157 4175 276 4238 laribus
292 4173 390 4253 quoad
408 4191 603 4233 communem
624 4172 754 4233 vestium
775 4172 907 4234 formam
927 4178 1015 4235 orant
1034 4173 1215 4239 distincti.’'

199 4271 227 4331 6.
252 4263 428 4331 Concilium
469 4264 691 4328 Triderrtirmm
736 4265 859 4327 tundam
900 4272 1022 4327 mouet:
1063 4266 1261 4354 “Quumque

195 4417 363 4480 ¹Beitraege
412 4431 459 4466 zur
509 4416 675 4479 Kirchonge·
765 4415 956 4481 ²111.Q.97.

154 4493 283 4561 uniente,
304 4492 336 4542 ΙΙ
356 4493 444 4557 Band,
465 4508 528 4562 pag.
551 4493 608 4546 153,
