<?xml version="1.0" encoding="UTF-8"?>
<!DOCTYPE html PUBLIC "-//W3C//DTD XHTML 1.0 Transitional//EN"
    "http://www.w3.org/TR/xhtml1/DTD/xhtml1-transitional.dtd">
<html xmlns="http://www.w3.org/1999/xhtml" xml:lang="en" lang="en">
 <head>
  <title>
</title>
<meta http-equiv="Content-Type" content="text/html;charset=utf-8" />
  <meta name='ocr-system' content='tesseract 3.04.00' />
  <meta name='ocr-capabilities' content='ocr_page ocr_carea ocr_par ocr_line ocrx_word'/>
</head>
<body>
  <div class='ocr_page' id='page_1' title='image "./compendiumsacra00wapegoog_0102.png"; bbox 0 0 2804 4890; ppageno 0'>
   <div class='ocr_carea' id='block_1_1' title="bbox 545 693 1238 758">
    <p class='ocr_par' dir='ltr' id='par_1_1' title="bbox 545 693 1238 758">
     <span class='ocr_line' id='line_1_1' title="bbox 545 693 1238 758; baseline 0.003 -4"><span class='ocrx_word' id='word_1_1' title='bbox 545 698 599 754; x_wconf 84' lang='lat' dir='ltr'>DE</span> <span class='ocrx_word' id='word_1_2' title='bbox 621 700 836 758; x_wconf 81' lang='lat' dir='ltr'>ORATIONE.</span> <span class='ocrx_word' id='word_1_3' title='bbox 1197 693 1238 756; x_wconf 88' lang='lat'>85</span> 
     </span>
    </p>
   </div>
   <div class='ocr_carea' id='block_1_2' title="bbox 150 869 1278 4418">
    <p class='ocr_par' dir='ltr' id='par_1_2' title="bbox 150 869 1242 2153">
     <span class='ocr_line' id='line_1_2' title="bbox 152 869 1239 950; baseline 0.009 -20"><span class='ocrx_word' id='word_1_4' title='bbox 152 869 278 948; x_wconf 85' lang='lat' dir='ltr'>junctis,</span> <span class='ocrx_word' id='word_1_5' title='bbox 291 874 323 933; x_wconf 88' lang='lat' dir='ltr'>et</span> <span class='ocrx_word' id='word_1_6' title='bbox 338 869 482 934; x_wconf 90' lang='lat' dir='ltr'>demissis</span> <span class='ocrx_word' id='word_1_7' title='bbox 496 871 537 934; x_wconf 86' lang='lat' dir='ltr'>od</span> <span class='ocrx_word' id='word_1_8' title='bbox 553 877 669 934; x_wconf 87' lang='lat' dir='ltr'>terram</span> <span class='ocrx_word' id='word_1_9' title='bbox 683 872 792 950; x_wconf 90' lang='lat' dir='ltr'>oeulis,</span> <span class='ocrx_word' id='word_1_10' title='bbox 807 874 903 938; x_wconf 84' lang='lat' dir='ltr'>vertit</span> <span class='ocrx_word' id='word_1_11' title='bbox 918 894 949 938; x_wconf 91' lang='lat' dir='ltr'>se</span> <span class='ocrx_word' id='word_1_12' title='bbox 964 895 983 938; x_wconf 85' lang='lat' dir='ltr'>a</span> <span class='ocrx_word' id='word_1_13' title='bbox 997 874 1126 938; x_wconf 87' lang='lat' dir='ltr'>sinistro</span> <span class='ocrx_word' id='word_1_14' title='bbox 1141 873 1239 940; x_wconf 80' lang='lat' dir='ltr'>latere</span> 
     </span>
     <span class='ocr_line' id='line_1_3' title="bbox 150 964 1237 1050; baseline 0.007 -26"><span class='ocrx_word' id='word_1_15' title='bbox 150 964 186 1025; x_wconf 86' lang='lat' dir='ltr'>ad</span> <span class='ocrx_word' id='word_1_16' title='bbox 205 965 371 1027; x_wconf 88' lang='lat' dir='ltr'>dexterum</span> <span class='ocrx_word' id='word_1_17' title='bbox 390 985 496 1027; x_wconf 85' lang='lat' dir='ltr'>versus</span> <span class='ocrx_word' id='word_1_18' title='bbox 517 966 678 1046; x_wconf 90' lang='lat' dir='ltr'>populum,</span> <span class='ocrx_word' id='word_1_19' title='bbox 698 967 755 1028; x_wconf 95' lang='lat' dir='ltr'>hoe</span> <span class='ocrx_word' id='word_1_20' title='bbox 776 972 832 1043; x_wconf 90' lang='lat' dir='ltr'>est,</span> <span class='ocrx_word' id='word_1_21' title='bbox 853 987 908 1048; x_wconf 89' lang='lat' dir='ltr'>per</span> <span class='ocrx_word' id='word_1_22' title='bbox 927 989 996 1033; x_wconf 87' lang='lat' dir='ltr'>earu</span> <span class='ocrx_word' id='word_1_23' title='bbox 1016 973 1138 1048; x_wconf 89' lang='lat' dir='ltr'>partem</span> <span class='ocrx_word' id='word_1_24' title='bbox 1158 988 1237 1050; x_wconf 90' lang='lat' dir='ltr'>quae</span> 
     </span>
     <span class='ocr_line' id='line_1_4' title="bbox 152 1057 1237 1143; baseline 0.006 -24"><span class='ocrx_word' id='word_1_25' title='bbox 152 1057 275 1138; x_wconf 77' lang='lat' dir='ltr'>respicit</span> <span class='ocrx_word' id='word_1_26' title='bbox 291 1077 389 1121; x_wconf 88' lang='lat' dir='ltr'>eomu</span> <span class='ocrx_word' id='word_1_27' title='bbox 407 1058 577 1138; x_wconf 84' lang='lat' dir='ltr'>Epistulae,</span> <span class='ocrx_word' id='word_1_28' title='bbox 594 1064 626 1121; x_wconf 88' lang='lat' dir='ltr'>et</span> <span class='ocrx_word' id='word_1_29' title='bbox 643 1060 812 1122; x_wconf 85' lang='lat' dir='ltr'>extendens</span> <span class='ocrx_word' id='word_1_30' title='bbox 830 1082 864 1123; x_wconf 90' lang='lat' dir='ltr'>ae</span> <span class='ocrx_word' id='word_1_31' title='bbox 882 1063 1019 1143; x_wconf 85' lang='lat' dir='ltr'>jungens</span> <span class='ocrx_word' id='word_1_32' title='bbox 1036 1082 1148 1124; x_wconf 86' lang='lat' dir='ltr'>manus</span> <span class='ocrx_word' id='word_1_33' title='bbox 1164 1067 1237 1125; x_wconf 86' lang='lat' dir='ltr'>ante</span> 
     </span>
     <span class='ocr_line' id='line_1_5' title="bbox 152 1153 1238 1233; baseline 0.005 -19"><span class='ocrx_word' id='word_1_34' title='bbox 152 1158 267 1230; x_wconf 90' lang='lat' dir='ltr'>peetus,</span> <span class='ocrx_word' id='word_1_35' title='bbox 284 1157 321 1213; x_wconf 93' lang='lat' dir='ltr'>ut</span> <span class='ocrx_word' id='word_1_36' title='bbox 338 1153 437 1232; x_wconf 88' lang='lat' dir='ltr'>prius,</span> <span class='ocrx_word' id='word_1_37' title='bbox 455 1153 534 1215; x_wconf 90' lang='lat' dir='ltr'>dicit</span> <span class='ocrx_word' id='word_1_38' title='bbox 554 1174 624 1215; x_wconf 88' lang='lat' dir='ltr'>voce</span> <span class='ocrx_word' id='word_1_39' title='bbox 643 1154 819 1233; x_wconf 84' lang='lat' dir='ltr'>praedicta:</span> <span class='ocrx_word' id='word_1_40' title='bbox 838 1155 994 1217; x_wconf 78' lang='lat' dir='ltr'><em>Dominus</em></span> <span class='ocrx_word' id='word_1_41' title='bbox 1013 1156 1181 1229; x_wconf 81' lang='lat' dir='ltr'>vobiscum,</span> <span class='ocrx_word' id='word_1_42' title='bbox 1200 1158 1238 1219; x_wconf 86' lang='lat' dir='ltr'>R.</span> 
     </span>
     <span class='ocr_line' id='line_1_6' title="bbox 152 1245 1239 1329; baseline 0.004 -22"><span class='ocrx_word' id='word_1_43' title='bbox 152 1245 191 1307; x_wconf 76' lang='lat' dir='ltr'>rt</span> <span class='ocrx_word' id='word_1_44' title='bbox 211 1266 285 1308; x_wconf 82' lang='lat' dir='ltr'>oum</span> <span class='ocrx_word' id='word_1_45' title='bbox 303 1246 422 1327; x_wconf 83' lang='lat' dir='ltr'>spiritu</span> <span class='ocrx_word' id='word_1_46' title='bbox 443 1246 528 1309; x_wconf 59' lang='lat' dir='ltr'>tuoss&#39;</span> <span class='ocrx_word' id='word_1_47' title='bbox 573 1248 612 1309; x_wconf 88' lang='lat' dir='ltr'>Se</span> <span class='ocrx_word' id='word_1_48' title='bbox 633 1255 754 1309; x_wconf 87' lang='lat' dir='ltr'>vertens</span> <span class='ocrx_word' id='word_1_49' title='bbox 775 1248 928 1323; x_wconf 90' lang='lat' dir='ltr'>attendat,</span> <span class='ocrx_word' id='word_1_50' title='bbox 951 1253 986 1309; x_wconf 87' lang='lat' dir='ltr'>ut</span> <span class='ocrx_word' id='word_1_51' title='bbox 1007 1248 1239 1329; x_wconf 86' lang='lat' dir='ltr'>aliquantulum</span> 
     </span>
     <span class='ocr_line' id='line_1_7' title="bbox 152 1339 1238 1423; baseline 0 -20"><span class='ocrx_word' id='word_1_52' title='bbox 152 1359 180 1403; x_wconf 86' lang='lat' dir='ltr'>se</span> <span class='ocrx_word' id='word_1_53' title='bbox 194 1339 320 1419; x_wconf 84' lang='lat' dir='ltr'>elonget</span> <span class='ocrx_word' id='word_1_54' title='bbox 337 1339 375 1401; x_wconf 92' lang='lat' dir='ltr'>ab</span> <span class='ocrx_word' id='word_1_55' title='bbox 392 1339 576 1420; x_wconf 83' lang='lat' dir='ltr'>antipendio</span> <span class='ocrx_word' id='word_1_56' title='bbox 593 1340 723 1415; x_wconf 65' lang='lat' dir='ltr'>illiceris,</span> <span class='ocrx_word' id='word_1_57' title='bbox 742 1362 780 1403; x_wconf 91' lang='lat' dir='ltr'>ne</span> <span class='ocrx_word' id='word_1_58' title='bbox 797 1342 935 1403; x_wconf 89' lang='lat' dir='ltr'>casulam</span> <span class='ocrx_word' id='word_1_59' title='bbox 953 1343 1000 1405; x_wconf 89' lang='lat' dir='ltr'>vel</span> <span class='ocrx_word' id='word_1_60' title='bbox 1017 1343 1238 1423; x_wconf 89' lang='lat' dir='ltr'>antipendium</span> 
     </span>
     <span class='ocr_line' id='line_1_8' title="bbox 153 1433 1240 1518; baseline 0.003 -24"><span class='ocrx_word' id='word_1_61' title='bbox 153 1433 244 1513; x_wconf 85' lang='lat' dir='ltr'>plicet</span> <span class='ocrx_word' id='word_1_62' title='bbox 262 1433 310 1496; x_wconf 78' lang='lat' dir='ltr'>vel</span> <span class='ocrx_word' id='word_1_63' title='bbox 327 1438 417 1496; x_wconf 88' lang='lat' dir='ltr'>terat.</span> <span class='ocrx_word' id='word_1_64' title='bbox 462 1434 525 1496; x_wconf 83' lang='lat' dir='ltr'>“Et</span> <span class='ocrx_word' id='word_1_65' title='bbox 542 1435 662 1511; x_wconf 83' lang='lat' dir='ltr'>junctis</span> <span class='ocrx_word' id='word_1_66' title='bbox 680 1440 716 1497; x_wconf 86' lang='lat' dir='ltr'>ul</span> <span class='ocrx_word' id='word_1_67' title='bbox 733 1436 821 1515; x_wconf 88' lang='lat' dir='ltr'>prius</span> <span class='ocrx_word' id='word_1_68' title='bbox 839 1436 983 1497; x_wconf 88' lang='lat' dir='ltr'>manibus</span> <span class='ocrx_word' id='word_1_69' title='bbox 1001 1437 1168 1498; x_wconf 87' lang='lat' dir='ltr'>revertitur</span> <span class='ocrx_word' id='word_1_70' title='bbox 1184 1457 1240 1518; x_wconf 86' lang='lat' dir='ltr'>per</span> 
     </span>
     <span class='ocr_line' id='line_1_9' title="bbox 153 1527 1240 1609; baseline 0.003 -20"><span class='ocrx_word' id='word_1_71' title='bbox 153 1527 291 1591; x_wconf 84' lang='lat' dir='ltr'>eamdem</span> <span class='ocrx_word' id='word_1_72' title='bbox 312 1527 394 1589; x_wconf 84' lang='lat' dir='ltr'>viam</span> <span class='ocrx_word' id='word_1_73' title='bbox 416 1527 455 1589; x_wconf 93' lang='lat' dir='ltr'>ad</span> <span class='ocrx_word' id='word_1_74' title='bbox 477 1528 603 1603; x_wconf 87' lang='lat' dir='ltr'>librum,</span> <span class='ocrx_word' id='word_1_75' title='bbox 625 1528 679 1588; x_wconf 90' lang='lat' dir='ltr'>ubi</span> <span class='ocrx_word' id='word_1_76' title='bbox 699 1549 749 1590; x_wconf 90' lang='lat' dir='ltr'>eas</span> <span class='ocrx_word' id='word_1_77' title='bbox 770 1529 940 1592; x_wconf 83' lang='lat' dir='ltr'>extendens</span> <span class='ocrx_word' id='word_1_78' title='bbox 960 1535 991 1592; x_wconf 89' lang='lat' dir='ltr'>et</span> <span class='ocrx_word' id='word_1_79' title='bbox 1011 1530 1147 1609; x_wconf 81' lang='lat' dir='ltr'>jungens</span> <span class='ocrx_word' id='word_1_80' title='bbox 1168 1535 1240 1592; x_wconf 89' lang='lat' dir='ltr'>ante</span> 
     </span>
     <span class='ocr_line' id='line_1_10' title="bbox 154 1622 1234 1701; baseline -0.001 -17"><span class='ocrx_word' id='word_1_81' title='bbox 154 1627 268 1700; x_wconf 88' lang='lat' dir='ltr'>pectus,</span> <span class='ocrx_word' id='word_1_82' title='bbox 288 1627 443 1701; x_wconf 83' lang='lat' dir='ltr'>caputque</span> <span class='ocrx_word' id='word_1_83' title='bbox 465 1622 559 1682; x_wconf 75' lang='lat' dir='ltr'>Cruci</span> <span class='ocrx_word' id='word_1_84' title='bbox 581 1622 746 1697; x_wconf 61' lang='lat' dir='ltr'>inclinans,</span> <span class='ocrx_word' id='word_1_85' title='bbox 766 1623 860 1683; x_wconf 90' lang='lat' dir='ltr'>dicit:</span> <span class='ocrx_word' id='word_1_86' title='bbox 883 1624 1015 1686; x_wconf 80' lang='lat' dir='ltr'>Oramus</span> <span class='ocrx_word' id='word_1_87' title='bbox 1020 1646 1034 1695; x_wconf 90' lang='lat'><em>;</em></span> <span class='ocrx_word' id='word_1_88' title='bbox 1052 1627 1121 1685; x_wconf 89' lang='lat' dir='ltr'>tum</span> <span class='ocrx_word' id='word_1_89' title='bbox 1148 1671 1155 1684; x_wconf 94' lang='lat'><strong>.</strong></span> <span class='ocrx_word' id='word_1_90' title='bbox 1187 1671 1194 1683; x_wconf 92' lang='lat'><strong>.</strong></span> <span class='ocrx_word' id='word_1_91' title='bbox 1228 1671 1234 1683; x_wconf 95' lang='lat'><em>.</em></span> 
     </span>
     <span class='ocr_line' id='line_1_11' title="bbox 155 1715 1240 1790; baseline 0.002 -14"><span class='ocrx_word' id='word_1_92' title='bbox 155 1715 287 1777; x_wconf 77' lang='lat' dir='ltr'>extensis</span> <span class='ocrx_word' id='word_1_93' title='bbox 301 1715 456 1790; x_wconf 89' lang='lat' dir='ltr'>manibus,</span> <span class='ocrx_word' id='word_1_94' title='bbox 471 1715 550 1777; x_wconf 88' lang='lat' dir='ltr'>dicit</span> <span class='ocrx_word' id='word_1_95' title='bbox 565 1717 757 1778; x_wconf 78' lang='lat' dir='ltr'>Orationem.</span> <span class='ocrx_word' id='word_1_96' title='bbox 784 1716 864 1776; x_wconf 89' lang='lat' dir='ltr'>Curn</span> <span class='ocrx_word' id='word_1_97' title='bbox 880 1716 974 1777; x_wconf 89' lang='lat' dir='ltr'>dicit:</span> <span class='ocrx_word' id='word_1_98' title='bbox 990 1719 1054 1780; x_wconf 84' lang='lat' dir='ltr'>Per</span> <span class='ocrx_word' id='word_1_99' title='bbox 1067 1717 1240 1780; x_wconf 83' lang='lat' dir='ltr'>Dominum</span> 
     </span>
     <span class='ocr_line' id='line_1_12' title="bbox 156 1808 1240 1890; baseline -0.002 -18"><span class='ocrx_word' id='word_1_100' title='bbox 156 1813 305 1881; x_wconf 79' lang='lat' dir='ltr'>nostrum,</span> <span class='ocrx_word' id='word_1_101' title='bbox 319 1808 430 1889; x_wconf 81' lang='lat' dir='ltr'>jungit</span> <span class='ocrx_word' id='word_1_102' title='bbox 443 1828 565 1883; x_wconf 88' lang='lat' dir='ltr'>manus,</span> <span class='ocrx_word' id='word_1_103' title='bbox 580 1829 691 1890; x_wconf 86' lang='lat' dir='ltr'>easque</span> <span class='ocrx_word' id='word_1_104' title='bbox 705 1810 831 1886; x_wconf 88' lang='lat' dir='ltr'>junctas</span> <span class='ocrx_word' id='word_1_105' title='bbox 847 1815 932 1871; x_wconf 88' lang='lat' dir='ltr'>tenet</span> <span class='ocrx_word' id='word_1_106' title='bbox 948 1811 1099 1888; x_wconf 87' lang='lat' dir='ltr'>usquead</span> <span class='ocrx_word' id='word_1_107' title='bbox 1115 1809 1240 1884; x_wconf 76' lang='lat' dir='ltr'>finem,&#39;⁷</span> 
     </span>
     <span class='ocr_line' id='line_1_13' title="bbox 156 1902 1241 1978; baseline 0.001 -15"><span class='ocrx_word' id='word_1_108' title='bbox 156 1902 282 1965; x_wconf 89' lang='lat' dir='ltr'>interim</span> <span class='ocrx_word' id='word_1_109' title='bbox 310 1921 375 1963; x_wconf 90' lang='lat' dir='ltr'>non</span> <span class='ocrx_word' id='word_1_110' title='bbox 404 1907 527 1966; x_wconf 88' lang='lat' dir='ltr'>vertens</span> <span class='ocrx_word' id='word_1_111' title='bbox 555 1903 641 1965; x_wconf 81' lang='lat' dir='ltr'>tolia.</span> <span class='ocrx_word' id='word_1_112' title='bbox 686 1904 743 1964; x_wconf 82' lang='lat' dir='ltr'>“Si</span> <span class='ocrx_word' id='word_1_113' title='bbox 772 1903 864 1964; x_wconf 90' lang='lat' dir='ltr'>aliter</span> <span class='ocrx_word' id='word_1_114' title='bbox 893 1903 1092 1966; x_wconf 84' lang='lat' dir='ltr'>concluditur</span> <span class='ocrx_word' id='word_1_115' title='bbox 1122 1904 1241 1978; x_wconf 86' lang='lat' dir='ltr'>Oratio,</span> 
     </span>
     <span class='ocr_line' id='line_1_14' title="bbox 157 1995 1242 2078; baseline 0 -20"><span class='ocrx_word' id='word_1_116' title='bbox 157 1996 215 2072; x_wconf 80' lang='lat' dir='ltr'>Qui</span> <span class='ocrx_word' id='word_1_117' title='bbox 245 2001 359 2068; x_wconf 83' lang='lat' dir='ltr'>tecum,</span> <span class='ocrx_word' id='word_1_118' title='bbox 388 1995 436 2058; x_wconf 85' lang='lat' dir='ltr'>vel</span> <span class='ocrx_word' id='word_1_119' title='bbox 466 1996 530 2074; x_wconf 78' lang='lat' dir='ltr'>Qui</span> <span class='ocrx_word' id='word_1_120' title='bbox 557 1997 646 2069; x_wconf 80' lang='lat' dir='ltr'>vivis,</span> <span class='ocrx_word' id='word_1_121' title='bbox 675 2017 747 2058; x_wconf 90' lang='lat' dir='ltr'>eum</span> <span class='ocrx_word' id='word_1_122' title='bbox 777 1997 871 2058; x_wconf 87' lang='lat' dir='ltr'>dicii:</span> <span class='ocrx_word' id='word_1_123' title='bbox 901 1998 942 2059; x_wconf 84' lang='lat' dir='ltr'>lo</span> <span class='ocrx_word' id='word_1_124' title='bbox 972 1999 1104 2070; x_wconf 82' lang='lat' dir='ltr'>onitate,</span> <span class='ocrx_word' id='word_1_125' title='bbox 1134 1998 1242 2078; x_wconf 79' lang='lat' dir='ltr'>jungit</span> 
     </span>
     <span class='ocr_line' id='line_1_15' title="bbox 156 2088 296 2153; baseline 0 -36"><span class='ocrx_word' id='word_1_126' title='bbox 156 2088 296 2153; x_wconf 58' lang='lat' dir='ltr'><strong>mamm„</strong></span> 
     </span>
    </p>

    <p class='ocr_par' dir='ltr' id='par_1_3' title="bbox 151 2183 1247 3181">
     <span class='ocr_line' id='line_1_16' title="bbox 151 2183 1243 2265; baseline 0.002 -21"><span class='ocrx_word' id='word_1_127' title='bbox 151 2250 155 2258; x_wconf 59' lang='grc'><em>,</em></span> <span class='ocrx_word' id='word_1_128' title='bbox 194 2186 222 2244; x_wconf 80' lang='grc'>2.</span> <span class='ocrx_word' id='word_1_129' title='bbox 245 2183 350 2246; x_wconf 87' lang='lat' dir='ltr'>“Cum</span> <span class='ocrx_word' id='word_1_130' title='bbox 376 2184 561 2246; x_wconf 88' lang='lat' dir='ltr'>nominatur</span> <span class='ocrx_word' id='word_1_131' title='bbox 587 2203 700 2245; x_wconf 91' lang='lat' dir='ltr'>nomen</span> <span class='ocrx_word' id='word_1_132' title='bbox 726 2185 830 2257; x_wconf 69' lang='lat' dir='ltr'>«lesos,</span> <span class='ocrx_word' id='word_1_133' title='bbox 858 2190 951 2265; x_wconf 88' lang='lat' dir='ltr'>caput</span> <span class='ocrx_word' id='word_1_134' title='bbox 978 2206 1083 2247; x_wconf 84' lang='lat' dir='ltr'>versus</span> <span class='ocrx_word' id='word_1_135' title='bbox 1111 2184 1243 2247; x_wconf 86' lang='lat' dir='ltr'>Crucem</span> 
     </span>
     <span class='ocr_line' id='line_1_17' title="bbox 159 2275 1241 2352; baseline 0.001 -14"><span class='ocrx_word' id='word_1_136' title='bbox 159 2275 272 2340; x_wconf 84' lang='lat' dir='ltr'>inclina</span> <span class='ocrx_word' id='word_1_137' title='bbox 290 2275 319 2338; x_wconf 84' lang='lat'>.&#39;&#39;</span> <span class='ocrx_word' id='word_1_138' title='bbox 363 2276 398 2338; x_wconf 88' lang='lat' dir='ltr'>Si</span> <span class='ocrx_word' id='word_1_139' title='bbox 418 2279 452 2339; x_wconf 93' lang='lat' dir='ltr'>in</span> <span class='ocrx_word' id='word_1_140' title='bbox 471 2277 668 2340; x_wconf 89' lang='lat' dir='ltr'>conclusione</span> <span class='ocrx_word' id='word_1_141' title='bbox 688 2298 802 2340; x_wconf 88' lang='lat' dir='ltr'>nornen</span> <span class='ocrx_word' id='word_1_142' title='bbox 819 2280 914 2341; x_wconf 70' lang='lat' dir='ltr'>desios</span> <span class='ocrx_word' id='word_1_143' title='bbox 933 2300 995 2340; x_wconf 93' lang='lat' dir='ltr'>non</span> <span class='ocrx_word' id='word_1_144' title='bbox 1014 2280 1160 2352; x_wconf 88' lang='lat' dir='ltr'>occurrit,</span> <span class='ocrx_word' id='word_1_145' title='bbox 1181 2299 1241 2339; x_wconf 93' lang='lat' dir='ltr'>non</span> 
     </span>
     <span class='ocr_line' id='line_1_18' title="bbox 160 2370 1244 2450; baseline 0 -18"><span class='ocrx_word' id='word_1_146' title='bbox 160 2370 297 2433; x_wconf 88' lang='lat' dir='ltr'>inclinat.</span> <span class='ocrx_word' id='word_1_147' title='bbox 340 2371 405 2434; x_wconf 86' lang='lat' dir='ltr'>“Et</span> <span class='ocrx_word' id='word_1_148' title='bbox 425 2371 572 2434; x_wconf 89' lang='lat' dir='ltr'>similiter</span> <span class='ocrx_word' id='word_1_149' title='bbox 592 2371 779 2450; x_wconf 89' lang='lat' dir='ltr'>ubicumque</span> <span class='ocrx_word' id='word_1_150' title='bbox 801 2373 984 2434; x_wconf 89' lang='lat' dir='ltr'>nominatur</span> <span class='ocrx_word' id='word_1_151' title='bbox 1004 2392 1117 2434; x_wconf 90' lang='lat' dir='ltr'>nomen</span> <span class='ocrx_word' id='word_1_152' title='bbox 1139 2372 1244 2434; x_wconf 87' lang='lat' dir='ltr'>beatae</span> 
     </span>
     <span class='ocr_line' id='line_1_19' title="bbox 161 2462 1243 2545; baseline 0 -20"><span class='ocrx_word' id='word_1_153' title='bbox 161 2462 285 2540; x_wconf 78' lang='lat' dir='ltr'>Mariae,</span> <span class='ocrx_word' id='word_1_154' title='bbox 303 2464 350 2527; x_wconf 85' lang='lat' dir='ltr'>rel</span> <span class='ocrx_word' id='word_1_155' title='bbox 370 2464 569 2539; x_wconf 87' lang='lat' dir='ltr'>Sanctorum,</span> <span class='ocrx_word' id='word_1_156' title='bbox 587 2465 626 2526; x_wconf 90' lang='lat' dir='ltr'>de</span> <span class='ocrx_word' id='word_1_157' title='bbox 644 2464 757 2545; x_wconf 89' lang='lat' dir='ltr'>quibus</span> <span class='ocrx_word' id='word_1_158' title='bbox 776 2465 893 2527; x_wconf 91' lang='lat' dir='ltr'>dicitur</span> <span class='ocrx_word' id='word_1_159' title='bbox 913 2466 1020 2538; x_wconf 87' lang='lat' dir='ltr'>Missa,</span> <span class='ocrx_word' id='word_1_160' title='bbox 1040 2466 1087 2526; x_wconf 91' lang='lat' dir='ltr'>vel</span> <span class='ocrx_word' id='word_1_161' title='bbox 1107 2465 1144 2526; x_wconf 88' lang='lat' dir='ltr'>fit</span> <span class='ocrx_word' id='word_1_162' title='bbox 1163 2485 1243 2525; x_wconf 92' lang='lat' dir='ltr'>eom-</span> 
     </span>
     <span class='ocr_line' id='line_1_20' title="bbox 160 2558 1245 2639; baseline -0.001 -20"><span class='ocrx_word' id='word_1_163' title='bbox 160 2559 350 2633; x_wconf 89' lang='lat' dir='ltr'>memoratio,</span> <span class='ocrx_word' id='word_1_164' title='bbox 374 2559 451 2620; x_wconf 89' lang='lat' dir='ltr'>item</span> <span class='ocrx_word' id='word_1_165' title='bbox 474 2559 508 2619; x_wconf 92' lang='lat' dir='ltr'>in</span> <span class='ocrx_word' id='word_1_166' title='bbox 533 2559 682 2622; x_wconf 86' lang='lat' dir='ltr'>Oratione</span> <span class='ocrx_word' id='word_1_167' title='bbox 705 2579 761 2639; x_wconf 93' lang='lat' dir='ltr'>pro</span> <span class='ocrx_word' id='word_1_168' title='bbox 785 2559 881 2638; x_wconf 90' lang='lat' dir='ltr'>Papa,</span> <span class='ocrx_word' id='word_1_169' title='bbox 904 2559 1028 2638; x_wconf 88' lang='lat' dir='ltr'>quando</span> <span class='ocrx_word' id='word_1_170' title='bbox 1053 2558 1245 2631; x_wconf 88' lang='lat' dir='ltr'>nominatur,</span> 
     </span>
     <span class='ocr_line' id='line_1_21' title="bbox 161 2650 1245 2732; baseline -0.002 -19"><span class='ocrx_word' id='word_1_171' title='bbox 161 2670 277 2732; x_wconf 85' lang='lat' dir='ltr'>semper</span> <span class='ocrx_word' id='word_1_172' title='bbox 291 2658 386 2731; x_wconf 91' lang='lat' dir='ltr'>caput</span> <span class='ocrx_word' id='word_1_173' title='bbox 402 2650 556 2723; x_wconf 89' lang='lat' dir='ltr'>inclinat,¹</span> <span class='ocrx_word' id='word_1_174' title='bbox 573 2673 637 2714; x_wconf 91' lang='lat' dir='ltr'>non</span> <span class='ocrx_word' id='word_1_175' title='bbox 653 2656 757 2713; x_wconf 87' lang='lat' dir='ltr'>tamen</span> <span class='ocrx_word' id='word_1_176' title='bbox 773 2673 878 2714; x_wconf 85' lang='lat' dir='ltr'>versus</span> <span class='ocrx_word' id='word_1_177' title='bbox 894 2653 1036 2725; x_wconf 86' lang='lat' dir='ltr'>Crucem,</span> <span class='ocrx_word' id='word_1_178' title='bbox 1052 2653 1112 2713; x_wconf 91' lang='lat' dir='ltr'>nisi</span> <span class='ocrx_word' id='word_1_179' title='bbox 1130 2652 1163 2712; x_wconf 91' lang='lat' dir='ltr'>iu</span> <span class='ocrx_word' id='word_1_180' title='bbox 1179 2651 1245 2713; x_wconf 93' lang='lat' dir='ltr'>loco</span> 
     </span>
     <span class='ocr_line' id='line_1_22' title="bbox 162 2745 1245 2826; baseline 0 -20"><span class='ocrx_word' id='word_1_181' title='bbox 162 2746 325 2826; x_wconf 88' lang='lat' dir='ltr'>principali</span> <span class='ocrx_word' id='word_1_182' title='bbox 339 2745 459 2807; x_wconf 88' lang='lat' dir='ltr'>Altaris</span> <span class='ocrx_word' id='word_1_183' title='bbox 472 2746 623 2807; x_wconf 88' lang='lat' dir='ltr'>habeatnr</span> <span class='ocrx_word' id='word_1_184' title='bbox 636 2746 839 2807; x_wconf 81' lang='lat' dir='ltr'>simulacrum</span> <span class='ocrx_word' id='word_1_185' title='bbox 853 2747 898 2808; x_wconf 84' lang='lat' dir='ltr'>vel</span> <span class='ocrx_word' id='word_1_186' title='bbox 914 2747 1015 2824; x_wconf 79' lang='lat' dir='ltr'>inrogo</span> <span class='ocrx_word' id='word_1_187' title='bbox 1029 2747 1064 2806; x_wconf 91' lang='grc' dir='ltr'>Β,</span> <span class='ocrx_word' id='word_1_188' title='bbox 1079 2746 1122 2806; x_wconf 89' lang='grc' dir='ltr'>Μ.</span> <span class='ocrx_word' id='word_1_189' title='bbox 1138 2745 1176 2806; x_wconf 94' lang='lat' dir='ltr'>V.</span> <span class='ocrx_word' id='word_1_190' title='bbox 1191 2750 1245 2807; x_wconf 87' lang='lat' dir='ltr'>aut</span> 
     </span>
     <span class='ocr_line' id='line_1_23' title="bbox 164 2836 1245 2919; baseline -0.002 -18"><span class='ocrx_word' id='word_1_191' title='bbox 164 2836 278 2914; x_wconf 80' lang='lat' dir='ltr'>Sancti,</span> <span class='ocrx_word' id='word_1_192' title='bbox 301 2844 357 2900; x_wconf 87' lang='lat' dir='ltr'>aut</span> <span class='ocrx_word' id='word_1_193' title='bbox 382 2838 535 2919; x_wconf 83' lang='lat' dir='ltr'>Reliquia,</span> <span class='ocrx_word' id='word_1_194' title='bbox 557 2840 596 2900; x_wconf 86' lang='lat' dir='ltr'>ad</span> <span class='ocrx_word' id='word_1_195' title='bbox 620 2859 713 2919; x_wconf 79' lang='lat' dir='ltr'>qrrarn</span> <span class='ocrx_word' id='word_1_196' title='bbox 737 2846 832 2919; x_wconf 85' lang='lat' dir='ltr'>caput</span> <span class='ocrx_word' id='word_1_197' title='bbox 856 2840 1036 2900; x_wconf 90' lang='lat' dir='ltr'>inclinatur.</span> <span class='ocrx_word' id='word_1_198' title='bbox 1081 2839 1117 2901; x_wconf 83' lang='lat' dir='ltr'>si</span> <span class='ocrx_word' id='word_1_199' title='bbox 1140 2838 1245 2919; x_wconf 89' lang='lat' dir='ltr'>plures</span> 
     </span>
     <span class='ocr_line' id='line_1_24' title="bbox 164 2929 1247 3007; baseline 0.003 -16"><span class='ocrx_word' id='word_1_200' title='bbox 164 2929 323 2995; x_wconf 88' lang='lat' dir='ltr'>Orationes</span> <span class='ocrx_word' id='word_1_201' title='bbox 352 2932 416 2995; x_wconf 88' lang='lat' dir='ltr'>sint</span> <span class='ocrx_word' id='word_1_202' title='bbox 444 2932 604 3007; x_wconf 86' lang='lat' dir='ltr'>dicendae,</span> <span class='ocrx_word' id='word_1_203' title='bbox 635 2933 718 2995; x_wconf 89' lang='lat' dir='ltr'>idem</span> <span class='ocrx_word' id='word_1_204' title='bbox 747 2934 781 2994; x_wconf 90' lang='lat' dir='ltr'>in</span> <span class='ocrx_word' id='word_1_205' title='bbox 809 2935 864 3007; x_wconf 88' lang='lat' dir='ltr'>eis,</span> <span class='ocrx_word' id='word_1_206' title='bbox 894 2934 928 2994; x_wconf 91' lang='lat' dir='ltr'>in</span> <span class='ocrx_word' id='word_1_207' title='bbox 958 2953 1039 3007; x_wconf 85' lang='lat' dir='ltr'>voce,</span> <span class='ocrx_word' id='word_1_208' title='bbox 1068 2932 1247 2994; x_wconf 83' lang='lat' dir='ltr'>extensione</span> 
     </span>
     <span class='ocr_line' id='line_1_25' title="bbox 165 3025 1245 3106; baseline 0 -21"><span class='ocrx_word' id='word_1_209' title='bbox 165 3043 312 3088; x_wconf 90' lang='lat' dir='ltr'>manuum</span> <span class='ocrx_word' id='word_1_210' title='bbox 344 3030 375 3088; x_wconf 88' lang='lat' dir='ltr'>et</span> <span class='ocrx_word' id='word_1_211' title='bbox 405 3025 518 3105; x_wconf 90' lang='lat' dir='ltr'>capitis</span> <span class='ocrx_word' id='word_1_212' title='bbox 550 3027 764 3100; x_wconf 85' lang='lat' dir='ltr'>inclinatione,</span> <span class='ocrx_word' id='word_1_213' title='bbox 796 3027 878 3105; x_wconf 86' lang='lat' dir='ltr'>qnod</span> <span class='ocrx_word' id='word_1_214' title='bbox 910 3046 1004 3106; x_wconf 89' lang='lat' dir='ltr'>supra</span> <span class='ocrx_word' id='word_1_215' title='bbox 1035 3027 1156 3087; x_wconf 87' lang='lat' dir='ltr'>dictum</span> <span class='ocrx_word' id='word_1_216' title='bbox 1188 3031 1245 3100; x_wconf 90' lang='lat' dir='ltr'>est,</span> 
     </span>
     <span class='ocr_line' id='line_1_26' title="bbox 164 3117 369 3181; baseline 0.015 -4"><span class='ocrx_word' id='word_1_217' title='bbox 164 3117 369 3181; x_wconf 81' lang='lat' dir='ltr'>observatur.’&#39;</span> 
     </span>
    </p>

    <p class='ocr_par' dir='ltr' id='par_1_4' title="bbox 164 3212 1278 4418">
     <span class='ocr_line' id='line_1_27' title="bbox 200 3212 1247 3293; baseline 0 -20"><span class='ocrx_word' id='word_1_218' title='bbox 200 3216 228 3274; x_wconf 89' lang='grc'>3.</span> <span class='ocrx_word' id='word_1_219' title='bbox 251 3212 313 3274; x_wconf 84' lang='lat' dir='ltr'>“In</span> <span class='ocrx_word' id='word_1_220' title='bbox 342 3212 484 3286; x_wconf 90' lang='lat' dir='ltr'>Quatuor</span> <span class='ocrx_word' id='word_1_221' title='bbox 512 3213 729 3293; x_wconf 79' lang='lat' dir='ltr'>Temporibus.</span> <span class='ocrx_word' id='word_1_222' title='bbox 758 3213 804 3274; x_wconf 82' lang='lat' dir='ltr'>vel</span> <span class='ocrx_word' id='word_1_223' title='bbox 833 3214 919 3288; x_wconf 86' lang='lat' dir='ltr'>alios,</span> <span class='ocrx_word' id='word_1_224' title='bbox 949 3214 1072 3292; x_wconf 88' lang='lat' dir='ltr'>qnando</span> <span class='ocrx_word' id='word_1_225' title='bbox 1099 3212 1247 3274; x_wconf 90' lang='lat' dir='ltr'>dicendae</span> 
     </span>
     <span class='ocr_line' id='line_1_28' title="bbox 165 3305 1246 3386; baseline 0.001 -22"><span class='ocrx_word' id='word_1_226' title='bbox 165 3311 232 3369; x_wconf 85' lang='lat' dir='ltr'>sunt</span> <span class='ocrx_word' id='word_1_227' title='bbox 250 3305 358 3386; x_wconf 89' lang='lat' dir='ltr'>plures</span> <span class='ocrx_word' id='word_1_228' title='bbox 377 3305 541 3368; x_wconf 87' lang='lat' dir='ltr'>Orationes</span> <span class='ocrx_word' id='word_1_229' title='bbox 560 3326 631 3367; x_wconf 89' lang='lat' dir='ltr'>eum</span> <span class='ocrx_word' id='word_1_230' title='bbox 652 3306 840 3386; x_wconf 85' lang='lat' dir='ltr'>Proplretiis,</span> <span class='ocrx_word' id='word_1_231' title='bbox 859 3307 943 3368; x_wconf 89' lang='lat' dir='ltr'>dicto</span> <span class='ocrx_word' id='word_1_232' title='bbox 962 3306 1060 3385; x_wconf 76' lang='lat' dir='ltr'>Kyrio</span> <span class='ocrx_word' id='word_1_233' title='bbox 1081 3308 1193 3368; x_wconf 74' lang='lat' dir='ltr'>eleison</span> <span class='ocrx_word' id='word_1_234' title='bbox 1215 3308 1246 3366; x_wconf 88' lang='lat' dir='ltr'>in</span> 
     </span>
     <span class='ocr_line' id='line_1_29' title="bbox 165 3398 1247 3478; baseline -0.001 -19"><span class='ocrx_word' id='word_1_235' title='bbox 165 3399 262 3462; x_wconf 87' lang='lat' dir='ltr'>medio</span> <span class='ocrx_word' id='word_1_236' title='bbox 286 3398 418 3473; x_wconf 82' lang='lat' dir='ltr'>Altarls,</span> <span class='ocrx_word' id='word_1_237' title='bbox 444 3399 632 3460; x_wconf 77' lang='lat' dir='ltr'>revertitur&#39;&#39;</span> <span class='ocrx_word' id='word_1_238' title='bbox 656 3400 764 3461; x_wconf 87' lang='lat' dir='ltr'>statim</span> <span class='ocrx_word' id='word_1_239' title='bbox 791 3401 850 3460; x_wconf 74' lang='lat' dir='ltr'>“all</span> <span class='ocrx_word' id='word_1_240' title='bbox 877 3420 972 3460; x_wconf 86' lang='lat' dir='ltr'>cornu</span> <span class='ocrx_word' id='word_1_241' title='bbox 1000 3399 1169 3478; x_wconf 80' lang='lat' dir='ltr'>Epistulae,</span> <span class='ocrx_word' id='word_1_242' title='bbox 1195 3399 1247 3458; x_wconf 89' lang='lat' dir='ltr'>ubi</span> 
     </span>
     <span class='ocr_line' id='line_1_30' title="bbox 165 3492 1249 3573; baseline 0.001 -22"><span class='ocrx_word' id='word_1_243' title='bbox 165 3498 244 3555; x_wconf 88' lang='lat' dir='ltr'>stans</span> <span class='ocrx_word' id='word_1_244' title='bbox 266 3498 341 3555; x_wconf 91' lang='lat' dir='ltr'>ante</span> <span class='ocrx_word' id='word_1_245' title='bbox 363 3492 491 3568; x_wconf 89' lang='lat' dir='ltr'>librum,</span> <span class='ocrx_word' id='word_1_246' title='bbox 514 3493 649 3556; x_wconf 82' lang='lat' dir='ltr'>extensis</span> <span class='ocrx_word' id='word_1_247' title='bbox 672 3498 702 3555; x_wconf 90' lang='lat' dir='ltr'>et</span> <span class='ocrx_word' id='word_1_248' title='bbox 725 3493 844 3570; x_wconf 84' lang='lat' dir='ltr'>junctis</span> <span class='ocrx_word' id='word_1_249' title='bbox 868 3498 940 3554; x_wconf 89' lang='lat' dir='ltr'>ante</span> <span class='ocrx_word' id='word_1_250' title='bbox 964 3498 1072 3573; x_wconf 91' lang='lat' dir='ltr'>pectus</span> <span class='ocrx_word' id='word_1_251' title='bbox 1095 3492 1249 3566; x_wconf 87' lang='lat' dir='ltr'>manibus,</span> 
     </span>
     <span class='ocr_line' id='line_1_31' title="bbox 165 3585 1248 3667; baseline 0.001 -22"><span class='ocrx_word' id='word_1_252' title='bbox 165 3593 254 3667; x_wconf 90' lang='lat' dir='ltr'>caput</span> <span class='ocrx_word' id='word_1_253' title='bbox 277 3585 373 3648; x_wconf 87' lang='lat' dir='ltr'>Cruci</span> <span class='ocrx_word' id='word_1_254' title='bbox 398 3585 564 3661; x_wconf 89' lang='lat' dir='ltr'>inclinans,</span> <span class='ocrx_word' id='word_1_255' title='bbox 588 3586 683 3647; x_wconf 92' lang='lat' dir='ltr'>dicit:</span> <span class='ocrx_word' id='word_1_256' title='bbox 706 3587 849 3657; x_wconf 80' lang='lat' dir='ltr'>Oramus,</span> <span class='ocrx_word' id='word_1_257' title='bbox 873 3587 1052 3649; x_wconf 82' lang='lat' dir='ltr'>Flortooros</span> <span class='ocrx_word' id='word_1_258' title='bbox 1075 3607 1195 3667; x_wconf 62' lang='lat' dir='ltr'>penum</span> <span class='ocrx_word' id='word_1_259' title='bbox 1219 3594 1248 3647; x_wconf 88' lang='lat' dir='ltr'>et</span> 
     </span>
     <span class='ocr_line' id='line_1_32' title="bbox 166 3677 1250 3759; baseline 0.003 -23"><span class='ocrx_word' id='word_1_260' title='bbox 166 3677 245 3745; x_wconf 91' lang='lat' dir='ltr'>illico</span> <span class='ocrx_word' id='word_1_261' title='bbox 268 3679 414 3743; x_wconf 90' lang='lat' dir='ltr'>manibus</span> <span class='ocrx_word' id='word_1_262' title='bbox 438 3699 532 3759; x_wconf 88' lang='lat' dir='ltr'>super</span> <span class='ocrx_word' id='word_1_263' title='bbox 555 3679 664 3743; x_wconf 86' lang='lat' dir='ltr'>Altare</span> <span class='ocrx_word' id='word_1_264' title='bbox 687 3680 833 3754; x_wconf 81' lang='lat' dir='ltr'>extensis,</span> <span class='ocrx_word' id='word_1_265' title='bbox 858 3685 894 3741; x_wconf 92' lang='lat' dir='ltr'>ut</span> <span class='ocrx_word' id='word_1_266' title='bbox 918 3680 1054 3759; x_wconf 85' lang='lat' dir='ltr'>seipsum</span> <span class='ocrx_word' id='word_1_267' title='bbox 1078 3680 1117 3741; x_wconf 90' lang='lat' dir='ltr'>ad</span> <span class='ocrx_word' id='word_1_268' title='bbox 1141 3678 1250 3741; x_wconf 88' lang='lat' dir='ltr'>Altare</span> 
     </span>
     <span class='ocr_line' id='line_1_33' title="bbox 166 3772 1278 3853; baseline 0.001 -22"><span class='ocrx_word' id='word_1_269' title='bbox 166 3775 325 3845; x_wconf 89' lang='lat' dir='ltr'>sustineat,</span> <span class='ocrx_word' id='word_1_270' title='bbox 346 3772 540 3853; x_wconf 75' lang='lat' dir='ltr'>genuflectit,</span> <span class='ocrx_word' id='word_1_271' title='bbox 562 3778 593 3836; x_wconf 91' lang='lat' dir='ltr'>et</span> <span class='ocrx_word' id='word_1_272' title='bbox 614 3774 681 3834; x_wconf 89' lang='lat' dir='ltr'>sine</span> <span class='ocrx_word' id='word_1_273' title='bbox 702 3793 789 3836; x_wconf 86' lang='lat' dir='ltr'>mora</span> <span class='ocrx_word' id='word_1_274' title='bbox 810 3793 950 3852; x_wconf 77' lang='lat' dir='ltr'>surgens,</span> <span class='ocrx_word' id='word_1_275' title='bbox 972 3773 1079 3834; x_wconf 88' lang='lat' dir='ltr'>eadem</span> <span class='ocrx_word' id='word_1_276' title='bbox 1100 3792 1171 3834; x_wconf 88' lang='lat' dir='ltr'>voce</span> <span class='ocrx_word' id='word_1_277' title='bbox 1193 3773 1278 3849; x_wconf 68' lang='lat' dir='ltr'>mi,</span> 
     </span>
     <span class='ocr_line' id='line_1_34' title="bbox 166 3865 1252 3947; baseline -0.001 -20"><span class='ocrx_word' id='word_1_278' title='bbox 166 3866 261 3930; x_wconf 88' lang='lat' dir='ltr'>nistro</span> <span class='ocrx_word' id='word_1_279' title='bbox 278 3866 501 3947; x_wconf 87' lang='lat' dir='ltr'>respondente:</span> <span class='ocrx_word' id='word_1_280' title='bbox 519 3869 643 3937; x_wconf 86' lang='lat' dir='ltr'>Loroto,</span> <span class='ocrx_word' id='word_1_281' title='bbox 660 3866 804 3927; x_wconf 74' lang='lat' dir='ltr'>manilius</span> <span class='ocrx_word' id='word_1_282' title='bbox 821 3868 956 3928; x_wconf 83' lang='lat' dir='ltr'>extensis</span> <span class='ocrx_word' id='word_1_283' title='bbox 973 3866 1052 3928; x_wconf 81' lang='lat' dir='ltr'>(licit</span> <span class='ocrx_word' id='word_1_284' title='bbox 1068 3865 1252 3927; x_wconf 90' lang='lat' dir='ltr'>Orationem</span> 
     </span>
     <span class='ocr_line' id='line_1_35' title="bbox 166 3958 1251 4042; baseline -0.003 -21"><span class='ocrx_word' id='word_1_285' title='bbox 166 3966 196 4022; x_wconf 91' lang='lat' dir='ltr'>ut</span> <span class='ocrx_word' id='word_1_286' title='bbox 212 3982 318 4042; x_wconf 88' lang='lat' dir='ltr'>snpra,</span> <span class='ocrx_word' id='word_1_287' title='bbox 334 3966 366 4022; x_wconf 91' lang='lat' dir='ltr'>et</span> <span class='ocrx_word' id='word_1_288' title='bbox 383 3961 415 4020; x_wconf 89' lang='lat' dir='ltr'>in</span> <span class='ocrx_word' id='word_1_289' title='bbox 432 3960 630 4021; x_wconf 86' lang='lat' dir='ltr'>conclusione</span> <span class='ocrx_word' id='word_1_290' title='bbox 646 3980 696 4020; x_wconf 77' lang='lat' dir='ltr'>eus</span> <span class='ocrx_word' id='word_1_291' title='bbox 712 3961 828 4038; x_wconf 82' lang='lat' dir='ltr'>jungit.</span> <span class='ocrx_word' id='word_1_292' title='bbox 859 3959 941 4019; x_wconf 86' lang='lat' dir='ltr'>Dour</span> <span class='ocrx_word' id='word_1_293' title='bbox 959 3964 1064 4021; x_wconf 88' lang='lat' dir='ltr'>autem</span> <span class='ocrx_word' id='word_1_294' title='bbox 1082 3959 1158 4037; x_wconf 76' lang='lat' dir='ltr'>legit</span> <span class='ocrx_word' id='word_1_295' title='bbox 1176 3958 1251 4020; x_wconf 89' lang='lat' dir='ltr'>Pro·</span> 
     </span>
     <span class='ocr_line' id='line_1_36' title="bbox 165 4052 1250 4136; baseline -0.003 -19"><span class='ocrx_word' id='word_1_296' title='bbox 165 4055 294 4136; x_wconf 82' lang='lat' dir='ltr'>phellos,</span> <span class='ocrx_word' id='word_1_297' title='bbox 310 4058 397 4117; x_wconf 87' lang='lat' dir='ltr'>tenet</span> <span class='ocrx_word' id='word_1_298' title='bbox 411 4073 524 4115; x_wconf 87' lang='lat' dir='ltr'>manus</span> <span class='ocrx_word' id='word_1_299' title='bbox 540 4059 633 4133; x_wconf 85' lang='lat' dir='ltr'>super</span> <span class='ocrx_word' id='word_1_300' title='bbox 650 4053 776 4123; x_wconf 87' lang='lat' dir='ltr'>librum,</span> <span class='ocrx_word' id='word_1_301' title='bbox 794 4053 840 4114; x_wconf 83' lang='lat' dir='ltr'>rel</span> <span class='ocrx_word' id='word_1_302' title='bbox 859 4052 967 4113; x_wconf 79' lang='lat' dir='ltr'>Allare</span> <span class='ocrx_word' id='word_1_303' title='bbox 984 4053 1110 4131; x_wconf 88' lang='lat' dir='ltr'>positas,</span> <span class='ocrx_word' id='word_1_304' title='bbox 1127 4059 1162 4114; x_wconf 86' lang='lat' dir='ltr'>ut</span> <span class='ocrx_word' id='word_1_305' title='bbox 1181 4074 1250 4114; x_wconf 81' lang='lat' dir='ltr'>mox</span> 
     </span>
     <span class='ocr_line' id='line_1_37' title="bbox 164 4145 1252 4227; baseline -0.003 -17"><span class='ocrx_word' id='word_1_306' title='bbox 164 4147 284 4211; x_wconf 86' lang='lat' dir='ltr'>dicetur</span> <span class='ocrx_word' id='word_1_307' title='bbox 303 4147 343 4210; x_wconf 88' lang='lat' dir='ltr'>de</span> <span class='ocrx_word' id='word_1_308' title='bbox 364 4145 537 4227; x_wconf 85' lang='lat' dir='ltr'>Epistols.’&#39;</span> <span class='ocrx_word' id='word_1_309' title='bbox 580 4146 657 4209; x_wconf 90' lang='lat' dir='ltr'>Post</span> <span class='ocrx_word' id='word_1_310' title='bbox 677 4146 817 4223; x_wconf 69' lang='lat' dir='ltr'>singulas</span> <span class='ocrx_word' id='word_1_311' title='bbox 840 4146 1024 4225; x_wconf 80' lang='lat' dir='ltr'>Proplretias</span> <span class='ocrx_word' id='word_1_312' title='bbox 1048 4146 1252 4226; x_wconf 84' lang='lat' dir='ltr'>respondetur</span> 
     </span>
     <span class='ocr_line' id='line_1_38' title="bbox 164 4239 1253 4324; baseline 0 -21"><span class='ocrx_word' id='word_1_313' title='bbox 164 4240 227 4306; x_wconf 80' lang='lat' dir='ltr'>Deo</span> <span class='ocrx_word' id='word_1_314' title='bbox 245 4240 375 4324; x_wconf 75' lang='lat' dir='ltr'>oratius,</span> <span class='ocrx_word' id='word_1_315' title='bbox 393 4246 612 4323; x_wconf 88' lang='lat' dir='ltr'>praeterquam</span> <span class='ocrx_word' id='word_1_316' title='bbox 631 4242 665 4303; x_wconf 92' lang='lat' dir='ltr'>in</span> <span class='ocrx_word' id='word_1_317' title='bbox 683 4240 798 4303; x_wconf 88' lang='lat' dir='ltr'>ultimo</span> <span class='ocrx_word' id='word_1_318' title='bbox 816 4239 913 4303; x_wconf 90' lang='lat' dir='ltr'>biduo</span> <span class='ocrx_word' id='word_1_319' title='bbox 934 4240 1156 4305; x_wconf 80' lang='lat' dir='ltr'>Hebdomadas</span> <span class='ocrx_word' id='word_1_320' title='bbox 1178 4243 1253 4305; x_wconf 84' lang='lat' dir='ltr'>San-</span> 
     </span>
     <span class='ocr_line' id='line_1_39' title="bbox 164 4332 1252 4418; baseline -0.007 -17"><span class='ocrx_word' id='word_1_321' title='bbox 164 4340 228 4401; x_wconf 71' lang='lat' dir='ltr'>ose</span> <span class='ocrx_word' id='word_1_322' title='bbox 248 4341 281 4401; x_wconf 88' lang='lat' dir='ltr'>et</span> <span class='ocrx_word' id='word_1_323' title='bbox 302 4334 344 4399; x_wconf 82' lang='lat' dir='ltr'>ad</span> <span class='ocrx_word' id='word_1_324' title='bbox 367 4333 520 4415; x_wconf 87' lang='lat' dir='ltr'>quintam,</span> <span class='ocrx_word' id='word_1_325' title='bbox 543 4334 562 4395; x_wconf 90' lang='lat' dir='ltr'>i.</span> <span class='ocrx_word' id='word_1_326' title='bbox 586 4354 611 4396; x_wconf 91' lang='lat' dir='ltr'>e.</span> <span class='ocrx_word' id='word_1_327' title='bbox 635 4333 781 4395; x_wconf 86' lang='lat' dir='ltr'>ultimam</span> <span class='ocrx_word' id='word_1_328' title='bbox 804 4333 985 4400; x_wconf 84' lang='lat' dir='ltr'>Lectioneru</span> <span class='ocrx_word' id='word_1_329' title='bbox 1014 4332 1190 4418; x_wconf 68' lang='lat' dir='ltr'>(Danielis)</span> <span class='ocrx_word' id='word_1_330' title='bbox 1221 4336 1252 4402; x_wconf 81' lang='lat' dir='ltr'>ill</span> 
     </span>
    </p>
   </div>
   <div class='ocr_carea' id='block_1_3' title="bbox 590 4493 797 4549">
    <p class='ocr_par' dir='ltr' id='par_1_5' title="bbox 590 4493 797 4549">
     <span class='ocr_line' id='line_1_40' title="bbox 590 4493 797 4549; baseline 0.014 -6"><span class='ocrx_word' id='word_1_331' title='bbox 590 4501 601 4536; x_wconf 81' lang='lat'>1</span> <span class='ocrx_word' id='word_1_332' title='bbox 620 4493 691 4549; x_wconf 84' lang='lat' dir='ltr'>Vide</span> <span class='ocrx_word' id='word_1_333' title='bbox 709 4508 735 4546; x_wconf 90' lang='lat' dir='ltr'>rr.</span> <span class='ocrx_word' id='word_1_334' title='bbox 754 4493 797 4547; x_wconf 80' lang='grc'>40.</span> 
     </span>
    </p>
   </div>
   <div class='ocr_carea' id='block_1_4' title="bbox 0 0 1421 4890">
    <p class='ocr_par' dir='ltr' id='par_1_6' title="bbox 0 0 1421 4890">
     <span class='ocr_line' id='line_1_41' title="bbox 0 0 1421 4890; baseline 0 0"><span class='ocrx_word' id='word_1_335' title='bbox 0 0 1421 4890; x_wconf 95' lang='lat' dir='ltr'> </span> 
     </span>
    </p>
   </div>
  </div>
 </body>
</html>
