2804 4890
188 679 247 747 136
531 688 584 746 DE
607 689 728 748 Missa
751 689 939 750 sonuum.

232 851 423 916 Genuflectit
436 853 471 916 in
484 853 588 919 medio
601 859 633 918 et
645 856 815 936 procedens
828 875 934 921 versus
949 856 1031 920 latus
1047 856 1207 938 Epistolae
1221 856 1278 919 tri·

188 946 245 1008 bus
264 946 412 1009 ductibus
430 948 571 1011 incensat
590 948 744 1028 reliquam
762 949 902 1014 frontem
921 949 1052 1026 Altaris,
1071 950 1195 1012 dicens:
1221 950 1272 1028 (a)

188 1040 229 1102 ad
244 1042 434 1104 excusandas
455 1042 507 1120 (b)
529 1042 742 1106 excusationes
763 1043 811 1122 (c)
832 1045 866 1108 io
883 1043 1040 1125 peccator

230 1138 258 1198 6.
282 1136 495 1199 Thuribulum
517 1136 658 1200 Diacono
679 1137 784 1202 reddit
806 1138 929 1200 dicens:
953 1137 1112 1201 Accendat
1135 1135 1170 1200 s'a
1193 1136 1282 1201 aoid

189 1227 346 1290 Dominus
367 1229 472 1304 iuncos
494 1231 545 1291 sui
566 1229 682 1294 αηιονίε
705 1235 735 1292 ct
757 1230 917 1305 Marmara
939 1235 1081 1292 aeternae
1106 1229 1277 1292 charitatis.

188 1321 301 1385 Amen.
343 1320 372 1383 A
393 1321 532 1385 Diacono
552 1324 624 1384 ter'
646 1324 835 1385 incensetur.
877 1323 977 1386 Levat
997 1343 1108 1385 manus
1129 1323 1277 1403 integras.

230 1506 280 1571 84.
304 1509 381 1572 Post
405 1510 651 1572 incensationem
676 1512 823 1572 consueto
847 1509 939 1574 modo
965 1510 1095 1572 Missam
1120 1509 1279 1591 prosequi·

188 1605 251 1665 tur.
287 1602 396 1665 Prima
410 1603 559 1666 Oratione
573 1608 643 1683 post
655 1604 681 1665 A
685 1625 766 1682 pacta
780 1605 841 1667 Dei
854 1605 984 1667 recitata
997 1604 1156 1667 osculatur
1169 1602 1279 1665 Altare

189 1700 221 1759 et
247 1695 397 1773 Diacono
413 1695 468 1760 dat
494 1716 611 1776 pacem,
638 1697 727 1759 nulla
753 1696 970 1777 genuflexione
999 1697 1045 1761 vel
1074 1696 1280 1759 inclinatione

188 1790 283 1854 facta.

231 1884 435 1948 Ablutionem
458 1884 632 1965 digitorum
654 1886 752 1949 sumit
774 1887 943 1966 persistens
965 1887 1000 1947 in
1021 1885 1125 1947 medio
1148 1884 1278 1947 Altaris.

190 1977 329 2041 Diacono
345 1984 491 2041 cantante
508 1980 526 2040 I
529 1985 558 2041 Ie
574 1980 608 2040 Μ
612 1979 673 2042 iasa
689 1985 743 2051 est,
762 1979 929 2041 Celebrans
944 1999 1109 2041 conversus
1125 1978 1164 2041 ad
1180 1997 1279 2059 popu-

189 2072 257 2135 lum
280 2078 386 2136 menet
409 2073 456 2134 nil
479 2073 594 2134 dicens.
642 2073 677 2135 Si
700 2079 805 2136 autem
828 2073 1022 2135 cantandum
1044 2073 1087 2136 sit
1109 2073 1278 2136 Benedica-

190 2187 261 2229 mus
281 2166 430 2238 Domino,
453 2186 618 2229 conversus
641 2166 681 2227 ad
703 2166 813 2228 Altsre
836 2167 901 2246 ipse
925 2166 1009 2229 idem
1032 2167 1185 2228 submissa
1207 2186 1280 2230 voce

188 2260 291 2324 dicit·

228 2357 256 2417 2.
280 2353 357 2418 Post
369 2354 499 2417 Missam
511 2355 695 2435 genuflectit
708 2356 742 2416 in
753 2354 847 2435 plano
866 2354 929 2433 (vel
943 2355 1077 2416 inclinat
1091 2354 1217 2433 Cruci),
1231 2372 1279 2416 ca·

189 2456 248 2530 put
279 2450 417 2529 cooperit
449 2455 481 2512 et
511 2449 644 2510 ultimus
676 2448 852 2511 revertitur.
909 2448 943 2510 Si
976 2448 1086 2511 Clerus
1119 2450 1152 2511 iu
1185 2449 1279 2510 choro

189 2547 358 2618 remaneat,
378 2548 450 2624 post
468 2541 718 2623 genuflexionem
737 2541 871 2604 inclinat
892 2540 994 2617 Clero,
1014 2546 1046 2605 et
1065 2541 1210 2603 recedens
1230 2562 1279 2603 co·

189 2637 292 2718 operit
310 2641 413 2718 caput.

233 2731 416 2793 Sacristiam
431 2732 589 2810 ingressus
603 2730 725 2791 detecto
738 2731 839 2809 capite
853 2729 970 2792 salutat
985 2729 1122 2805 Clerum,
1136 2731 1163 2790 si
1178 2730 1279 2805 adsit;

189 2824 264 2885 dein
284 2824 416 2887 inclinat
437 2823 542 2896 Cruci,
561 2828 592 2885 et
612 2822 795 2886 salutationi
816 2822 948 2885 Diaconi
968 2827 1000 2884 et
1021 2822 1212 2886 Subdiaconi
1232 2842 1279 2884 re·

190 2916 332 2997 spondet.

223 3102 302 3154 ⁸Ita
327 3118 377 3168 pro
404 3102 588 3153 incensatione
615 3101 708 3153 Crucis
758 3101 849 3166 sistat,
867 3101 1014 3153 celebrans
1031 3102 1136 3153 duobus
1153 3102 1280 3153 ductibus

190 3182 218 3231 st
235 3180 341 3231 Altaris
358 3181 535 3231 communiter
550 3180 632 3244 juxta
648 3195 708 3231 suc·
760 3179 922 3230 incensatur.

189 3261 271 3321 tores,
284 3258 408 3323 quamvis
420 3258 554 3309 Rubricae
567 3273 619 3307 non
633 3273 708 3323 prae·
794 3262 806 3295 ⁸
827 3257 896 3306 Item
914 3257 1095 3318 Requiescere
1112 3261 1164 3308 etc.
1183 3258 1212 3307 in
1231 3259 1280 3309 Re-

187 3335 318 3399 scribant,
348 3336 481 3400 quomodo
510 3337 594 3386 verba
625 3335 708 3398 hujus
758 3336 820 3399 quie
841 3335 954 3384 solemni
975 3334 1059 3385 etiam
1081 3349 1098 3385 s
1118 3334 1280 3386 Oelebrante

190 3412 293 3464 Psalmi
315 3415 364 3463 140
383 3413 573 3464 distribuenda
591 3414 655 3464 sint.
758 3412 893 3462 submissa
924 3425 988 3462 voce
1020 3411 1074 3462 dici
1106 3411 1195 3462 debet.
1245 3410 1279 3464 D.

225 3488 287 3539 'Si
309 3488 460 3554 Episcopus
482 3488 645 3539 ordinarius
665 3502 706 3539 aa·
759 3489 835 3539 2572.
850 3489 892 3538 22.
