2804 4890
463 108 514 160 Illi
541 111 658 162 illasii
684 113 975 167 CllNl'lIN'l'l'rllrl.
1223 112 1263 170 (35

174 298 265 352 icitur,
292 282 336 340 vcl
359 282 505 359 gvvssipio,
529 290 582 342 aut
606 299 720 362 ssrrppa
744 285 897 364 absorpta,
922 290 1132 366 corriburalur,
1157 293 1202 354 vel
1227 294 1259 354 in

171 378 305 438 sacrario
325 376 351 437 si
373 376 416 437 sit
435 377 618 439 exsiccando
639 379 845 459 relinquatur,
867 383 913 444 vel
934 384 1121 447 demittatur
1144 387 1177 447 in
1198 387 1259 469 pis·

169 472 283 532 cinam.
329 471 410 532 Cum
435 476 539 533 autem
565 473 656 547 calix,
680 493 740 553 quo
767 475 915 537 Sacerdos
940 479 1078 556 primum
1104 495 1145 543 est
1175 501 1260 557 usus,

168 565 355 645 purificatus
371 566 436 644 jam
453 566 505 641 sit,
520 567 547 627 si
565 567 619 628 illo
636 568 703 646 ipso
720 588 775 648 pro
793 569 889 631 Missa
905 571 1003 633 altera
1020 573 1170 653 indigeat,
1188 596 1259 638 cum

166 678 273 721 secum
295 658 435 735 deferat3
456 679 543 721 secus
565 680 635 722 vcro
657 661 692 721 in
713 661 811 723 altera
834 662 930 725 Missa
952 665 1074 729 diverso
1094 667 1190 731 calice
1211 669 1260 731 uti

164 751 317 834 poterit.''
331 754 355 786 ¹³

516 900 560 963 11.
584 901 624 963 1n
639 900 747 962 eadem
762 899 911 962 Ecclesia.

208 1048 238 1105 2.
262 1044 434 1108 “Sacerdos
452 1051 522 1127 post
539 1047 687 1110 baustum
707 1048 740 1108 in
758 1048 860 1128 prima
878 1048 975 1109 Missa
993 1047 1162 1128 diligenter
1181 1046 1258 1110 San·

159 1139 297 1218 guinem
314 1138 454 1215 Domini,
469 1141 582 1202 omissa
597 1145 745 1205 consueta
759 1142 987 1222 purificatione,
1004 1147 1117 1222 patena
1131 1141 1257 1203 calicem

161 1238 198 1295 et
216 1232 303 1312 palla
321 1237 469 1313 patenam
489 1239 605 1313 tegens,
624 1254 659 1296 ac
678 1253 772 1313 super
790 1235 948 1314 corporale
968 1234 1157 1314 relinquens,
1177 1234 1259 1295 dicet

158 1327 288 1405 junctis
304 1327 465 1388 manibus:
482 1328 573 1404 Quod
589 1349 640 1390 ore
655 1328 857 1409 sumpsimus,
874 1329 1019 1401 Domine,
1036 1331 1092 1390 etc.
1138 1326 1259 1389 Deinde

159 1421 295 1501 digitos,
327 1420 440 1501 quibus
474 1420 530 1483 SS.
566 1421 805 1484 Sacramentum
838 1422 954 1502 tetigit,
987 1423 1020 1483 in
1052 1421 1157 1502 aliquo
1189 1441 1258 1483 vase

157 1514 297 1589 mundo,
318 1514 356 1576 ad
377 1515 435 1576 hoc
457 1516 490 1576 in
510 1514 614 1577 Altari
635 1519 829 1595 praeparato,
856 1514 967 1595 [aqua]
993 1515 1108 1590 abluet,
1130 1515 1259 1578 interim

157 1607 291 1671 dicens:
310 1609 432 1689 Corpus
449 1614 548 1681 savum,
566 1609 711 1680 Domine,
728 1613 805 1682 etc.;
823 1608 1028 1689 abstersisque
1045 1609 1258 1690 purificatorio

156 1701 289 1782 digitis,
312 1702 440 1764 calicem
462 1702 529 1764 velo
552 1703 717 1782 cooperiet,
741 1701 938 1782 velatumque
960 1707 1056 1782 ponet
1079 1723 1171 1784 super
1193 1722 1258 1765 cor-

156 1795 274 1873 porale
291 1796 485 1860 extensum?

207 1889 384 1952 “Absoluta
404 1890 511 1965 Missa,
530 1892 556 1953 si
576 1892 665 1954 nulls
685 1893 718 1954 in
739 1893 878 1955 Ecclesia
897 1893 939 1954 sit
959 1892 1111 1967 sacristia,
1131 1890 1259 1954 calicem

153 1985 276 2048 eodem
295 1985 388 2046 modo
406 2005 498 2065 super
516 1985 626 2048 Altare
645 1985 817 2066 relinquet:
837 2007 923 2048 secus
942 2007 1012 2049 vero
1032 1987 1065 2047 in
1084 1984 1258 2047 sacristiam

151 2075 298 2155 deleret,
311 2079 416 2160 ibique
429 2101 522 2161 super
534 2083 692 2162 corporale
705 2083 752 2145 vel
766 2082 881 2163 pallam
895 2082 928 2142 in
941 2080 1046 2161 aliquo
1058 2080 1124 2142 loco
1137 2079 1258 2141 decenti

151 2178 195 2234 et
214 2172 321 2235 clauso
340 2173 503 2237 collocabit
522 2175 677 2256 usquead
696 2175 864 2240 secundam
884 2175 1024 2249 Missam,
1044 2175 1078 2236 in
1097 2194 1168 2253 qua,
1187 2193 1259 2235 cum

151 2267 276 2329 eodem
290 2267 385 2329 calice
401 2269 449 2329 uti
464 2267 583 2343 debeat,
599 2269 689 2331 illum
706 2289 814 2330 rursus
829 2288 933 2331 secum
949 2269 1068 2331 deleret
1083 2267 1123 2329 ad
1139 2266 1259 2342 Altare,

151 2374 200 2422 ac
218 2380 315 2440 super
332 2361 490 2441 corporale
507 2367 670 2424 extensum
689 2361 848 2442 reponet.''

208 2453 314 2516 “Cum
338 2459 445 2517 autem
470 2456 503 2517 in
528 2456 662 2518 secunda
689 2455 786 2517 Missa
813 2455 963 2518 Sacerdos
988 2455 1026 2517 ad
1054 2454 1258 2516 Oliertorium

155 2543 339 2624 devenerit,
358 2548 462 2611 ablato
482 2549 548 2612 velo
566 2551 604 2612 de
623 2550 727 2618 calice,
746 2551 830 2611 bunc
849 2570 1017 2630 parumper
1036 2567 1142 2610 versus
1162 2567 1258 2611 cornu

159 2633 329 2722 Epistolae
345 2641 519 2718 collocabit,
536 2643 589 2706 scd
606 2663 669 2707 non
685 2647 772 2707 extra
789 2642 964 2723 corporale3
980 2643 1125 2722 factaque
1140 2641 1259 2704 hostiae

161 2734 325 2799 oblatione
345 2735 476 2810 cavebit,
497 2757 536 2797 ne
557 2736 771 2816 purificatorio
792 2741 933 2814 extergat
954 2736 1092 2809 calicem,
1113 2734 1167 2798 sed
1187 2754 1259 2796 eum

166 2823 253 2893 intra
267 2829 427 2911 corporale
443 2830 621 2910 relinquens
636 2830 746 2892 leviter
759 2829 901 2897 elevabit,
917 2830 1086 2908 vinumque
1101 2832 1131 2891 et
1147 2847 1259 2908 aquam

171 2921 268 2987 eidem
285 2928 376 2987 caute
393 2925 543 3003 imponet,
560 2943 600 2986 ne
616 2927 725 3003 guttae
742 2922 863 3002 aliquae
880 2922 920 2984 ad
937 2922 1020 2984 labia
1038 2921 1137 3002 ipsius
1154 2920 1259 2984 calicis

175 3017 321 3093 resiliant,
345 3037 438 3098 quem
462 3017 575 3081 deinde
598 3016 779 3079 nullatenus
803 3016 841 3080 ab
866 3016 952 3078 intus
977 3015 1151 3079 abstersum
1174 3033 1259 3078 more

179 3110 260 3174 solito
276 3109 418 3175 offeret.’'
431 3112 456 3147 ²⁴

610 3260 725 3332 Anu.
751 3260 816 3331 VI.

463 3401 514 3453 on
541 3402 657 3453 mssa
684 3400 963 3454 convsnroam.

214 3523 259 3586 39.
282 3525 381 3588 Missa
400 3525 615 3587 conventualis
634 3527 681 3588 cst
700 3543 746 3597 ea,
765 3543 843 3603 quae
862 3524 895 3584 in
915 3523 1008 3585 certis
1027 3521 1185 3597 Ecclesiis,
1205 3520 1257 3584 ubi

179 3623 217 3679 est
234 3619 383 3700 obligatio
401 3619 498 3695 ebori,
517 3618 657 3699 quotidie
676 3617 847 3679 secundum
867 3616 1008 3680 ordinem
1027 3615 1119 3680 officii
1138 3620 1170 3678 et
1187 3635 1259 3679 con·

179 3710 364 3778 formitatem
379 3713 530 3795 temporis
545 3713 638 3776 choro
655 3717 816 3792 praesente
834 3709 1015 3774 celebranda
1031 3713 1087 3772 est.

208 3846 231 3880 ¹⁸
250 3840 332 3893 Instr.
361 3840 388 3893 S.
416 3841 444 3893 C.
472 3841 503 3891 R.
531 3840 645 3907 approb.
673 3854 691 3890 a
778 3845 802 3877 ¹⁴
823 3837 1045 3890 Benedictionale
1076 3836 1152 3887 Rom.
1183 3849 1262 3907 appr.

176 3915 223 3971 Pio
237 3917 288 3985 IX,
304 3921 345 3972 11.
360 3919 444 3971 Mare
462 3919 539 3982 1858,
553 3932 579 3969 n.
594 3918 671 3968 3068.
742 3915 783 3967 28.
799 3914 864 3968 Jan.
883 3915 959 3966 1881.
