2804 4890
352 728 406 785 DE
428 729 633 800 INTROITU,
655 731 784 785 KYRIE
802 730 986 787 ELEISON.
1178 722 1220 783 83

168 905 196 962 3.
220 901 413 981 “Postquam
428 902 561 964 dixerit:
576 903 594 964 I
597 926 617 965 n
632 903 757 966 nomine
772 903 888 975 Putris,
902 907 959 964 etc.
975 908 1130 983 utsupra,
1144 905 1216 982 jun-

126 1016 200 1076 gens
212 997 329 1060 iterum
341 1016 454 1059 manus
462 1000 536 1060 ante
546 1002 665 1079 peetus,
671 998 859 1079 pronuntiat
873 997 957 1062 clara
975 1018 1046 1061 voce
1064 997 1219 1078 Antipho·

127 1108 217 1149 narn:
231 1088 249 1148 I
252 1089 373 1151 olroibo
387 1091 428 1150 od
440 1091 549 1152 Allore
563 1089 620 1151 Dei
640 1138 647 1150 .
673 1138 679 1150 .
704 1138 711 1150 .
729 1099 759 1151 et
773 1091 973 1169 prosequitur
984 1110 1056 1151 eum
1071 1090 1216 1151 ministro

125 1182 307 1245 alternatim
328 1181 506 1243 Psalmum:
526 1183 643 1245 dodico
664 1206 711 1245 me
731 1184 826 1255 Deus,
846 1202 942 1262 usque
962 1183 1001 1245 ad
1021 1183 1126 1259 finem,
1144 1204 1216 1245 cum

127 1277 342 1338 Gloriol'nlri
370 1327 377 1339 .
411 1326 418 1339 .
453 1326 460 1340 .
490 1278 569 1340 Cum
586 1278 665 1340 dicit
684 1279 792 1341 Gloria
808 1277 910 1349 Patri,
928 1287 996 1354 etc,
1012 1288 1107 1361 capnt
1122 1283 1215 1345 Cruci

125 1368 290 1432 inclinat.'’
1047 1406 1050 1414 =

166 1466 195 1523 4.
219 1461 385 1541 “Repetita
405 1462 588 1542 Antiphone
607 1462 760 1534 Introibo,
780 1462 907 1525 dextera
926 1483 1023 1524 manu
1042 1462 1216 1543 producens

124 1555 252 1634 signum
271 1554 381 1616 Crucis
401 1576 419 1616 a
438 1556 543 1618 fronte
563 1556 602 1617 ad
622 1562 739 1635 pectus
759 1556 838 1618 dicit
862 1557 897 1618 V.
918 1557 1125 1636 Adjnlon'nm
1146 1577 1214 1619 oos-

125 1652 209 1710 lrum
236 1648 270 1710 in
297 1648 422 1712 nonrine
448 1649 588 1712 Domini.
632 1651 669 1712 R.
697 1649 759 1726 Qui
782 1650 859 1730 fecit
885 1652 1004 1712 coelum
1032 1654 1061 1713 et
1089 1656 1213 1712 terrani.

125 1740 247 1804 Deinde
263 1741 368 1803 Altari
385 1763 416 1806 se
433 1742 610 1823 prolunde'’
628 1763 755 1823 corpore
773 1743 961 1819 “inclinans
977 1743 1097 1822 junctis
1115 1743 1214 1804 mani·

125 1834 180 1895 bus
197 1835 294 1897 dicit:
312 1836 471 1914 Confiteor
487 1837 563 1909 Deo,
579 1841 615 1899 nt
633 1837 666 1897 in
684 1836 802 1898 Ordine
821 1837 950 1898 Missae:
968 1843 999 1898 et
1017 1837 1215 1916 prosequitur

123 1929 231 1992 eodem
255 1929 347 1992 modo
370 1935 456 1992 stans
480 1930 660 2004 inclinatus,
684 1929 781 1992 donec
804 1950 822 1992 a
846 1930 996 1992 Ministro
1018 1930 1139 1992 dictum
1163 1929 1215 2006 sit,

124 2021 322 2085 Misereotur.
354 2022 434 2084 Cum
456 2023 609 2103 incipitur
627 2043 645 2085 a
665 2023 824 2085 Ministris
845 2021 1034 2103 Confiteor?
1055 2023 1075 2085 i.
1096 2043 1122 2085 e.
1143 2042 1214 2084 cum

123 2115 189 2195 ipse
213 2115 330 2178 dixerit
355 2117 467 2188 Aureo,
493 2118 546 2178 “se
569 2117 673 2196 erigit,
719 2116 798 2177 Cum
825 2116 921 2179 dicit:
947 2138 1016 2179 meo
1039 2119 1140 2199 culpo,
1166 2122 1215 2178 ter

123 2218 232 2288 pectus
253 2209 381 2271 dextera
403 2229 498 2271 manu
519 2212 667 2290 percutit,
688 2210 816 2271 sinistra
839 2211 923 2271 infra
945 2216 1053 2291 pectus
1074 2208 1214 2290 posita;''

122 2322 178 2364 nec
206 2303 246 2364 ad
277 2304 614 2384 vobis-eos-frolres
642 2324 674 2365 se
701 2304 796 2365 vertit
824 2303 862 2364 ad
891 2304 1085 2378 ministrum,
1113 2309 1150 2365 ut
1178 2302 1215 2364 fit

121 2396 318 2458 solummodo
337 2397 369 2457 in
389 2397 486 2459 Missa
504 2397 643 2462 solemni.

164 2494 192 2553 5.
216 2490 336 2551 “Facta
357 2510 375 2551 a
396 2489 703 2564 circumstantibus,'’
726 2491 772 2552 vel
795 2511 812 2552 a
834 2491 981 2553 ministro
1002 2511 1111 2553 eorum
1133 2492 1213 2552 vices

121 2584 300 2663 supplente,
324 2583 572 2659 “Confessione,²
597 2583 763 2646 Celebrans
787 2589 872 2645 stans
896 2584 1079 2664 respondet:
1103 2583 1214 2647 Miser·

120 2682 212 2740 eolur
225 2678 331 2748 vestri,
345 2682 402 2739 etc.
448 2677 569 2740 Deinde
582 2678 756 2758 producens
772 2698 866 2739 manu
882 2678 1008 2740 dextera
1023 2698 1041 2739 a
1054 2678 1160 2740 fronte
1174 2676 1212 2738 ud

120 2778 231 2851 pectus
254 2771 381 2850 signum
405 2770 525 2845 Crucis,
548 2771 643 2833 dicit:
667 2771 916 2852 Indulpenliom,
939 2776 996 2833 clc.
1042 2771 1084 2833 Et
1107 2769 1214 2833 stans’'

121 2885 250 2945 corpore
268 2864 467 2927 mediocriter
483 2864 684 2940 “inclinatus,
700 2865 820 2943 junctis
836 2866 981 2926 manilius
999 2866 1213 2945 prosequitur:

120 2958 207 3021 Dens
226 2964 261 3020 lu
278 2978 452 3032 conversus,
468 2964 499 3021 et
516 2978 592 3038 quae
610 2963 784 3038 sequuntur
801 2958 833 3018 in
853 2958 971 3020 Ordine
989 2959 1113 3034 Missae,
1131 2958 1214 3020 clara

121 3073 194 3114 soce
215 3071 314 3132 usque
334 3052 373 3113 ad
395 3052 576 3114 Orationem
597 3053 700 3131 Aufer
718 3072 737 3113 o
758 3052 856 3124 nobis,
877 3056 953 3125 etc.;
973 3056 1004 3113 et
1025 3071 1096 3114 cum
1118 3052 1213 3115 dicit:

121 3147 278 3209 Oremm''
299 3146 383 3208 clara
403 3165 474 3207 voce
493 3149 525 3209 et
545 3145 646 3207 adlmc
669 3145 849 3220 inclinatus,
871 3144 1033 3208 “extendit
1054 3150 1085 3209 et
1105 3146 1214 3226 jungit

120 3238 266 3301 munus.”

119 3534 171 3585 DE
191 3535 386 3601 INTROITU,
405 3537 525 3586 KYRIE
545 3536 716 3599 reumont,
735 3537 782 3585 ET
802 3536 942 3587 GLORIA
961 3536 1004 3585 IN
1025 3535 1214 3587 EXCELSIS.

164 3656 214 3718 62.
238 3657 345 3720 “Dum
363 3658 458 3721 dicit:
476 3660 579 3739 Aufer
595 3683 614 3723 o
632 3661 730 3732 nobis,
750 3670 806 3722 ctc.
827 3659 993 3722 Celebraus
1011 3659 1131 3738 junctis
1149 3678 1214 3720 ma-

119 3753 215 3813 nibus
231 3752 372 3814 ascendit
389 3752 427 3814 ad
444 3752 582 3814 medium
599 3753 728 3826 Altaris,
745 3758 774 3814 et
793 3752 856 3814 il)i”
872 3774 999 3832 corpore
1015 3752 1215 3815 mediocriter

122 3845 326 3915 “inclinatus
342 3845 546 3926 manibusque
564 3846 637 3908 item
654 3847 774 3922 junctis
789 3867 931 3925 supereo
947 3846 1080 3926 positis‚¹
1098 3848 1213 3907 secreto

120 3939 217 4001 dicit:
236 3940 371 4002 Oronma
390 3945 417 4002 tc
435 3939 568 4003 Domine
584 3946 641 4002 etc.
659 3944 689 4003 et
706 3961 776 4002 cum
793 3940 888 4001 dicit:
907 3941 1046 4017 Quorum
1064 3938 1213 4020 reliquiae

121 4032 173 4093 hic
189 4038 276 4102 situl,
295 4033 454 4096 osculatur
471 4032 580 4095 Altare
598 4034 630 4094 in
648 4032 772 4095 medio''
791 4054 852 4096 non
871 4033 909 4094 ad
929 4033 1022 4106 Istue,
1041 4032 1214 4111 torquendo

120 4146 245 4205 corpus,
267 4126 319 4188 sed
342 4126 506 4206 paululum
529 4127 674 4189 recedens
695 4127 732 4188 ab
756 4126 870 4200 ditari,
891 4127 1057 4188 “nranibus
1078 4126 1214 4188 extensis

121 4220 295 4301 aequaliter
312 4219 386 4281 hinc
404 4219 477 4282 inde
495 4240 590 4302 super
606 4219 662 4284 eo’'
680 4225 768 4283 extra
787 4219 944 4300 corporale
963 4219 1111 4299 “positis:
1131 4217 1214 4303 quod

158 4368 170 4404 ²
188 4361 322 4414 Sacerdos
341 4361 481 4414 celebrans
500 4361 558 4414 sins
577 4362 644 4412 min·
732 4371 742 4405 1
762 4363 801 4423 Ut
816 4379 901 4438 supra
915 4364 957 4417 46.
973 4363 998 4420 2.

124 4439 192 4490 lstrn
215 4454 269 4488 non
294 4439 374 4489 debet
398 4438 442 4490 bi·
465 4439 554 4495 dicere
577 4437 643 4497 Cotta

125 4515 208 4564 orror.
224 4515 257 4569 D.
274 4515 351 4570 8³68.
367 4517 390 4574 l.
