2804 4890
143 638 398 698 CONSPECTUS
411 638 611 695 Honaauu
624 640 916 697 CANONICARUM
929 644 1144 701 arsamus.
1174 635 1234 699 377

463 806 612 871 ranam,
637 807 770 873 auxus,
796 808 909 861 nona

186 972 213 1032 1.
236 968 341 1032 Pater.
356 968 432 1033 Ave.
449 969 535 1033 Deua
551 969 585 1032 ia
602 969 809 1050 adjutoriam.

185 1066 213 1126 2.
257 1063 405 1143 Hymnus
431 1083 468 1125 ex
494 1063 672 1125 Ordinario.

178 1159 207 1219 3.
243 1154 429 1237 Antiphona

190 1248 241 1328 (a)
269 1250 303 1312 in
334 1250 424 1312 Dom.
454 1250 628 1313 minoribus
656 1271 694 1313 ex
723 1251 894 1328 Psalteri03

190 1341 242 1422 (b)
271 1342 304 1404 in
331 1341 422 1406 Dom.
449 1341 623 1422 majoribus
648 1363 685 1405 ex
710 1343 843 1424 Propria
869 1344 908 1409 de
934 1345 1044 1425 Temp.
1076 1344 1128 1424 (in
1154 1341 1233 1405 adv.

143 1435 181 1501 de
208 1436 401 1515 Laudibus).

184 1534 214 1592 4.
251 1529 370 1592 Psalmi
400 1529 439 1593 de
470 1529 631 1593 Psalterio.
673 1530 859 1609 Antiphona
888 1532 1011 1612 integra
1040 1531 1167 1594 dieitur.

186 1626 214 1683 5.
259 1622 442 1704 Capitulum
464 1626 498 1685 et
522 1623 559 1684 R.
583 1622 682 1685 breve.

190 1715 241 1793 (a)
269 1716 303 1777 in
323 1715 497 1779 Dominicis
517 1715 692 1777 minoribus
713 1737 776 1778 exe.
798 1721 893 1797 temp.
916 1716 1060 1780 Paschali
1080 1717 1119 1781 de
1140 1716 1232 1779 Ordi-

143 1828 249 1885 nar103

190 1901 242 1981 (b)
270 1901 304 1962 in
327 1901 418 1963 Dom.
441 1901 614 1979 majoribus
637 1905 668 1964 et
691 1906 786 1982 temp.
811 1901 955 1964 Paschali
977 1923 1014 1966 ex
1039 1903 1172 1983 Propria
1194 1902 1233 1966 de

143 1994 305 2075 Tempore.

184 2089 212 2147 6.
234 2085 392 2149 Dominus
414 2085 582 2149 uobiscum.
628 2085 769 2149 Oramus.
816 2085 926 2150 Oratio
949 2086 1022 2150 diei.
1066 2086 1177 2149 Cetera
1198 2091 1235 2150 ut

143 2179 177 2241 in
191 2177 369 2241 Ordinario.

472 2365 668 2416 VESPERAE
691 2364 899 2417 SECUNDAE.

186 2531 214 2592 1.
257 2528 361 2589 Pater.
392 2525 466 2588 Ave.
507 2525 593 2589 Deus
623 2525 657 2588 in
687 2523 893 2606 adjutoriam.

185 2623 213 2684 2.
257 2620 458 2700 Antiphonae
484 2640 554 2681 rum
585 2619 719 2680 Psalmis
746 2619 783 2681 do
810 2618 976 2681 Dominiea
1002 2639 1040 2683 ex
1067 2617 1230 2682 Psalterio.

146 2711 196 2794 [in
214 2711 362 2775 Adventu
380 2711 469 2773 Anae
486 2711 631 2791 propriae
649 2731 687 2774 ex
705 2709 805 2772 Laud.
827 2709 1040 2790 Dominieae].

184 2809 213 2870 3.
258 2805 440 2887 Capitulum

189 2900 240 2978 (a)
268 2901 301 2961 in
337 2898 427 2961 Dom.
461 2897 635 2960 minoribus
669 2900 796 2978 excepto
829 2898 983 2977 Tempore
1016 2896 1160 2961 Paschali
1193 2896 1231 2962 da

144 2992 315 3060 Psalterio:

189 3085 241 3163 (b)
270 3085 303 3145 in
328 3083 418 3146 Dom.
443 3082 616 3162 majoribus
639 3086 671 3145 et
693 3083 846 3163 Tempore
871 3082 1015 3146 Paschali
1038 3103 1076 3146 ex
1098 3083 1231 3164 Propria

141 3177 180 3240 de
203 3178 365 3257 Tempore.

184 3275 212 3332 4.
258 3270 406 3349 llymnus
425 3278 456 3334 et
475 3269 593 3330 Versus

188 3361 240 3439 (a)
268 3363 301 3423 in
322 3360 411 3422 Dom.
431 3359 605 3422 minoribus
628 3360 708 3432 (exo.
727 3361 837 3440 Temp.
858 3357 1018 3440 Paschali)
1040 3364 1071 3423 et
1090 3360 1123 3421 in
1142 3359 1233 3422 Dom.

143 3456 240 3537 Sept,
257 3456 366 3531 Sexag.
382 3462 411 3517 ot
430 3453 543 3533 Quina.
559 3453 597 3515 sle
615 3453 777 3516 Psalterio.

190 3550 242 3627 (ὁ)
271 3549 302 3610 in
333 3548 423 3610 Dom.
453 3547 624 3624 majoribus
658 3548 737 3621 (erc.
768 3546 865 3626 Sept..
895 3545 1004 3626 Sexag.
1034 3550 1065 3609 et
1094 3546 1226 3628 Quinq.)

142 3647 173 3706 et
194 3644 347 3723 Tempora
371 3641 512 3702 Pasahali
536 3661 571 3701 ea
594 3639 762 3700 Ordinatio
789 3638 851 3711 (uel
875 3639 1008 3719 Propria
1029 3637 1067 3702 de
1088 3639 1231 3722 Temp.).

184 3739 211 3796 5.
235 3734 418 3814 Antipliona
441 3732 478 3793 ad
505 3730 689 3812 Mapaificat
713 3750 750 3793 ex
775 3728 916 3808 Propria.

143 3827 309 3891 Canticum
330 3825 524 3905 llapaificat.
567 3823 751 3902 Antiphana
770 3822 932 3903 repetitur.

185 3925 212 3984 6.
235 3919 392 3982 Dominaa
410 3918 577 3981 uobiscum.
617 3915 759 3978 Cremna
801 3915 919 3978 Oratio.
962 3914 1073 3978 Cetera
1093 3918 1130 3978 ut
1150 3915 1184 3977 in
1207 3917 1235 3980 1.

142 4014 237 4097 Vesp.

533 4196 830 4250 COMPLETORIUM

142 4363 180 4426 de
207 4360 373 4423 Dominiea
397 4378 434 4420 ex
460 4355 629 4419 Ordinaria
653 4358 683 4416 at
712 4354 874 4415 Psalterio.
922 4352 1094 4416 Adrlunlar
1120 4370 1236 4431 praees,

142 4457 202 4518 nisi
219 4456 258 4518 ad
276 4454 427 4533 l'esperas
445 4451 527 4513 fasta
543 4447 583 4511 sit
600 4447 853 4509 somniemaratio
870 4444 1013 4526 llupliris
1028 4446 1072 4508 vel
1091 4444 1235 4511 Octavae.
