2804 4890
177 672 239 734 410
286 680 340 737 DE
360 679 475 736 MODO
495 679 629 736 HORAS
649 677 691 733 ΙΝ
716 678 852 732 CHOBO
875 676 1166 735 PERSOLVENDI.

220 852 268 911 12.
293 849 428 931 Signum
449 848 559 912 Crucis
579 847 691 930 pollice
710 848 837 911 dextrae
856 867 969 911 manua
989 849 1133 913 extensae
1154 846 1270 910 tacien-

177 941 254 1004 dum
269 949 317 1006 est
334 943 368 1004 in
385 961 437 1006 ore
453 943 492 1004 ad
509 940 644 1004 Domine
662 940 754 1017 tobia,
771 946 854 1003 etex
871 960 930 1002 usu
946 940 987 1002 ad
1001 941 1101 1021 Aperi
1116 939 1271 1013 Domine;

178 1036 211 1097 in
229 1036 352 1116 pectore
369 1040 475 1098 autem
492 1034 532 1097 ad
549 1034 702 1097 Converte
719 1053 777 1097 noa
793 1032 880 1096 Deua
897 1033 931 1095 in
949 1031 1161 1113 completorio
1178 1032 1271 1111 juxta

177 1127 474 1191 consuetudinem.¹⁴

605 1359 847 1424 APPENDIX.

301 1542 351 1595 Da
374 1543 544 1595 PRIVATA
563 1542 819 1594 REGITATIONE
841 1542 985 1595 OFFICII
1006 1543 1144 1596 DIVINI.

217 1712 288 1778 257.
312 1714 352 1778 In
381 1715 504 1796 privata
532 1715 715 1777 recitatione
744 1714 823 1776 nihil
852 1719 1006 1792 mutatur,
1033 1721 1160 1797 excepto
1189 1716 1269 1779 Gon-

175 1807 275 1887 fiteor,
291 1806 374 1888 qnod
390 1807 483 1870 semel
501 1811 626 1870 tantum
641 1808 803 1870 recitatur¹
819 1807 994 1870 omittendo
1012 1808 1085 1870 Tibi
1101 1809 1207 1882 Pater,
1223 1808 1268 1871 vel

179 1899 274 1965 Vobis
301 1900 439 1973 Fratres,
465 1904 497 1963 et
527 1900 570 1963 Te
597 1899 694 1964 Pater
720 1902 766 1963 vel
800 1900 862 1963 Vos
914 1901 1050 1975 Fratres,
1078 1906 1109 1963 et
1137 1900 1269 1965 (licendo

175 1991 365 2056 Misereatar
378 1991 480 2055 nostri
502 2040 508 2053 .
533 2041 540 2054 .
564 2040 571 2053 .
594 1990 733 2054 dimone
746 1993 881 2075 peccatis
896 1990 1022 2065 nostris,
1038 1994 1188 2075 perducat
1203 2013 1269 2057 nos.

219 2086 247 2148 2.
271 2083 311 2146 In
332 2082 516 2147 recitatione
535 2084 619 2147 inter
640 2084 745 2166 plures
767 2086 927 2166 Confiteor
947 2085 1128 2148 alternatim
1151 2085 1270 2148 dicitur

175 2177 266 2242 utin
286 2176 389 2241 choro.

216 2268 409 2334 Alternatim
426 2270 600 2333 recitantur
614 2270 734 2349 hymni,
750 2270 874 2352 psalmi,
890 2272 1085 2351 responsoria
1097 2277 1157 2335 etc.
1193 2272 1268 2335 Lec-

175 2364 276 2429 tiones
300 2362 452 2426 dicuntur
478 2383 496 2426 a
521 2361 655 2442 singulis
682 2383 738 2425 auo
765 2362 884 2428 ordino.
933 2364 1096 2437 Convenit,
1122 2371 1159 2428 ut
1186 2386 1269 2427 nnus

175 2456 273 2520 vicem
301 2455 546 2518 Hebdomadarii
571 2460 669 2535 gerat.
718 2455 896 2519 Recitantee
922 2478 954 2519 ae
980 2462 1091 2519 mutuo
1118 2458 1267 2535 intelligi-

174 2549 281 2611 biliter
303 2548 412 2610 audire
434 2547 557 2624 debent,
577 2565 634 2610 nec
656 2548 712 2610 uni
735 2546 871 2627 incipere
894 2549 977 2624 licet,
999 2552 1165 2631 antequam
1188 2551 1268 2614 alter

176 2643 296 2721 integre
312 2639 487 2704 absolverit.

211 2799 238 2834 ιι
300 2825 306 2840 .
370 2832 376 2844 ,

212 2793 399 2920 ῑέόοῗῐδίῖω
417 2870 499 2934 valet,
518 2870 542 2919 ai
563 2871 616 2920 duo
637 2869 755 2920 Offnium
778 2872 901 2923 recitent.
923 2872 992 2923 Nov.
1016 2872 1189 2925 Paalterium.
