2804 4890
348 724 403 785 DE
427 727 697 787 ORATIONIBUS
721 727 797 786 SEU
821 728 1047 787 COLLECTIS.
1203 719 1243 785 39

151 903 192 965 N.
223 903 446 978 nominandus,
476 908 530 965 aut
561 924 617 985 pro
648 905 797 966 Oratione
826 905 853 965 A
887 905 1008 968 cunctis
1037 904 1241 968 substituitur

153 998 262 1060 Oratio
280 998 383 1077 prima
401 998 485 1059 inter
501 998 648 1073 diversas,
666 1004 721 1061 aut
738 1000 921 1061 nominatur
940 999 1097 1060 Patronus
1115 999 1175 1062 loci
1194 999 1240 1061 vel
1315 1061 1318 1068 ,

154 1090 342 1154 Dioeceseos.
410 1090 518 1153 Sancti
547 1091 580 1153 in
609 1092 667 1154 hac
695 1092 844 1154 Oratione
872 1093 899 1153 A
930 1092 1052 1155 cunctis
1080 1097 1242 1172 ponuntur

151 1186 243 1262 juxta
258 1183 401 1248 ordinem
419 1185 628 1260 Litaniarum,
645 1186 664 1246 i.
683 1206 707 1247 e.
725 1191 795 1266 post
813 1188 848 1248 B.
866 1186 910 1246 M.
927 1187 967 1247 V.
991 1188 1042 1265 (a)
1066 1186 1097 1248 S.
1115 1185 1240 1267 Angeli,

158 1278 209 1357 (b)
239 1278 271 1339 S.
288 1278 547 1359 Joannes·Bapt.,
569 1280 618 1358 (c)
648 1279 679 1342 S.
697 1280 825 1359 Joseph,
848 1280 901 1358 (d)
930 1278 1083 1359 Apostoli.

194 1375 222 1432 3.
247 1371 480 1435 commutanda
498 1378 545 1435 est
566 1373 675 1436 Oratio
695 1393 767 1434 cum
788 1374 907 1435 alinde
929 1374 1061 1454 Proprio
1082 1375 1129 1436 vel
1150 1374 1241 1435 Com-

155 1467 242 1527 muni
262 1467 471 1541 convenienti,
490 1467 517 1528 si
537 1468 580 1529 sit
599 1466 707 1529 eadem
728 1487 800 1528 cum
821 1467 970 1531 Oratione
991 1487 1068 1548 quae
1089 1469 1123 1529 in
1145 1468 1241 1530 Missa

154 1558 238 1621 dicta
252 1561 318 1639 jam
333 1567 389 1622 est.
433 1560 515 1623 Loco
531 1561 583 1622 Or.
600 1560 686 1622 Dana
701 1562 861 1642 refugium
878 1563 1020 1623 nostrum
1038 1561 1242 1623 substituitur

155 1672 282 1734 sequens
300 1657 354 1713 13·
370 1655 453 1716 inter
469 1655 634 1716 Orationes
650 1654 787 1715 diversas
802 1656 835 1715 N
838 1678 852 1718 e
870 1654 1059 1736 despicias.18

193 1751 222 1808 4.
247 1747 444 1827 Cognomina
463 1748 660 1820 Sanctorum,
679 1768 704 1810 e.
724 1768 753 1827 g.
774 1747 918 1828 Magnus,
939 1749 1136 1829 Seraphicus,
1157 1749 1240 1812 Sale-

155 1841 227 1915 eius,
251 1840 297 1902 vel
323 1841 426 1921 patria
450 1842 483 1902 in
510 1841 712 1903 Orationibus
736 1841 938 1921 exprimenda
962 1862 1024 1903 non
1050 1848 1133 1904 sunt.
1179 1842 1240 1905 Sed

155 1932 304 1996 dicuntur
323 1935 454 1996 nomina
476 1934 624 2014 duplicia,
648 1957 672 1998 c.
696 1956 724 2014 g.
751 1936 863 1996 Petrus
888 1934 1092 2010 Coelestinus,
1116 1936 1240 1998 Joanna

157 2027 330 2101 Francisca‚
352 2047 473 2089 necnon
494 2027 633 2090 Joannes
657 2028 895 2106 Chrysostomus
918 2033 949 2090 et
973 2028 1085 2091 Petrus
1109 2029 1240 2108 Chryso·

156 2121 249 2201 logos.

195 2219 222 2277 5.
245 2214 264 2276 Ι
265 2239 286 2278 n
302 2216 498 2278 conclusione
515 2215 702 2277 Orationum
717 2216 768 2276 hic
784 2216 894 2277 modus
909 2221 1066 2277 servatur:

199 2312 249 2385 (a)
279 2309 313 2369 Si
329 2309 438 2369 Oratio
451 2309 610 2387 dirigatur
622 2309 661 2370 ad
677 2308 814 2383 Putrem,
827 2309 1042 2370 concluditur:
1058 2310 1120 2373 Par
1132 2310 1241 2373 Domi-

155 2423 228 2464 num
246 2408 388 2465 riostrnm
406 2407 482 2476 etc.;
498 2403 524 2463 si
541 2407 645 2463 autem
664 2402 718 2463 fiat
736 2403 853 2463 mentio
871 2403 945 2463 Filii
964 2404 997 2463 in
1014 2404 1170 2483 principio
1186 2409 1241 2464 aut

156 2496 255 2559 medio
276 2495 437 2557 Orationis
463 2498 504 2572 (e.
525 2515 555 2575 g.
578 2495 634 2556 Dei
658 2516 728 2555 cum
750 2494 857 2557 addito
880 2496 1049 2558 Genitricis
1072 2496 1148 2574 M.),
1169 2517 1240 2559 con-

154 2589 292 2650 cluditur
312 2590 376 2652 Per
395 2589 537 2652 eumdem
557 2589 729 2650 Dominum
753 2592 894 2650 nastrum
914 2594 983 2663 otc,
1003 2591 1028 2650 si
1050 2590 1082 2649 in
1103 2590 1165 2653 fine
1185 2590 1241 2652 fiat

154 2684 270 2744 mentio
288 2683 373 2758 Filii,
389 2682 604 2744 concluditur:
623 2683 684 2759 Qui
702 2688 800 2744 tecum
820 2683 897 2745 cinit
914 2689 970 2745 etc.

198 2777 250 2854 (b)
280 2776 315 2837 Si
336 2776 445 2838 Oratio
463 2776 620 2854 dirigatur
638 2776 677 2837 ad
698 2777 826 2849 Filium,
845 2777 1061 2838 concluditur:
1082 2779 1144 2855 Qui
1162 2780 1240 2840 vivia

153 2876 184 2932 et
200 2891 310 2951 regnan
328 2891 399 2932 cnm
415 2869 481 2932 Deo
499 2869 594 2932 Patre
610 2875 679 2943 etc,
696 2871 742 2931 vel
761 2872 866 2933 codena
884 2871 923 2931 D.
943 2871 989 2941 P„
1006 2871 1032 2930 si
1050 2871 1105 2932 fiat
1121 2873 1240 2934 mentio

153 2963 266 3026 Patris.

199 3061 247 3135 (a)
277 3058 310 3118 Si
328 3059 361 3119 in
377 3058 527 3119 Oratione
542 3058 626 3118 facta
642 3057 681 3118 sit
697 3057 815 3117 directa
830 3058 947 3130 mentio
964 3057 1103 3137 Spiritus
1121 3059 1240 3128 Sancti,

151 3151 186 3212 in
204 3152 401 3214 conclusione
420 3151 553 3212 dicitur:
598 3151 638 3211 In
660 3151 779 3211 unitate
800 3152 939 3230 ejusdem
960 3152 1099 3232 Spiritus
1119 3154 1239 3217 Sancti.

194 3245 325 3320 Quando
340 3243 445 3324 plures
461 3244 625 3305 Orationes
639 3244 800 3318 dicuntur,
815 3244 1014 3307 concluditur
1029 3246 1132 3325 prima
1146 3251 1178 3306 et
1193 3246 1239 3306 ul·

150 3339 246 3414 tima;
281 3341 415 3402 Oramus
450 3338 568 3399 (licitur
601 3341 674 3400 ante
709 3338 844 3415 primam
879 3343 910 3400 et
945 3339 1121 3400 secundam.
1178 3340 1240 3401 Pro

151 3432 293 3511 pluribus
311 3432 515 3494 Orationibus
532 3430 588 3491 sub
605 3432 697 3491 unica
715 3431 912 3493 conclusione
928 3432 1103 3494 adhibenda
1121 3438 1167 3495 est
1185 3433 1239 3494 illa

151 3527 307 3588 conclusio
321 3546 399 3607 quae
413 3525 543 3586 ultimae
559 3529 683 3585 tantum
699 3525 852 3585 convenit.

195 3624 221 3680 6.
245 3621 345 3682 Extra
367 3619 495 3680 Missam
516 3626 547 3681 et
569 3617 671 3679 Horas
692 3617 855 3677 canonicas
877 3618 1040 3681 Orationes
1062 3620 1146 3680 brevi
1167 3641 1238 3682 con-

155 3713 288 3776 clusione
306 3712 548 3785 concluduntur,
569 3712 628 3772 nisi
649 3710 741 3771 aliter
760 3714 904 3785 notetur;
924 3712 1063 3790 proinde,
1082 3713 1109 3772 si
1130 3712 1239 3775 Oratio

158 3805 308 3887 dirigatur
330 3807 369 3868 ad
394 3806 532 3878 Patrem,
555 3803 771 3865 concluditur:
794 3805 857 3866 Per
881 3806 1041 3866 t'trrintruu
1066 3807 1236 3870 Dominum

159 3900 424 3973 narn1n1,ve1,si
445 3899 499 3962 fiat
517 3899 635 3961 mentio
655 3898 747 3959 Filii:
767 3900 828 3960 Par
846 3900 977 3962 eundern
997 3901 1053 3962 Ob.
1073 3900 1112 3962 D.
1133 3901 1194 3974 N.,·
1211 3903 1237 3963 si

159 3993 308 4075 dirigatur
331 3994 370 4056 ad
396 3994 532 4054 Filium:
558 3992 620 4069 Oni
642 3993 721 4054 ciris
746 3997 775 4054 ct
800 4014 910 4071 repnca
935 3993 967 4054 in
990 3996 1112 4055 saecula
1135 4016 1238 4057 saecu-

159 4088 248 4151 lorum
259 4113 270 4159 ,·
287 4089 333 4152 vel
351 4088 415 4165 Qui
429 4085 508 4149 vicia
526 4092 554 4149 et
573 4106 684 4165 regnos
700 4088 876 4167 peremnia
892 4088 1243 4160 auerruncandorum:

159 4182 213 4242 nisi
229 4182 292 4242 alia
308 4179 465 4242 conclusio
482 4182 618 4242 notetur.

190 4373 212 4406 ¹⁸
230 4367 345 4431 Quando
373 4364 418 4415 Or.
447 4365 469 4412 A
499 4363 604 4412 curretis
633 4364 670 4413 di·
723 4379 771 4427 pro
794 4363 891 4424 Congr.
916 4368 943 4413 et
966 4361 1086 4414 Familia
1109 4363 1174 4428 eligi
1199 4380 1242 4415 ne·

157 4445 238 4495 tenda
261 4448 303 4495 eat
328 4443 360 4492 2ο
386 4441 453 4503 loco,
477 4440 521 4489 Or.
546 4439 670 4501 Defende
723 4441 790 4503 quit.
816 4440 848 4488 D.
869 4442 907 4490 13.
927 4440 991 4490 Feb.
1012 4439 1088 4499 1892,
1105 4440 1182 4490 3767.
1200 4441 1242 4490 24.
