2804 4890
179 695 242 760 458
302 705 357 763 DE
380 703 645 762 SANCTISSIMO
668 703 969 762 EUCHARISTIAE
993 704 1273 764 SACRAMENTO.

181 868 279 931 sumit
294 867 452 950 pyxidem,
467 869 513 930 vel
530 870 556 931 si
570 871 662 951 pauci
684 870 824 950 [circiter
840 869 909 951 sex]
929 870 994 933 sint
1010 867 1274 943 communicandi,

179 968 328 1042 patenam
341 981 413 1024 cum
426 981 450 1024 s.
464 960 639 1044 particulis,
654 967 685 1024 et
701 962 785 1024 dicto
802 962 973 1040 Confiteor²
989 965 1046 1025 etc.
1064 963 1169 1026 omnia
1185 979 1274 1042 pera·

180 1056 229 1134 git
245 1061 281 1116 ut
295 1074 345 1117 no.
361 1073 445 1135 prae.
462 1058 533 1130 3-73
549 1062 581 1117 at
595 1054 740 1136 pollicem
757 1062 787 1119 et
804 1055 940 1116 indicem
954 1076 1017 1117 non
1033 1058 1165 1136 separat.
1183 1051 1273 1128 Quod

181 1151 287 1210 tamen
303 1146 420 1225 liceret,
436 1148 463 1208 si
478 1147 554 1209 alias
571 1148 604 1208 in
620 1147 754 1227 longiori
771 1148 993 1210 distributione
1011 1147 1168 1210 difficilius
1186 1145 1273 1228 pyxi-

179 1237 251 1301 dem
271 1244 376 1302 tenere
394 1244 508 1320 posset,
526 1238 619 1304 modo
638 1239 726 1320 prius
744 1240 861 1321 digitos
882 1241 915 1302 in
935 1260 1004 1303 vase
1024 1240 1158 1302 laverit³
1200 1237 1275 1299 “Fi-

178 1333 249 1395 nita
277 1331 507 1396 Connnunione
535 1332 703 1395 revertitur
731 1333 770 1396 ad
799 1333 918 1408 Altare,
945 1333 1027 1394 nihil
1057 1333 1179 1394 dicens:
1210 1349 1275 1392 non

180 1424 236 1489 dat
248 1425 294 1488 eis
307 1423 565 1501 benedictionem,
581 1426 654 1506 quia
670 1425 757 1487 illam
773 1425 860 1488 dabit
876 1427 909 1487 in
925 1425 986 1488 fine
1002 1425 1125 1487 Missae.
1151 1420 1275 1485 Deinde

180 1516 260 1580 dicit
279 1520 412 1579 secreto:
455 1518 545 1595 Quod
565 1539 616 1580 ore
635 1517 828 1599 sumpsimus
848 1515 926 1580 etc.''

222 1612 251 1673 2.
275 1609 308 1672 S.
332 1609 369 1672 R.
391 1609 544 1690 congreg.
568 1609 754 1672 declaravit:
778 1611 893 1674 “Posse
916 1610 1012 1673 etiam
1036 1611 1069 1671 in
1093 1608 1199 1671 Missis
1221 1608 1273 1670 de-

179 1701 374 1778 functorum,
387 1722 459 1765 cum
474 1702 666 1783 paramentis
677 1702 788 1781 nigris,
805 1702 837 1764 S.
853 1701 1114 1765 Communicnem
1129 1701 1273 1764 fidelibus

179 1794 367 1871 ministrari,
397 1792 492 1857 etiam
521 1813 558 1856 ex
586 1793 751 1874 particulis
780 1795 1053 1874 praeconsecratis,
1082 1792 1274 1856 extrahendo

179 1886 327 1968 pyxidem
340 1907 358 1949 a
373 1885 582 1950 tabernaculo.
609 1886 702 1948 Posse
717 1887 793 1948 item
809 1887 842 1947 in
857 1885 1050 1968 paramentis
1062 1887 1164 1966 nigris
1179 1885 1274 1948 mini-

180 1980 274 2043 strari
298 1979 559 2041 communionem
583 1978 763 2041 immediate
786 1984 856 2059 post
879 1978 1009 2040 Missam
1031 1978 1274 2054 defunctorum

180 2072 254 2135 data
268 2077 374 2135 autem
391 2070 571 2135 rationabili
587 2090 690 2146 causa,
708 2069 888 2134 immediate
905 2090 1025 2152 quoque
1042 2077 1114 2134 ante
1131 2069 1273 2135 eamdem

181 2165 329 2242 Missam3
354 2165 388 2226 in
410 2170 542 2244 utroque
565 2183 639 2227 casu
661 2163 868 2225 omittendam
892 2183 956 2225 esse
981 2161 1272 2237 benedictionem‚’'⁴

179 2277 244 2321 non
262 2277 333 2321 vero
353 2255 534 2320 Orationem
552 2276 624 2317 cum
644 2253 834 2331 Versiculis3
853 2255 905 2317 sed
923 2256 1065 2335 Allelojo
1082 2257 1178 2319 ctiam
1196 2260 1272 2317 tem-

179 2371 254 2432 pore
274 2350 412 2431 paschali
433 2348 668 2412 omittendum.l

222 2447 250 2506 3.
274 2443 323 2503 Ex
339 2442 470 2504 Decreto
487 2440 631 2503 Generali
649 2440 681 2502 S.
700 2441 734 2502 R.
750 2440 785 2503 O.
803 2444 841 2501 14
856 2441 938 2518 Aug.
956 2445 1035 2501 1391
1051 2441 1151 2503 elucet
1167 2441 1273 2521 praxis

181 2537 213 2598 S.
234 2534 496 2598 communionem
515 2530 680 2612 Religiosis
699 2532 862 2611 utriusque
882 2552 971 2594 sexus
989 2537 1022 2595 in
1042 2538 1183 2594 votorum
1203 2553 1273 2612 pro-

179 2628 313 2690 fessione
333 2631 364 2689 et
384 2625 582 2687 renovatione
603 2624 687 2684 intra
709 2623 837 2684 Missum
858 2623 1119 2687 administrandi:
1141 2627 1181 2687 In
1202 2645 1273 2706 pro-

178 2719 323 2800 fessione,
340 2716 500 2792 Sacerdos,
516 2716 556 2778 ad
573 2715 755 2796 profitentes
770 2735 945 2792 conversus
963 2717 994 2778 S.
1012 2718 1159 2779 Hostiam
1175 2737 1272 2779 manu

180 2818 298 2887 tenens,
319 2815 390 2891 post
409 2807 655 2886 uniuscuiusque
675 2806 899 2887 professionem
921 2808 1002 2870 elata
1024 2830 1095 2872 voce
1114 2808 1274 2886 emissam,

181 2905 213 2967 S.
230 2903 490 2966 communionem
508 2899 641 2978 singulis
659 2900 849 2978 impertitur.
877 2900 918 2961 Ia
936 2905 1079 2964 notorum
1097 2922 1168 2966 vero
1183 2922 1273 2966 reno·

179 2997 313 3067 votione,
337 2993 497 3065 Sacerdos,
520 2991 598 3053 dum
620 3010 727 3052 omnes
751 2992 845 3053 simul
870 2993 1038 3055 formulam
1063 2995 1274 3056 renovationis

179 3091 323 3161 recitant,
340 3094 445 3148 manet
462 3085 499 3146 ad
519 3084 627 3146 Altare
644 3103 819 3158 conversus,
836 3089 952 3164 etpost
970 3087 1185 3148 recitationem
1203 3090 1272 3148 tan-

178 3187 248 3245 tum
266 3177 411 3243 omnibus
431 3177 463 3239 S.
484 3176 744 3239 Communionem
764 3175 951 3239 distribuit.e

214 3349 372 3410 2Οοηῄτεον
392 3347 418 3396 in
437 3345 525 3396 Missa
543 3342 698 3394 Pontificali
746 3342 779 3394 D.
818 3345 1014 3398 1074.—Laico
1050 3348 1152 3400 Missae
1187 3349 1272 3403 inm.

177 3441 194 3477 a
230 3424 350 3475 Diacono
388 3421 538 3474 canendum
574 3423 631 3484 est;
671 3418 699 3467 iu
751 3417 836 3468 rienti
851 3420 936 3470 Sacra
949 3420 1106 3472 Communio
1121 3423 1273 3475 ministrari

175 3503 262 3553 Missa
275 3500 387 3552 solemni
402 3501 444 3549 vel
458 3500 517 3550 alta
530 3513 594 3549 voce
609 3497 696 3548 dicon·
746 3498 838 3562 potest
857 3497 884 3545 in
903 3512 952 3548 ora
968 3500 1135 3564 suppedansi
1155 3501 1272 3565 Altaria,

175 3579 238 3630 dum
265 3577 307 3629 vel
334 3577 500 3628 cantandum
528 3574 610 3636 juxta
636 3588 695 3624 cori·
747 3572 855 3622 etiamsi
885 3587 938 3622 non
966 3575 1004 3624 sit
1034 3575 1144 3625 indutus
1172 3577 1272 3628 habitu

174 3654 358 3716 suetudinem
400 3652 425 3700 in
463 3651 550 3701 Missa
584 3649 695 3699 solemni
751 3646 878 3697 clericali.
926 3647 958 3698 l).
990 3650 1013 3698 8.
1043 3649 1108 3698 Jun.
1140 3650 1216 3714 1911,
1247 3665 1274 3701 n.

175 3733 208 3783 de
231 3729 360 3791 aequom
384 3728 443 3779 alta
466 3742 529 3777 voce
554 3726 695 3776 dicendum
750 3720 871 3775 4271.1.

177 3810 227 3858 est.
265 3804 293 3855 C.
314 3803 403 3870 Episc.
423 3802 445 3851 I.
465 3803 488 3852 9.
509 3803 532 3851 6.
551 3805 578 3850 et
599 3798 637 3849 11.
657 3799 698 3848 29.
787 3798 841 3849 ⁴D.
861 3799 938 3850 3177.

178 3884 218 3945 3.;
238 3885 266 3934 et
285 3880 312 3931 S.
332 3880 360 3929 Ο.
380 3880 410 3929 R.
430 3880 471 3928 28.
490 3876 559 3926 Nov.
582 3876 656 3937 1902,
673 3890 698 3923 n.
787 3875 841 3926 δ1).
861 3875 938 3926 3465.

178 3961 255 4010 4104.
272 3957 296 4008 2.
789 3951 854 4002 ⁰Cf.
886 3951 920 4002 D.
955 3953 995 4003 14.
1027 3954 1099 4020 Aug.
1132 3953 1210 4020 1894,
1245 3970 1272 4007 ra

214 4033 363 4084 ³Ministcr
392 4029 630 4082 communicandus
658 4031 698 4077 est
751 4027 828 4079 3836.

176 4114 242 4166 ante
267 4112 372 4162 ceteros
401 4104 525 4173 quamvis
554 4101 700 4168 digniores,
