2804 4890
546 657 600 713 nn
623 660 830 727 nanurrs.
1164 649 1227 713 499

139 823 241 906 pedes,
272 822 417 889 Orucr'fer
447 823 531 888 inter
560 825 762 888 ceroferarios
792 826 834 888 ad
863 830 966 907 caput.
1020 826 1060 888 In
1092 823 1227 887 circuitu

141 918 250 979 leretri
276 916 340 980 siut
367 917 448 978 cerei
474 918 617 980 accensi.⁶
667 919 740 980 Non
767 939 838 982 vero
866 918 948 995 licet,
976 919 1010 980 in
1037 921 1153 981 feretro
1180 916 1227 979 vel

138 1008 271 1086 tumulo,
298 1009 374 1071 dum
398 1029 455 1090 pro
480 1008 585 1091 aliquo
611 1010 761 1074 defuncto
788 1012 934 1089 exequiae
959 1010 1051 1087 fiunt,
1078 1028 1228 1091 exponere

137 1102 277 1166 ciusdem
295 1102 439 1165 defuncti
459 1103 652 1185 imaginem!

179 1199 209 1259 4.
232 1195 340 1258 Finito
360 1195 554 1277 responsorio
573 1215 680 1259 omnes
699 1197 875 1273 discedunt,
894 1195 1097 1278 praecedente
1116 1195 1228 1258 clerico

137 1309 209 1352 cum
238 1288 348 1366 Oruce,
377 1308 454 1370 quae
482 1288 618 1370 relinqui
644 1309 710 1352 non
738 1288 829 1353 debet
856 1290 897 1351 ad
925 1289 1087 1353 feretrum.
1137 1289 1227 1351 Tunc

137 1381 276 1459 “statim,
305 1381 369 1444 nisi
397 1381 473 1463 quid
501 1380 664 1462 impediat,
691 1381 816 1444 dicatur
845 1381 988 1462 Officium
1016 1382 1226 1452 Mortuerum,

137 1495 209 1537 cum
230 1474 331 1536 tribus
351 1471 525 1538 Nocturnis
544 1477 577 1537 et
596 1471 788 1536 Laudibus.''
831 1474 872 1536 In
891 1474 954 1538 fine
974 1473 1120 1536 Laudum
1142 1472 1226 1535 dicta

137 1567 285 1630 Oratione
311 1587 376 1629 non
403 1565 565 1629 adduntur
592 1586 698 1629 versus
722 1566 874 1648 Requiem
900 1570 1059 1630 aeternam
1085 1586 1141 1629 nec
1167 1567 1225 1629 Rc-

137 1658 306 1740 quiescant,
332 1661 405 1740 quia
429 1659 463 1721 lii
489 1679 605 1736 versus,
631 1660 685 1740 qui
713 1659 893 1723 deserviunt
918 1658 959 1721 ad
982 1659 1134 1720 ultimum
1159 1656 1226 1719 vale

136 1751 304 1828 defunctis,
327 1753 361 1815 iu
382 1754 476 1814 finem
497 1772 626 1832 precum
646 1751 825 1814 reservandi
845 1751 945 1814 sunt.⁸

178 1848 206 1907 5.
231 1844 265 1906 Si
281 1865 380 1925 neque
395 1844 530 1907 officium
545 1864 645 1925 neque
662 1844 759 1906 Missa
775 1843 906 1907 dicenda
922 1848 1007 1922 sunt,
1025 1842 1174 1907 Sacerdos
1191 1844 1226 1905 in

136 1936 272 2018 exequiis
291 1936 479 1999 solemnibus
496 1936 537 1998 ad
554 1942 678 2017 portam
694 1935 850 1999 Ecclesiae
867 1936 982 2015 accipit
998 1935 1144 2016 pluviale,
1162 1934 1225 1997 nisi

136 2035 208 2091 anic
239 2030 318 2091 illud
347 2028 505 2105 detulerit,
535 2028 728 2109 aderuntque
759 2028 916 2091 Diaconus
946 2032 978 2091 el
1009 2027 1224 2091 subdiaconus

137 2123 248 2201 parati.
291 2121 506 2183 Subdiaconus
526 2120 641 2200 accipit
661 2120 793 2181 Crucem
814 2124 846 2182 et
864 2120 1023 2180 Diaconus
1043 2140 1075 2181 se
1095 2119 1225 2182 collocat

135 2233 154 2275 a
167 2214 304 2274 sinistris
320 2211 513 2275 Celebrantis
521 2232 530 2288 ;
544 2212 768 2276 thuriferarius
782 2209 939 2292 praecedit
949 2210 1092 2287 Crucem,
1104 2210 1224 2292 reliqua

137 2310 330 2386 peraguntur
350 2310 388 2367 ut
410 2305 504 2367 infra.

179 2401 206 2459 6.
230 2397 335 2458 “Dum
359 2397 391 2458 in
415 2397 521 2458 Officio
541 2396 691 2459 dicuntur
712 2396 845 2472 Laudes
869 2396 1048 2474 Sacerdos,’'
1076 2398 1119 2476 (si
1140 2396 1225 2459 adsit

136 2490 216 2552 alins
247 2489 287 2551 ad
317 2488 506 2550 cantandam
535 2488 718 2551 Orationem
746 2490 906 2567 Absolve)
941 2491 1034 2551 “eum
1065 2487 1223 2550 Ministris

137 2589 265 2664 paratur
288 2582 328 2645 ad
351 2581 566 2643 celebrandam
586 2581 718 2643 Missam
742 2580 910 2644 solemnem
934 2602 990 2663 pro
1013 2581 1172 2655 defuncto,
1195 2581 1223 2641 si

139 2681 259 2756 ternpus
284 2694 457 2754 congruens
483 2674 591 2750 fuerit,
616 2675 654 2736 ut
679 2673 714 2736 in
737 2674 788 2736 die
813 2673 1017 2754 depositionis
1043 2674 1076 2735 in
1101 2670 1221 2734 Missali

137 2766 307 2832 Roman0.''
342 2766 383 2828 In
395 2787 456 2847 qua
470 2765 568 2828 Missa
581 2770 729 2830 tenentur
742 2765 888 2828 candelae
904 2764 989 2828 infra
1005 2765 1223 2844 Evangelium,

142 2859 391 2940 (distribuendae
409 2859 465 2920 sub
482 2862 577 2921 cantu
597 2858 809 2939 Sequentiae,)
832 2863 864 2921 et
880 2877 898 2919 a
916 2859 1052 2920 Sanctus
1068 2876 1166 2936 usque
1183 2853 1223 2917 ad

137 2954 396 3014 Communionem
420 2950 612 3015 Celebrantis
635 2949 793 3013 inclusive.

179 3046 304 3121 Concio,
329 3044 356 3106 si
380 3045 540 3119 habeatur,
565 3042 635 3105 ficri
658 3043 749 3109 debet
770 3044 861 3107 finita
886 3044 983 3106 Missa
1006 3048 1078 3107 ante
1103 3041 1222 3104 absolu·

138 3138 264 3212 tionem,
286 3142 318 3199 et
338 3139 420 3199 veste
442 3134 535 3198 talari
557 3135 605 3197 vel
626 3135 737 3197 habitu
761 3134 889 3197 Ordinis
913 3136 980 3198 sine
1001 3133 1222 3215 superpelliceo

137 3228 183 3291 vel
202 3228 291 3306 stola,
308 3247 367 3292 nec
383 3226 598 3291 benedictione
615 3227 716 3308 petita
732 3227 771 3289 ab
789 3227 953 3308 Episcopo,
970 3227 997 3290 si
1015 3227 1122 3289 adsit!

178 3415 246 3477 308.
269 3413 435 3477 Absolutio
452 3412 493 3476 ad
510 3412 673 3476 teretrum.
698 3414 734 3476 Si
751 3414 904 3476 absolutio
922 3414 979 3477 fiat
997 3413 1065 3476 sine
1085 3411 1224 3474 Diacouo

135 3513 167 3570 et
188 3507 395 3583 Subdiacono,
414 3505 550 3584 acolithi
570 3526 679 3568 eorum
698 3505 765 3568 loco
783 3504 975 3569 ministrant.

177 3599 306 3660 “Finita
333 3599 430 3662 Missa
458 3596 626 3662 Sacerdos''
652 3619 723 3660 cum
748 3618 771 3661 s.
799 3596 957 3661 Ministris
982 3597 1143 3661 descendit
1168 3616 1225 3678 per

135 3691 250 3772 gradus
271 3690 414 3756 laterales
435 3692 469 3753 in
490 3691 620 3773 planum
641 3690 680 3754 ad
700 3711 796 3754 cornu
819 3689 989 3771 Epistolae,
1011 3696 1041 3754 et
1063 3689 1223 3770 “deposita

135 3785 240 3848 casula
258 3789 289 3848 et
309 3783 471 3865 manipulo
491 3782 605 3864 accipit
622 3784 758 3864 pluviale
778 3784 861 3863 nigri
882 3783 1015 3846 coloris''
1035 3786 1081 3848 vel
1104 3786 1135 3846 in
1155 3784 1224 3860 ejus

136 3877 260 3940 defectu
283 3879 399 3940 retinet
420 3875 532 3939 stolam
555 3893 648 3957 super
670 3875 790 3951 albam3
815 3878 889 3937 item
911 3898 934 3939 s.
959 3876 1100 3938 Ministri
1124 3877 1223 3938 mani·

135 3971 224 4051 pulos
252 3971 423 4050 deponunt,
451 3972 553 4049 atque,
580 3968 607 4030 si
634 3966 800 4031 Celebrans
828 3968 959 4049 pluviali
987 3973 1101 4045 careat,
1129 3968 1223 4031 etiam

165 4108 217 4158 ⁰Si
230 4113 296 4162 tuuc
309 4109 441 4175 reliquum
455 4107 571 4160 officium
583 4121 652 4160 mor·
738 4115 793 4158 τυ.
810 4108 852 4158 30.
869 4106 957 4173 April.
976 4106 1051 4167 1896,
1068 4122 1094 4156 ιι.
1111 4107 1186 4156 3898.

135 4187 241 4233 tuorum
272 4184 307 4235 ad
337 4183 412 4234 aliud
441 4186 549 4249 tempus
576 4181 653 4234 diue·
737 4182 1106 4235 amoenitatemque
1124 4181 1222 4242 Herdt,

133 4262 219 4321 ratur,
235 4263 298 4325 post
314 4258 463 4311 calamae
480 4258 546 4311 addi
563 4260 653 4325 potest
706 4257 761 4306 111.
779 4258 837 4306 249.

133 4340 217 4399 Kyrie,
251 4338 369 4399 Eleiaor,
398 4336 484 4386 Pater
504 4340 596 4386 noster
624 4337 651 4385 el
741 4334 840 4382 ”Caes
863 4334 913 4398 Ep.
933 4333 955 4386 1.
978 4333 1073 4385 XXII.
1093 4337 1123 4400 65
1144 4333 1226 4389 etl).

133 4415 227 4464 (ltalia
251 4413 367 4463 Absolve
388 4426 449 4463 cum
470 4410 560 4477 adspv

132 4491 162 4541 l).
176 4492 252 4541 29⁸3.
269 4491 292 4541 4.
