2804 4890
331 690 384 746 DE
407 690 677 749 ORATIONIBUS
700 694 775 748 SEU
798 693 1025 749 COLLECTIS.
1189 683 1230 744 35

182 864 292 926 Oratio
319 863 355 925 B.
385 862 427 924 M.
455 864 493 925 V.
521 869 568 926 est
594 864 658 938 illa,
685 885 762 944 quac
788 865 933 927 convenit
961 866 1105 946 tempori,
1132 870 1168 927 ut
1194 866 1227 926 in

138 959 276 1038 quinque
297 957 407 1020 votivis
427 957 462 1017 B.
484 956 527 1017 M.
551 957 587 1018 V.
608 959 655 1020 vel
676 958 750 1020 alibi
772 960 805 1020 in
826 958 958 1031 Missali,
979 978 1089 1039 nempe
1110 959 1144 1019 in
1164 958 1227 1018 Ad-

139 1056 234 1113 ventu
260 1051 346 1113 Dcue
373 1051 428 1132 qui
454 1052 490 1113 de
519 1053 633 1123 bealae,
660 1057 729 1131 post
758 1052 966 1113 Nativitatem
995 1051 1033 1112 D.
1061 1053 1146 1114 Deua
1174 1052 1228 1135 qui

137 1146 259 1213 solutis,
281 1152 351 1227 post
372 1145 627 1207 Purificationem
649 1145 799 1208 Concede.

181 1240 291 1302 Oratio
307 1239 347 1301 ad
366 1239 489 1301 libitum
509 1239 596 1318 seligi
615 1244 717 1319 potest
733 1260 768 1301 cx
787 1239 1012 1301 “Orationibus
1029 1241 1069 1302 ad
1086 1238 1228 1301 diversa''

140 1334 186 1395 vel
211 1354 250 1395 ex
277 1353 461 1414 quacunque
488 1334 584 1395 Missa
611 1354 689 1412 (quae
716 1340 865 1413 tanquam
894 1335 998 1397 votiva
1024 1334 1087 1395 diei
1116 1336 1227 1414 potest.

144 1428 212 1505 (Oi.
234 1428 272 1490 de
295 1427 499 1490 Orationibus
520 1429 552 1490 in
575 1427 681 1489 Missis
703 1427 813 1489 votivis
835 1449 865 1489 ιι.
889 1429 955 1507 28.)

180 1525 208 1582 4.
233 1521 303 1585 Hae
319 1522 483 1585 Orationes
497 1541 676 1583 communes
689 1521 878 1583 adhibentur
891 1522 931 1582 ad
946 1522 1156 1602 supplendum
1170 1542 1227 1582 nu·

139 1635 259 1677 memm
285 1616 471 1678 Oratiouum
496 1636 514 1676 a
538 1615 682 1677 Rubricis
706 1615 934 1696 praescriptum
959 1615 1133 1677 ternarium
1163 1615 1226 1694 (vel

139 1709 338 1787 binarium);
388 1709 466 1773 omit
454 1712 591 1784 ttuutur,
642 1710 669 1770 si
720 1709 1029 1770 commemorationes
1080 1709 1226 1789 speciales

139 1803 301 1866 faciendae
327 1810 410 1865 sunt.
389 1803 491 1865 tSi
518 1823 581 1865 una
608 1807 678 1865 tant
679 1823 733 1864 um
759 1807 981 1865 commemorat
984 1803 1014 1866 io
969 1802 1106 1878 tfiat,
1082 1803 1227 1864 ttertio

138 1897 205 1961 loco
221 1897 299 1959 dicit
286 1900 340 1958 tur
356 1897 476 1972 Oratio,
494 1916 571 1977 quae
588 1896 665 1958 alias
683 1896 818 1958 secundo
836 1897 903 1959 loco
920 1897 1060 1976 ponitur,
1079 1897 1200 1960 etiam'
1192 1916 1226 1957 ιιι

138 1991 228 2054 festis
249 1990 414 2071 semidupl.
438 1996 576 2071 tempore
599 1989 767 2053 Passionis.

181 2236 231 2298 21.
255 2239 588 2302 “commemorationes
602 2240 753 2318 speciales
769 2243 801 2303 in
817 2242 914 2304 Missa
928 2243 1009 2303 fiunt
1024 2243 1105 2303 sicut
1121 2243 1154 2302 in
1171 2241 1226 2301 Of-

139 2331 231 2395 ficio’'
247 2333 286 2394 ad
306 2333 436 2397 Laudes.
481 2335 602 2399 Paucae
620 2336 815 2415 exceptiones
832 2335 870 2397 ab
888 2337 946 2397 bac
966 2335 1072 2414 regula
1089 2333 1226 2412 generali

137 2427 340 2506 sequentibus
360 2433 589 2509 proponuntur

176 2524 204 2582 2
228 2521 349 2602 Vigilia
370 2544 534 2586 occurrens
558 2525 591 2585 in
613 2525 694 2586 feria
715 2524 1002 2602 majorietferiae
1027 2520 1227 2584 111.et.1v

140 2614 205 2689 llog
185 2615 349 2674 ‘rationum
374 2613 689 2673 commemorantur
682 2633 714 2673 ιιι
738 2613 845 2686 Missa,
871 2633 932 2673 non
959 2632 1029 2672 vero
1055 2612 1086 2671 in
1112 2611 1228 2670 Officio.

135 2704 410 2783 (liradragesimae,
433 2706 515 2778 Quat
517 2724 573 2766 uor
596 2705 787 2783 Temporum
812 2703 1004 2782 Septembris
1026 2710 1056 2766 ct
1044 2703 1158 2766 tfcria
1184 2700 1228 2761 ll.

136 2798 358 2877 ltogationum.

179 2897 208 2955 3
232 2893 496 2956 Commemoratio
514 2891 677 2971 simplicis,
696 2895 789 2971 atque
809 2891 918 2953 Oratio
937 2911 993 2971 pro
1014 2891 1128 2971 Papa
1120 2912 1153 2952 ιιι
1173 2911 1226 2951 an

138 2988 313 3049 niversario
344 2985 504 3049 electionis
535 2989 566 3047 et
597 2984 818 3059 coronationis,
851 2990 882 3045 ct
915 3004 971 3063 pro
1003 2983 1197 3063 Episcopo
1190 3003 1222 3044 m

136 3081 352 3144 anniversario
388 3079 637 3142 Consecrationis
680 3077 743 3156 (vel
781 3076 1014 3155 translationis)
1056 3075 1226 3156 Episcopi⁸

136 3174 274 3237 similem
296 3172 436 3253 regulam
459 3176 642 3253 sequuntur,
664 3171 729 3232 scil.

179 3267 205 3329 Ι.
230 3267 269 3330 Iu
288 3265 375 3348 dupl.
393 3267 468 3346 maj.
486 3270 518 3330 et
536 3265 679 3327 inferiori
698 3265 763 3325 ritu
781 3284 902 3343 semper
920 3264 1072 3325 dicuutur
1089 3263 1145 3324 sub
1164 3264 1225 3324 dis·

136 3363 238 3424 tincta
261 3361 477 3435 conclusioue3

180 3455 224 3517 Il.
249 3456 289 3516 Iu
310 3455 396 3534 dupl.
419 3458 466 3515 1⁸⁰
485 3453 522 3515 cl.
544 3456 575 3515 et
605 3450 871 3531 aequivalentibus
898 3451 1082 3528 (Dominica
1103 3450 1225 3511 Palma-

136 3570 207 3611 rum
231 3554 262 3612 et
286 3549 404 3628 vigiliis
428 3546 613 3609 Natiuitatis
637 3544 766 3606 Domini
789 3548 821 3608 et
845 3544 1052 3619 Pentecostcs,
1076 3551 1168 3624 atque
1192 3545 1226 3604 in

137 3643 181 3706 bl.
199 3643 302 3705 votiva
319 3641 467 3720 solemni)
489 3639 701 3713 omittuntur3

172 3873 184 3906 ⁶
203 3867 244 3917 Ex
261 3866 348 3917 Missa
362 3865 456 3916 votiva
470 3865 569 3916 Anniv.
585 3865 657 3929 ejus·
710 3864 876 3929 impediatur
896 3865 979 3916 Festo
999 3867 1103 3931 primae
1124 3868 1227 3931 elassis,

135 3945 204 4006 dem,
225 3943 331 3994 additis
351 3941 506 3993 nominibus
526 3942 656 4007 Episcopi
709 3958 740 3993 eo
763 3958 834 3993 auno
857 3943 1008 4000 omittitur:
1035 3947 1142 4008 quando
1165 3961 1227 4010 quo-

132 4024 161 4070 st
176 4016 511 4081 nimis-Utrumque
525 4017 656 4068 Auniver·
706 4020 799 4071 tannis
816 4019 981 4084 impediatur
997 4020 1070 4071 festo
1088 4023 1110 4071 1.
1127 4022 1170 4084 cl.,
1186 4022 1227 4072 vel

136 4097 238 4146 sarium
272 4094 423 4146 Electionis
453 4099 481 4146 et
513 4094 655 4146 Consecra-
709 4097 732 4146 si
759 4098 852 4147 eodem
881 4098 924 4147 dio
951 4104 1075 4148 occurrat
1104 4101 1226 4150 anniver-

134 4174 218 4224 tionis
252 4173 318 4234 (vel.
348 4172 471 4235 Transi)
504 4172 655 4237 praceepti-
709 4176 809 4225 sarium
828 4173 854 4225 S.
872 4176 1022 4238 Pontifleis,
1040 4177 1181 4240 reponitur
1200 4179 1226 4228 iu

135 4265 196 4299 rum
232 4254 275 4301 est
314 4250 488 4301 “seenmnts
525 4250 655 4300 mandato
706 4252 749 4302 die
767 4252 897 4316 sequenti.
935 4251 964 4302 Si
981 4257 1106 4303 occurrat
1123 4254 1167 4305 dis
1185 4255 1227 4306 24.

135 4326 304 4393 Episcopi.”
339 4325 372 4377 D.
389 4327 466 4378 3078.
709 4329 771 4379 llec.
800 4331 957 4392 assignatur
986 4332 1039 4381 diei
1068 4333 1225 4395 proximiori

171 4403 286 4468 Quaado
314 4404 537 4455 Anniversarium
565 4419 654 4455 consc-
705 4411 769 4457 aute
791 4406 861 4456 diem
884 4409 926 4471 24,
948 4407 1049 4474 duplici
1072 4408 1096 4458 2.
1117 4409 1150 4460 cl.
1173 4423 1226 4459 nou

136 4481 268 4533 erationis
291 4481 422 4549 Episcopi
448 4483 654 4533 accidentaliter
710 4484 903 4550 inquilitacl).
918 4487 1000 4549 3262,
1015 4485 1098 4543 2379&
1114 4489 1224 4536 382ss¹
