2804 4890
188 718 404 778 EXPOSITIO
426 720 480 776 SS.
506 720 763 777 SAORAMENTI
784 722 860 777 PRO
882 722 945 777 ΟΒ.
971 722 1026 776 XL
1049 721 1145 777 HOR.
1181 710 1242 774 353

194 885 369 948 “Omnibus
387 887 496 949 diebus
517 887 650 952 Octavae
670 886 817 966 Paschae,
838 888 1035 952 Pentecostes
1054 892 1084 952 et
1104 888 1243 968 Epipha-

154 997 234 1051 niae,

195 1070 345 1150 “Vigiliis
363 1072 549 1134 Natiuitatis
566 1070 694 1135 Domini
712 1077 744 1137 et
761 1074 968 1150 Pentecostes,
984 1093 1105 1136 necnon
1123 1073 1241 1135 Octava

154 1165 281 1245 propria
301 1165 529 1245 privilegiata.''

197 1262 226 1320 4.
249 1258 360 1332 “Quod
386 1259 411 1319 si
440 1259 556 1320 festum
583 1259 709 1340 aliquod
736 1260 855 1340 primae
882 1259 929 1322 vel
956 1259 1108 1322 secundae
1135 1260 1242 1322 elassis

152 1357 294 1414 occurrat
309 1352 341 1412 in
358 1350 534 1427 Dominiea,
549 1359 624 1415 tune
639 1353 774 1416 seeundo
788 1353 866 1429 loco,
881 1352 937 1415 sub
952 1353 1102 1416 distincta
1116 1354 1239 1416 conclu-

151 1445 247 1520 sione,
271 1445 307 1506 fit
329 1446 583 1508 commemoratio
607 1445 790 1508 Dominieae
813 1451 844 1508 et
867 1446 985 1508 dicitur
1007 1447 1076 1526 ejus
1100 1447 1240 1527 Evange-

151 1538 230 1599 lium
247 1539 280 1599 in
296 1538 359 1601 fine
376 1537 521 1601 Missae.’'

194 1637 222 1694 5.
245 1632 407 1694 “Tandem
429 1634 461 1694 in
482 1632 578 1694 Missa
597 1655 654 1714 pro
671 1635 753 1697 Pace
772 1634 960 1714 adjungitur
980 1634 1089 1697 Oratio
1109 1634 1166 1698 SS.
1189 1634 1244 1697 Sa-

152 1726 303 1789 cramenti
321 1726 377 1787 sub
394 1727 487 1788 unica
505 1725 719 1802 conclusione3
739 1728 773 1787 in
792 1726 901 1788 diebus
921 1735 1025 1791 tamen
1043 1728 1189 1807 exceptio,
1208 1731 1244 1788 ut

155 1838 259 1899 supra,
284 1818 380 1879 Missa
403 1818 543 1880 canenda
566 1818 626 1879 erit
650 1817 713 1879 dici
737 1820 892 1880 currentis
916 1838 988 1880 cum
1013 1819 1162 1883 Oratione
1184 1841 1241 1902 pro

154 1911 234 1974 Pace
251 1911 307 1973 sub
325 1911 417 1973 unica
434 1909 662 1973 conclusione.''

198 2008 225 2064 6.
249 2005 361 2066 “Feria
376 2004 433 2065 IV.
449 2003 599 2067 Cinerum
613 2005 647 2065 in
660 2024 724 2066 una
737 2025 774 2067 ex
787 2005 895 2067 diebus
909 2005 1123 2086 Expositionia
1137 2025 1242 2067 occur-

153 2102 251 2171 rente,
281 2101 373 2160 tonus
403 2097 523 2160 ferialis
553 2098 585 2157 in
616 2103 710 2159 cantu
742 2097 940 2173 Orabonnm,
971 2099 1182 2162 Praelationis
1211 2102 1243 2160 et

159 2191 251 2251 Pater
270 2196 375 2251 noster
394 2195 441 2251 est
460 2190 665 2265 adhibendus,
685 2211 741 2252 nec
760 2191 935 2254 omittenda
954 2198 1001 2255 est
1022 2191 1131 2253 Oratio
1149 2213 1244 2273 super

155 2284 352 2364 popirlum.”⁸

199 2381 225 2437 l.
249 2377 306 2437 “Si
320 2378 353 2437 in
369 2376 498 2439 solemni
516 2377 746 2440 Defunctorum
762 2378 1064 2441 Commemoratione
1079 2377 1243 2457 Expositio

159 2470 204 2531 Ss.
226 2471 420 2531 Sacramenti
438 2470 579 2532 habenda
596 2472 637 2534 sit
656 2490 713 2551 pro
732 2470 880 2532 Oratione
899 2474 937 2529 40
957 2469 1127 2543 Horarum,
1147 2468 1243 2530 Missa

157 2562 250 2625 unica
270 2563 308 2625 de
329 2584 364 2626 eo
386 2584 449 2626 non
471 2562 655 2637 omittatur;
676 2563 728 2625 sed
752 2562 888 2643 reliquae
910 2563 975 2624 sint
996 2583 1052 2642 pro
1074 2561 1243 2626 defunctis.

155 2656 194 2719 ad
217 2656 315 2719 altare
337 2655 540 2736 expositionis
562 2676 625 2717 non
649 2656 795 2717 dicantur
817 2660 849 2718 et
871 2655 1066 2717 celebrentur
1088 2655 1120 2715 in
1144 2654 1244 2717 colore

158 2749 338 2811 violaceo.'‘’⁹

199 2847 226 2905 8.
251 2842 313 2906 Ubi
330 2843 417 2904 adest
433 2843 582 2921 obligatio
597 2843 694 2917 chori,
712 2842 809 2905 Missa
823 2841 1027 2922 expositionis
1042 2841 1161 2904 dieitur
1176 2842 1246 2921 post

158 2936 293 3008 Nonam,
315 2956 370 2996 1111
391 2935 566 2997 omittenda
587 2940 634 2996 est
656 2935 752 2996 Missa
773 2935 996 2997 conventualis.

198 3029 260 3090 “In
276 3028 381 3092 Missis
397 3029 527 3109 privatis
542 3049 603 3090 non
621 3028 765 3108 pulsatur
779 3029 965 3108 campanula
978 3029 1017 3089 a‹l
1032 3028 1246 3101 elevationem,

159 3122 211 3184 sed
229 3125 353 3184 tantum
371 3125 403 3184 in
422 3142 544 3201 egressu
564 3121 757 3182 Celebrantis
774 3142 789 3182 e
807 3121 949 3183 sacristia
965 3121 1058 3182 ‹letur
1073 3125 1167 3184 tenue
1184 3121 1245 3200 aig-

159 3235 235 3276 num
253 3235 324 3275 cum
344 3215 436 3276 solita
454 3213 698 3294 campanula.''¹⁰
739 3215 804 3275 Nec
822 3222 909 3275 extra
928 3235 1032 3276 casum
1053 3213 1246 3277 necessitatis

158 3310 192 3370 in
225 3307 329 3369 Alteri
360 3308 563 3387 expositionis
597 3307 662 3368 ulla
695 3307 757 3368 alia
790 3307 961 3369 celebretur
994 3307 1090 3369 ltlissa
1124 3311 1247 3388 praeter

157 3402 326 3462 solemnem
348 3403 381 3462 in
401 3401 593 3480 expositione
613 3406 644 3462 et
665 3401 861 3480 repositione.

201 3498 229 3555 9.
254 3494 300 3556 De
315 3495 419 3556 Alteri
436 3494 638 3575 expositionis
656 3493 843 3556 Communio
859 3513 922 3554 non
938 3492 1141 3554 distribuitur
1155 3494 1247 3570 juxta

160 3590 283 3668 praxim
301 3588 414 3653 Urbis:
432 3592 457 3650 si
477 3587 582 3650 fideles
603 3586 655 3648 illo
672 3590 811 3667 tempore
828 3585 867 3647 ad
886 3585 1147 3647 Communionem
1164 3604 1247 3646 acee-

159 3681 231 3744 dere
252 3682 363 3755 solent,
385 3702 470 3743 sacra
492 3682 582 3760 pyxis
605 3681 637 3740 in
660 3679 721 3740 alio
744 3679 846 3739 Altari
870 3678 1078 3758 deponetur.¹¹

222 3860 253 3922 G.
287 3859 331 3922 De
353 3857 584 3919 Funotionibus
606 3857 640 3917 in
662 3856 722 3917 hae
745 3855 938 3918 Adoratione
960 3853 1182 3931 persolvendis.

589 3993 606 4031 l.
639 3993 728 4030 PRIMA
750 3991 821 4030 DIES.

203 4085 272 4147 222.
302 4088 352 4164 (α)
380 4087 475 4150 Mane
494 4088 524 4148 in
542 4087 638 4147 Missa
654 4085 867 4166 expositionis,
883 4103 960 4164 qnae
976 4104 1073 4164 usque
1089 4083 1127 4144 ad
1144 4102 1248 4163 sump-

161 4184 279 4243 tionem
299 4183 469 4261 Sanguinis
489 4182 552 4243 ritu
572 4201 633 4241 non
653 4180 760 4241 differt
779 4178 816 4240 ab
835 4179 905 4240 aliis
926 4177 1030 4239 Missis
1050 4177 1248 4250 solemnibus,

161 4278 257 4339 altera
280 4277 380 4338 hostia
401 4274 632 4338 consecrabitur
653 4292 709 4353 pro
730 4272 860 4335 solemni
884 4271 1125 4351 Expositione.¹²

195 4407 206 4436 ἢ
227 4400 258 4449 D.
280 4402 318 4450 18.
339 4399 407 4460 llaj.
429 4400 503 4456 issu,
522 4415 546 4447 n.
565 4399 641 4447 3574.
653 4400 676 4448 5.
770 4404 792 4434 ¹¹
813 4396 845 4445 D.
861 4395 937 4446 3448.
955 4397 983 4458 13
1000 4397 1027 4445 et
1042 4394 1118 4445 3482.

195 4477 258 4527 ⁹D.
276 4478 299 4527 9.
316 4477 372 4526 Jul.
393 4478 466 4543 taes,
484 4492 508 4530 n,
525 4477 601 4526 3864.
618 4477 642 4525 4.
769 4473 902 4523 12ηΗο1
934 4476 1025 4522 tamen
1059 4488 1110 4521 non
1143 4477 1185 4521 cst
1218 4473 1251 4524 de

196 4561 221 4600 10
241 4555 323 4607 Instr.
343 4555 424 4605 Clem.
733 4557 889 4624 praecepto,
924 4549 1042 4614 incomta
1076 4549 1182 4616 exponi
1215 4562 1267 4610 po·
