2804 4890
176 643 238 705 242
374 655 426 708 DE
450 655 578 711 SENSU
603 655 788 712 LITERALI
811 657 862 712 ET
881 657 1069 715 MYSTIOO.

181 827 348 891 formando
368 827 494 907 signum
517 826 637 903 Crucis,
660 829 747 909 quasi
770 829 931 891 victimam
953 849 1047 911 super
1069 830 1202 893 Crucem
1223 851 1269 892 re

180 921 321 983 clinaret.

222 1016 250 1076 3.
276 1013 357 1077 Vino
374 1015 522 1078 miscetur
535 1036 624 1097 aqna,
640 1016 715 1095 quia
730 1016 775 1078 ita
790 1017 912 1098 peregit
927 1017 1082 1079 Dominus
1098 1017 1269 1081 secundum

179 1128 298 1172 morem
312 1108 496 1171 orientalem
512 1108 545 1170 in
560 1109 674 1170 ultima
688 1109 801 1185 Coena,
817 1131 938 1172 necnon
951 1131 988 1172 ex
1002 1111 1123 1173 ratione
1138 1111 1269 1190 mystica

180 1202 214 1264 in
240 1203 423 1265 memoriam
448 1221 545 1282 aquae
571 1221 649 1282 quae
675 1223 747 1264 cum
774 1204 926 1283 sanguine
952 1224 990 1267 cx
1015 1204 1112 1267 latere
1138 1205 1208 1283 ejus
1234 1203 1268 1264 in

181 1296 281 1359 (lruce
302 1295 407 1358 exivit.
452 1296 513 1358 Per
535 1295 674 1357 medium
697 1317 808 1358 aevum
831 1297 932 1358 “calix
955 1298 993 1359 ad
1017 1298 1162 1360 dextrum
1185 1297 1269 1358 latus

179 1389 300 1452 oblatae
328 1390 364 1467 (i.
387 1410 412 1452 c.
436 1390 571 1468 hostiae)
600 1391 784 1471 ponebatur,
807 1392 895 1471 quasi
920 1392 1113 1472 Sanguinem
1138 1391 1267 1453 Domini

180 1487 390 1563 suscepturus,
412 1503 503 1563 quem
525 1482 563 1546 de
584 1483 681 1546 latere
702 1483 860 1548 dominico
882 1484 1045 1564 profluisse
1066 1483 1267 1547 credimus.”⁷

180 1575 355 1651 Praeterea,
380 1578 472 1656 juxta
497 1576 679 1640 Orationem
703 1577 789 1640 Deus
815 1580 869 1660 qui
894 1580 1049 1642 humanae
1074 1578 1267 1642 substantioe

178 1670 291 1732 mixtio
316 1688 411 1749 aquae
436 1689 507 1730 cum
533 1669 606 1732 vino
632 1674 844 1750 repraesentat
868 1671 1018 1732 unionem
1044 1671 1140 1733 Verbi
1166 1670 1265 1732 divini

178 1783 250 1826 cum
282 1763 479 1826 humanitate
510 1783 566 1843 per
598 1763 856 1839 incarnationem,
889 1768 981 1844 atque
1013 1765 1163 1826 unionem
1195 1784 1267 1826 cum

178 1855 323 1919 fidelibus
342 1876 398 1936 per
416 1857 561 1936 gratiam.
607 1857 709 1931 Quare
729 1878 809 1938 aqua
828 1857 953 1920 fidelem
973 1858 1126 1939 populum
1146 1878 1267 1938 reprae-

178 1956 304 2013 sentans
325 1950 528 2013 benedicitur.

219 2047 249 2105 4.
273 2044 431 2105 Numerus
449 2044 592 2124 pluralis,
610 2046 790 2126 offerimus,
809 2046 986 2122 adhibetur,
1004 2047 1077 2126 quia
1095 2046 1150 2108 “in
1170 2046 1267 2106 Missa

179 2137 310 2201 solemni
335 2139 431 2200 etiam
457 2137 616 2201 Diaconus
642 2141 763 2215 recitat,
788 2141 842 2219 qui
869 2140 978 2202 vinum
1005 2141 1039 2202 in
1065 2141 1192 2203 calicem
1219 2141 1266 2201 in·

178 2232 288 2295 fundit
306 2236 338 2295 et
356 2231 500 2293 divinum
520 2234 705 2312 sanguinem
724 2233 800 2294 olim
821 2234 936 2314 populo
956 2234 1214 2308 administrabat;
1234 2238 1267 2295 at

178 2325 333 2387 formulae
357 2345 413 2405 pro
438 2325 535 2387 Missa
558 2325 689 2387 solemni
714 2326 880 2388 institutae
904 2326 938 2387 in
963 2327 1085 2406 privata
1110 2346 1174 2387 non
1198 2346 1265 2386 mu-

177 2419 331 2482 tantur.''⁸

218 2519 245 2576 5.
270 2515 379 2578 Oratio
395 2515 435 2578 In
451 2514 568 2594 spirita
585 2515 786 2587 bisaulidaim,
803 2520 860 2578 etc.
878 2517 941 2578 fuit
958 2517 1056 2591 trium
1074 2519 1268 2597 puerorum,l

177 2606 253 2668 dum
270 2606 472 2670 ambulabant
487 2607 520 2667 in
537 2606 639 2669 medio
656 2605 799 2668 flammae
809 2627 817 2681 ;
833 2611 925 2685 atque
941 2628 960 2668 a
977 2606 1142 2669 Sacerdote
1157 2607 1265 2687 positi-

134 2771 136 2774 ,
177 2721 236 2764 one
254 2698 456 2774 humilitatis,
477 2701 496 2760 i.
517 2721 542 2762 e.
563 2699 701 2778 corporis
721 2699 925 2761 inclinatione
946 2700 1106 2761 recitatur.
1150 2699 1265 2761 Statim

179 2813 249 2854 vero
263 2798 383 2856 erectus
400 2793 559 2868 Sacerdos,
574 2792 718 2854 manibus
733 2799 764 2855 et
779 2792 876 2854 oculis
892 2797 923 2856 in
941 2793 1061 2855 coelum
1076 2793 1202 2856 elevatis
1218 2793 1265 2854 in·

177 2893 264 2951 vocat
283 2889 439 2967 Spiritum
461 2889 629 2950 Sanctum:
652 2889 732 2950 Veni
751 2887 980 2967 Sanctificctor,
999 2937 1007 2951 .
1027 2936 1033 2951 .
1055 2938 1061 2951 .
1080 2893 1110 2951 et
1130 2888 1267 2961 benedic,

177 2985 234 3041 etc.
280 2978 414 3040 Indubie
429 2980 486 3041 boc
503 2978 568 3040 loco
587 2979 727 3057 Spiritus
745 2978 878 3040 Sanctus
895 2980 1059 3040 invocatur
1066 3000 1075 3055 ;
1093 2981 1127 3042 in
1144 2979 1264 3040 Missali

177 3073 262 3134 enim
286 3071 477 3135 mozarabico
501 3072 575 3134 haec
601 3071 710 3134 Oratio
734 3072 841 3134 audit:
866 3073 969 3133 “Veni
995 3079 1100 3136 sancte
1127 3074 1265 3153 Spiritus

177 3165 403 3228 sanctificator:
423 3165 584 3227 sanctifica
602 3165 659 3227 hoc
679 3164 865 3226 sacrificium
887 3165 925 3226 dc
944 3166 1089 3227 manibus
1109 3167 1186 3229 meis
1207 3165 1264 3227 tibi

178 3263 398 3340 praeparatum
408 3258 436 3335 ;'’
457 3279 549 3340 porro
571 3259 698 3322 verbum
719 3261 790 3322 teni
809 3280 873 3320 non
894 3259 1072 3339 applicatur
1092 3260 1191 3335 Patri,
1212 3260 1265 3321 sed

178 3353 313 3433 Spiritui
332 3353 447 3416 Sancto
462 3354 515 3433 qui
531 3353 671 3414 mittitur
686 3374 704 3414 a
720 3353 814 3414 Patre
828 3358 859 3415 et
876 3353 976 3427 Filio;
991 3353 1197 3416 sanctificatio
1212 3374 1266 3433 pcr

177 3447 463 3527 appropriationem
482 3446 672 3508 adscribitur
691 3445 825 3524 Spiritui
847 3445 970 3506 Sancto.

220 3544 247 3602 6.
271 3541 450 3616 Invocatur,
466 3545 502 3603 ut
519 3541 688 3604 benedicat.
734 3539 942 3602 “Benedicere
958 3545 1004 3603 cst
1021 3542 1136 3604 bonum
1154 3543 1265 3604 dicere.

178 3635 343 3715 Contingit
358 3640 463 3697 autem
478 3635 594 3698 bonum
608 3634 710 3696 dicere
726 3633 902 3714 tripliciter.
947 3634 1020 3695 Uno
1034 3634 1126 3697 modo
1140 3635 1265 3696 enunti-

176 3729 268 3803 ando,
295 3735 372 3810 puta
398 3749 469 3790 cum
496 3729 566 3808 quis
593 3728 709 3789 bonum
736 3727 865 3791 alterius
892 3727 1010 3790 laudat.
1076 3728 1148 3789 mio
1175 3728 1266 3790 modo

178 3825 370 3904 inspersa-do,
393 3823 490 3886 etsie
513 3821 692 3884 benedicere
714 3841 770 3901 per
791 3821 1011 3883 auctoritatem
1034 3826 1081 3883 cst
1102 3821 1264 3901 proprium

176 3915 245 3989 Dei,
258 3938 294 3978 cu
298 3918 349 3995 jus
364 3916 495 3995 imperio
508 3915 624 3977 bonum
638 3913 677 3975 ad
691 3918 848 3975 creaturas
860 3913 1038 3988 derivatum
1053 3915 1263 3975 ministerium

176 4015 280 4074 autem
305 4011 441 4089 pertinet
464 4009 503 4070 ad
526 4009 687 4070 ministros
711 4007 780 4079 Dei,
804 4009 856 4088 qui
880 4029 995 4070 nomen
1019 4008 1148 4071 Domini
1172 4029 1264 4089 super

175 4104 325 4183 populum
349 4105 503 4165 invocant.
549 4102 656 4163 'lertio
675 4101 833 4164 benedicit
851 4103 920 4180 qrris
940 4103 1086 4184 optando.
1106 4107 1137 4164 ct
1157 4123 1262 4164 secun-

176 4196 250 4257 dum
267 4197 323 4257 ho«¹
339 4196 517 4256 benedicum
533 4204 575 4255 cst
594 4196 708 4255 bonnm
725 4194 818 4255 alicui
836 4195 912 4256 selle
927 4201 955 4256 cl
973 4195 1058 4274 (pressi
1075 4196 1189 4256 bonum
1207 4215 1264 4274 pro

175 4292 279 4371 aliquo
312 4289 491 4371 prre‹·ari.''¹⁰
547 4290 715 4351 truncatur
748 4290 845 4366 igilur
880 4289 1017 4368 Spiritus
1051 4290 1195 4358 Sanctus,
1228 4296 1261 4352 ut

210 4440 220 4470 r
244 4434 381 4498 Μῑμηήος,
782 4437 794 4469 ⁹
814 4432 882 4481 llan.
901 4431 956 4482 ΠΙ.
975 4433 1008 4480 39
1025 4437 1053 4482 et
1070 4435 1110 4484 40.

209 4515 222 4551 1
241 4509 325 4564 Bona
785 4514 810 4548 1⁰
830 4509 922 4559 Thom.
941 4509 989 4575 Bp.
1006 4510 1041 4559 ad
1058 4511 1132 4561 Rom.
1149 4525 1171 4562 c.
1191 4513 1230 4562 12.
