2804 4890
359 696 445 754 APP.
469 694 494 753 1.
533 693 775 752 MEMORITER
796 693 1038 752 RECITANDA.
1184 683 1241 747 541

194 859 358 940 Perceptio
378 860 525 941 Corporis
543 862 602 938 tui,
621 860 755 924 Domine
772 861 850 923 Jesu
870 860 1004 935 Christe,
1023 857 1105 941 quod
1124 875 1180 938 ego
1199 855 1243 916 in·

152 953 268 1033 dignus
293 974 416 1015 sumere
442 956 616 1034 praesumo,
642 974 704 1015 non
732 954 810 1015 mihi
838 954 1001 1035 proveniat
1028 953 1061 1012 in
1088 949 1244 1030 judicium

151 1050 184 1111 et
202 1046 511 1108 condemnationem:
532 1047 584 1108 sed
603 1066 660 1127 pro
678 1052 733 1109 tua
752 1048 868 1126 pietate
887 1046 987 1127 prosit
1006 1045 1085 1106 mihi
1103 1043 1143 1104 ad
1163 1044 1245 1103 tuta-

153 1146 296 1202 mentum
321 1140 437 1201 mentis
463 1145 495 1202 et
520 1140 667 1220 corporis,
692 1143 724 1202 et
749 1140 790 1201 ad
817 1138 969 1202 medelam
994 1133 1246 1219 percipiendam;

153 1233 208 1312 qui
226 1232 304 1294 vivis
321 1237 353 1296 et
371 1251 481 1312 regnas
499 1251 571 1294 cum
591 1232 656 1294 Deo
675 1233 769 1295 Patre
786 1232 819 1293 in
839 1232 960 1294 unitate
979 1230 1120 1312 Spiritus
1138 1227 1245 1290 Sancti

155 1323 250 1401 Deus,
269 1343 325 1405 per
342 1324 448 1386 omnia
467 1323 589 1387 saecula
606 1322 809 1386 saeculorum.
851 1323 963 1387 Amen.

195 1418 249 1480 Aa
270 1418 547 1480 Cornmuniooem:
577 1417 696 1480 Panem
718 1418 880 1481 coelestem
900 1416 1063 1498 accipiam,
1081 1419 1114 1479 et
1133 1431 1247 1475 nomen

154 1508 285 1571 Domini
304 1509 460 1572 invocabo.

197 1600 342 1679 Domine,
362 1623 425 1664 non
443 1620 513 1664 sum
532 1602 648 1683 dignus
668 1607 705 1665 ut
724 1603 821 1665 intres
839 1602 896 1666 sub
914 1605 1033 1664 tectum
1053 1619 1175 1663 meum:
1195 1597 1248 1661 sed

158 1700 282 1758 tantum
303 1694 353 1758 dic
373 1695 475 1771 verbo,
495 1701 526 1759 et
548 1696 710 1757 sanabitur
731 1697 837 1759 anima
860 1715 936 1757 nica.

199 1786 320 1869 Corpus
355 1786 485 1850 Domini
519 1789 618 1850 nostri
652 1789 729 1850 ¹lesu
766 1788 885 1850 Christi
920 1786 1077 1852 custodiat
1110 1785 1249 1848 animam

157 1900 259 1944 meam
282 1882 316 1942 in
339 1881 437 1943 vitam
459 1884 627 1943 aeternam.
673 1881 784 1943 Amen.

200 1971 283 2047 Quid
303 1973 474 2038 retribuam
494 1972 629 2035 Domino
648 1993 705 2054 pro
723 1973 868 2035 omnibus
888 1993 965 2054 quae
984 1972 1132 2036 retribuit
1148 1969 1251 2034 mihi?

159 2063 295 2129 Calicem
313 2064 469 2128 Salutaris
485 2066 647 2145 accipiam,
663 2072 695 2128 et
711 2086 823 2128 nomen
842 2065 971 2127 Domini
988 2065 1143 2127 invocabo.
1170 2063 1251 2124 Lau-

158 2156 237 2220 dans
257 2158 403 2221 invocabo
423 2157 606 2232 Dominum‚
625 2164 656 2220 ot
675 2159 713 2219 ab
731 2157 869 2219 inimicis
889 2159 965 2220 meis
985 2157 1088 2219 salvus
1106 2176 1167 2219 ero.

202 2249 339 2331 Sanguis
370 2249 500 2311 Domini
532 2251 632 2312 nostri
664 2250 741 2312 Jesu
774 2249 894 2311 Christi
925 2248 1084 2312 custodiat
1112 2246 1251 2310 animam

159 2362 261 2407 meam
280 2344 314 2405 in
331 2343 428 2404 vitam
447 2347 614 2406 aeternam.
655 2342 767 2404 Amen.

200 2435 253 2497 Ad
279 2434 537 2513 Porifiootiones:
576 2434 665 2508 Quod
693 2455 745 2497 ore
773 2434 975 2515 sumpsimus,
1003 2433 1148 2508 Domine,
1175 2451 1252 2512 pura

159 2534 265 2592 mente
281 2529 457 2609 capiamus:
475 2532 506 2590 ot
521 2528 560 2590 de
575 2546 704 2590 munere
721 2526 886 2607 temporali
903 2527 958 2590 fiat
975 2525 1064 2590 nobis
1081 2525 1253 2590 remedium

159 2623 397 2703 sempiternum.

204 2713 325 2796 Corpus
353 2719 456 2789 tuum,
485 2713 629 2787 Domine,
658 2712 740 2793 quod
769 2713 900 2791 sumpsi,
928 2717 960 2775 et
989 2712 1136 2793 Sanguis,
1163 2729 1255 2791 quem

161 2808 278 2890 potavi,
301 2807 468 2869 adhaereat
492 2804 660 2867 visceribus
682 2805 777 2867 meis:
801 2808 833 2866 et
856 2807 978 2886 praesta
1002 2810 1039 2867 ut
1062 2807 1094 2865 in
1117 2825 1168 2867 me
1192 2822 1254 2864 non

162 2904 321 2963 remaneat
344 2899 494 2963 scelerum
519 2897 651 2975 macula,
676 2917 767 2978 quem
792 2917 872 2978 pura
893 2903 925 2961 et
948 2901 1055 2959 sancta
1080 2897 1255 2959 refecerunt

163 2992 375 3056 Sacramenta.
429 2991 489 3067 Qui
521 2991 600 3053 vivis
631 2994 663 3053 et
692 3010 805 3070 regnas
833 2991 866 3052 in
898 2990 1021 3053 saecula
1051 2988 1254 3052 saeculorum.

163 3085 275 3150 Amen.

205 3179 258 3242 Aa
287 3165 558 3241 Benedirtrbnem:
596 3176 722 3238 Placeat
749 3175 818 3250 tibi,
848 3176 964 3239 Sancta
991 3177 1145 3244 Trinitas,
1173 3174 1256 3237 obse-

165 3273 273 3352 quium
294 3268 454 3333 servitutis
472 3289 568 3343 meae,
585 3273 616 3331 et
634 3272 758 3348 praesta
776 3275 813 3331 nt
833 3267 1041 3343 Sacrificium,
1058 3269 1140 3349 quod
1160 3267 1257 3329 oculis

165 3368 238 3426 tuae
259 3363 437 3440 Maiestatis
458 3360 607 3439 indignus
627 3360 738 3435 obtuli,
759 3360 816 3422 tibi
839 3361 881 3422 sit
900 3360 1098 3440 acceptabile,
1119 3361 1258 3440 mihique

165 3463 197 3520 et
219 3454 373 3525 omnibus,
397 3474 454 3534 pro
478 3452 590 3533 qvvibus
617 3452 695 3513 illud
719 3451 829 3523 obtuli,
854 3453 906 3527 sit,
930 3459 961 3515 te
987 3454 1164 3528 miserante,
1188 3473 1257 3533 pro-

166 3547 318 3631 pitiabile.
360 3547 421 3608 Per
439 3545 600 3607 Christum
619 3543 791 3606 Dominum
811 3546 964 3607 nostrum.
1005 3546 1116 3608 Anien.

210 3640 381 3703 Benedicat
391 3658 446 3703 vos
460 3637 658 3717 omnipotens
672 3635 767 3713 Deus,
784 3636 888 3713 Pater,
902 3640 934 3701 et
947 3636 1060 3713 Filius,
1073 3642 1105 3702 et
1121 3637 1261 3718 Spiritus

168 3733 312 3803 Sanctus.
