2804 4890
562 707 820 764 IMPllOl'ElllA.
1178 702 1241 763 315

147 878 237 942 dunt.
282 878 331 940 Ibi
347 883 433 943 stant
449 883 482 942 in
500 880 574 943 locis
590 881 664 955 suis,
680 880 776 942 donec
794 879 961 943 Celebrans
978 882 1110 945 Crucem
1126 882 1234 946 adora·

150 972 246 1047 verit3
267 973 321 1052 qui
344 974 457 1034 iterum
481 974 615 1053 “accipit
637 973 855 1046 calceamenta,
878 975 1076 1054 manipulum
1098 981 1129 1039 et
1150 996 1235 1037 casu-

147 1064 241 1127 lam.''
286 1065 384 1127 Cruce
405 1086 460 1147 per
481 1066 698 1129 Celebrantem
718 1066 846 1128 adorata
865 1087 889 1128 s.
910 1067 1052 1130 Ministri
1073 1067 1234 1148 deponunt

147 1158 335 1238 manipulos,
363 1164 394 1222 et
423 1160 515 1237 juxta
544 1159 802 1221 consuetudinem
834 1159 891 1221 loci
921 1164 1020 1239 “quae
1050 1161 1234 1235 servetur,''³

147 1253 241 1313 etiarn
271 1252 489 1317 calceamenta.
540 1251 672 1327 Deinde,
702 1254 749 1314 uti
781 1252 947 1314 Celebrans
977 1253 1103 1328 fecerat,
1134 1254 1234 1316 tribus

146 1343 417 1421 genuflexionibus
445 1346 539 1408 simul
569 1344 701 1408 adorant
731 1344 873 1420 Crucem,
902 1350 933 1409 et
962 1344 1113 1408 Crucifixi
1142 1347 1234 1427 pedes

148 1439 249 1517 primo
268 1438 434 1513 DiaconuS,
452 1439 525 1500 dein
545 1438 760 1500 Sabaliaconus
778 1459 796 1500 a
812 1438 949 1501 sinistris
965 1439 1035 1518 ejus
1051 1438 1235 1519 genuflexus

145 1530 312 1593 osculatur.
360 1532 436 1609 (No.
461 1536 530 1605 191,
551 1536 595 1611 7.)

189 1628 217 1683 4.
242 1623 290 1684 Ad
316 1644 477 1685 scamnum
505 1625 672 1702 imponunt
698 1624 906 1686 calceamenta
931 1645 966 1687 ac
990 1625 1179 1705 manipulos,
1204 1627 1235 1687 et

148 1716 362 1778 Subdiaconus
382 1717 538 1797 planetam
549 1738 557 1791 ;
577 1724 652 1781 tunc
672 1718 773 1797 capite
792 1722 874 1781 tecto
893 1718 1034 1781 sedentes
1051 1718 1232 1781 alternatim

147 1829 218 1869 cum
249 1809 431 1872 Celebrante
460 1810 592 1871 recitant
624 1811 822 1891 improperia,
852 1811 899 1872 uti
930 1830 1025 1891 supra
1053 1813 1175 1891 primus
1204 1816 1235 1873 et

144 1902 297 1964 secundus
314 1903 453 1965 clericus.
499 1903 576 1980 (No.
599 1907 696 1980 roal

189 1998 216 2054 5.
240 1994 382 2058 “Deinde
407 1995 461 2056 alii
487 1997 589 2057 clerici
617 2002 646 2057 et
672 1996 755 2065 laici,
779 1996 847 2057 bini
871 2001 902 2059 et
926 1996 1004 2072 bini,
1030 2001 1078 2060 ter
1100 1998 1232 2078 genibus

144 2087 242 2160 flexis,
263 2096 296 2149 ut
317 2088 503 2151 dictumest
527 2088 603 2167 [No.
627 2093 695 2163 llll,
717 2089 765 2168 ll,
787 2089 919 2151 Crucem
939 2089 1117 2162 adorant‚’'⁴
1137 2091 1180 2154 ita
1201 2102 1235 2154 ut

145 2178 222 2241 dum
246 2179 308 2239 duo
332 2181 427 2260 primi
453 2180 588 2241 secundo
611 2180 839 2258 genuflectunt,
863 2181 925 2242 duo
950 2186 1112 2263 sequentes
1136 2203 1232 2263 genu-

145 2271 272 2335 flcctant
289 2274 399 2353 primo.
445 2273 610 2344 “Interim
627 2273 703 2334 dum
719 2272 756 2335 fit
769 2273 911 2337 adoratio
927 2275 1047 2349 Crucis,
1062 2279 1232 2338 cantantur

146 2367 345 2445 improperia,
360 2372 390 2428 et
405 2366 466 2427 alia
482 2386 558 2445 quae
573 2372 757 2444 sequuntur,
772 2365 819 2427 vel
833 2368 949 2441 omnia,
965 2367 1012 2428 vel
1027 2387 1099 2447 pars
1113 2387 1231 2441 eorum,

145 2463 238 2537 prout
255 2458 426 2520 multitudo
443 2458 643 2520 adorantium
661 2457 706 2519 rel
724 2459 865 2538 paucitas
883 2459 1015 2539 requirit
1024 2458 1078 2534 ;''⁵
1094 2467 1128 2524 at
1146 2459 1230 2523 Cele-

147 2551 238 2610 brans
253 2571 323 2612 eum
340 2571 363 2613 s,
380 2551 537 2613 Ministris
552 2552 657 2612 omnia
674 2552 793 2612 recitat.

186 2647 214 2705 6.
237 2643 350 2706 “Circa
375 2644 468 2705 finem
493 2644 685 2707 adorationis
712 2643 822 2706 Crucis
846 2645 1062 2707 accenduntur
1085 2645 1232 2710 candelae

146 2756 238 2816 super
251 2736 380 2799 Altare'’
392 2743 423 2800 et
436 2738 628 2801 credentiam
642 2738 679 2799 ab
693 2736 853 2816 acolythis.
900 2738 1115 2800 Subdiaconus
1129 2739 1233 2804 ferens

145 2831 277 2893 Crucem
295 2831 552 2912 processionalem
572 2830 679 2894 induit
696 2831 858 2907 amictum,
877 2832 990 2908 albam,
1007 2831 1181 2914 cingulum,
1200 2837 1232 2897 ct

144 2925 170 2985 si
192 2926 241 2985 uti
263 2924 364 2994 liceat.
387 2925 546 3004 planetam
570 2924 736 3005 plicatam;
759 2925 785 2986 si
808 2925 890 2987 desit
911 2925 991 2988 alter
1015 2925 1231 2989 Subdiaconus

149 3020 288 3096 (praeter
334 3017 567 3079 Subdiaconum
613 3017 759 3093 Missae),
802 3018 964 3097 acolythus
1007 3018 1231 3100 superpelliceo

144 3111 274 3171 indutus
289 3110 351 3175 fert
368 3110 509 3172 Crucem.

187 3202 256 3264 lluo
271 3203 468 3265 thuriferarii
484 3207 670 3283 praeparant
687 3204 801 3281 ignem.

187 3300 213 3357 7.
237 3296 416 3359 “Diaconus
432 3296 587 3375 accipiens
602 3295 728 3357 barrsam
743 3296 983 3376 corporalium,''
998 3317 1070 3359 curn
1085 3297 1230 3378 purifica-

144 3389 223 3450 torio
239 3389 380 3467 desuper,
396 3409 450 3469 per
465 3389 545 3449 riam
561 3389 731 3451 breviorem
748 3389 786 3450 ad
803 3388 911 3450 Altare
925 3389 1045 3452 aceedit
1058 3394 1090 3452 et
1104 3391 1230 3452 “exten-

143 3483 191 3542 dit
206 3481 364 3560 corporale
381 3503 466 3544 ruore
483 3481 574 3544 solito
590 3486 621 3542 et
637 3482 726 3559 juxta
745 3481 822 3542 illud
841 3483 930 3561 ponit
948 3480 1230 3563 purificatorium,'’

142 3574 353 3649 genuflectens
386 3575 418 3634 in
451 3573 649 3653 suppedaneo
682 3594 786 3635 versus
819 3573 951 3635 Crucem
982 3580 1055 3635 ante
1086 3578 1118 3636 et
1149 3579 1228 3654 post.

144 3667 245 3728 Sinml
265 3667 534 3728 Caesernoniarius
551 3666 641 3728 atlert
661 3666 787 3728 Mimale
804 3665 842 3727 ad
861 3685 956 3727 cornu
976 3665 1150 3745 Evangelii.

184 3764 212 3821 8.
236 3760 365 3823 “Finita
385 3758 588 3822 adoratione''
609 3758 767 3821 Diaconus
787 3759 957 3821 comitante
978 3756 1229 3820 Caeremoniario

139 3854 257 3914 aceedit
268 3854 305 3914 ad
322 3854 422 3914 locum
436 3853 489 3914 ubi
504 3853 588 3914 Crux
602 3853 703 3932 posita
715 3859 791 3921 erat,
803 3857 834 3914 et
848 3854 930 3913 faeta
944 3851 1039 3912 unius
1050 3870 1133 3928 genu
1147 3848 1232 3911 flexi-

140 3968 196 4006 one
218 3947 370 4008 “Crucem
393 3945 599 4011 reverenter.’'
621 3947 640 4008 i.
662 3968 687 4007 e.
711 3945 837 4007 flectens
858 3949 1027 4023 utrumque
1048 3963 1142 4022 genu,
1164 3943 1232 4005 “ae-

142 4039 220 4119 cipit
231 4045 261 4102 et
276 4046 413 4119 reportat
427 4038 464 4100 ad
482 4036 620 4100 Altare.''
664 4037 800 4099 Interim
813 4036 980 4098 Celebrans
993 4055 1160 4116 omnesque
1173 4031 1229 4099 alii

141 4153 241 4211 genua
256 4132 395 4193 flectunt.
442 4131 609 4193 lliaeonus.
624 4130 707 4191 facta
719 4128 945 4205 genuflexione,
958 4129 998 4192 ad
1013 4127 1228 4192 Celebrantem

142 4225 232 4286 redit.
279 4224 527 4286 Omnessedcnt.
572 4221 769 4283 “Ordinatur
784 4220 968 4301 processio.”

175 4415 187 4448 ⁸
206 4410 239 4459 D.
257 4411 332 4459 2769.
355 4412 392 4459 10.
410 4413 433 4458 5.
751 4413 758 4443 ⁸
781 4407 863 4454 Qulr.
881 4406 955 4455 llius.
971 4420 1062 4471 propr.

749 4489 761 4523 ὅ
780 4482 822 4534 Ib.
