2804 4890
279 691 334 750 DE
357 688 572 749 Bnunnlcr.
598 690 747 762 APOST„
772 690 816 748 IN
832 693 920 751 ART.
946 692 1107 751 MORTIS.
1166 683 1225 750 491

178 860 206 918 4.
229 856 363 917 “Postea
381 855 475 918 dicit:
494 856 702 936 Adiutorium
723 862 865 921 nostrum
885 856 964 922 etc.''
985 864 1020 920 ut
1041 858 1074 918 in
1096 853 1227 918 Rituali.

138 949 296 1027 Confiteor
320 955 377 1011 ete.
403 949 462 1013 etsi
487 958 560 1013 aute
585 949 747 1014 Viatieum
771 957 802 1014 et
828 951 1011 1012 Extremam
1037 950 1227 1012 Unctionem

136 1043 203 1120 jam
225 1043 391 1103 recitatum
412 1043 464 1118 sit,
484 1048 516 1106 et
535 1041 665 1123 reliqua,
684 1050 720 1106 ut
741 1043 794 1105 ibi.

179 1134 236 1196 “Si
256 1155 326 1197 vero
346 1136 492 1196 infirmus
510 1136 551 1198 sit
570 1135 648 1200 adeo
667 1137 762 1197 morti
782 1138 944 1217 proximus
964 1145 999 1199 ut
1021 1141 1143 1216 tempus
1163 1153 1227 1196 non

137 1233 293 1307 suppetat,
325 1227 433 1288 statim
465 1228 614 1291 Sacerdos
645 1228 902 1291 Benedictionem
933 1229 962 1290 ei
995 1224 1226 1307 impertiatur,''

137 1318 259 1382 dicens:
284 1320 441 1383 Dominus
467 1327 573 1384 noster
598 1325 656 1385 ebe.

180 1412 238 1475 Vel
255 1412 378 1474 brevius
394 1418 549 1494 postrema
566 1414 656 1477 verba
672 1413 866 1476 essentialia:

179 1504 416 1585 ludulyentiom
445 1506 618 1588 plermriom
649 1511 679 1569 el
707 1505 922 1569 remissionem
952 1505 1093 1569 amisium
1122 1524 1227 1587 pecco·

140 1602 242 1659 torum
262 1598 319 1661 tibi
339 1599 471 1661 concedo
490 1598 525 1660 in
543 1599 669 1662 nomine
686 1599 794 1663 Patris
814 1602 863 1678 †,
882 1603 912 1662 ct
930 1597 1019 1672 Filii,
1039 1605 1068 1661 et
1088 1598 1228 1679 Spiritus

136 1688 248 1752 sancti.
288 1691 415 1754 Anrcn.⁸

181 1787 208 1844 5.
230 1782 315 1844 Ilaec
338 1783 536 1863 indulgentia
554 1785 651 1846 etiam
673 1784 813 1865 parvulis
833 1784 901 1846 dari
923 1792 1034 1866 potest,
1056 1785 1109 1864 qui
1132 1783 1228 1845 Abso-

139 1876 269 1936 lutiouis
295 1882 326 1938 et
355 1876 521 1939 Extremae
549 1877 717 1939 Unctionis
743 1883 817 1939 sunt
842 1877 1067 1957 ‹sapaces—lis
1094 1877 1228 1955 aegrotis

138 1968 263 2029 concedi
293 1974 393 2047 potest
421 1969 485 2048 qui,
512 1970 605 2031 etium
634 1969 843 2050 culpabiliter,
869 1991 932 2032 non
960 1972 1089 2033 fuerunt
1116 1972 1153 2031 ab
1182 1970 1228 2029 in·

138 2066 245 2139 coepto
261 2061 368 2124 morbo
383 2062 585 2123 sacramentis
603 2061 722 2137 relecti,
739 2062 902 2143 subitoque
919 2070 1052 2141 vergunt
1072 2064 1103 2123 iu
1121 2061 1228 2124 interi·

140 2162 207 2214 tum
218 2154 239 2221 ;⁴
261 2173 323 2213 non
345 2174 416 2215 vero
437 2155 744 2229 “excommunicatis,
767 2154 1045 2234 impoenitentibus
1066 2162 1097 2217 et
1119 2155 1172 2235 qui
1195 2154 1229 2215 in

139 2247 306 2307 manifesto
329 2250 453 2325 peccato
475 2245 601 2307 mortali
624 2245 835 2309 moriuntur.''

182 2341 208 2398 6.
233 2338 348 2400 Iterari
376 2338 485 2417 nequit
514 2338 547 2398 in
577 2337 685 2401 eodem
714 2338 820 2400 morbo
849 2339 907 2401 etsi
935 2337 1098 2414 diuturno,
1127 2360 1181 2401 nec
1210 2356 1229 2400 a

139 2430 281 2510 pluribus
301 2430 520 2492 Sacerdotibus
536 2431 616 2492 hanc
634 2430 827 2507 facultatem,
843 2430 916 2494 licet
933 2452 970 2494 ex
987 2431 1108 2495 diverso
1125 2430 1229 2505 titulo,

140 2523 342 2597 habentibus;
359 2543 414 2584 nee
435 2521 576 2584 iteranda
593 2529 639 2585 est
659 2524 733 2585 baec
752 2522 936 2599 benedictio,
955 2525 981 2585 si
1000 2524 1112 2586 collata
1131 2523 1229 2586 fuerit

141 2616 266 2678 infirmo
287 2615 435 2677 existenti
463 2615 495 2676 in
520 2620 605 2676 statu
629 2617 747 2695 peccati
770 2614 922 2693 mortalis,
946 2617 993 2678 vel
1017 2618 1043 2679 si
1068 2623 1136 2697 post
1160 2615 1229 2695 ejus

139 2709 347 2788 receptionem
369 2708 474 2787 lapsus
495 2708 537 2770 sit
560 2708 593 2769 in
614 2708 799 2788 peecatum.⁶

181 2800 384 2864 “Benedictio
411 2799 592 2880 Apostoliea
620 2820 692 2862 cum
719 2799 924 2880 Indulgentia
951 2801 1092 2882 plenaria
1121 2804 1153 2864 in
1180 2820 1229 2864 ar·

139 2894 235 2957 ticulo
261 2894 372 2955 mortis
396 2893 463 2953 dari
491 2898 592 2972 potest
619 2897 688 2973 post
715 2892 828 2955 collata
852 2898 990 2956 extrema
1019 2894 1229 2968 Sacramenta,

138 3006 234 3066 quum
265 2985 439 3066 periculum
471 2984 597 3064 quidem
628 2985 737 3047 mortis
767 2984 865 3061 adest,
897 3006 959 3048 non
990 2990 1094 3050 tamen
1126 2983 1229 3048 immi·

139 3079 426 3153 nens.’'⁶—“Quum
456 3078 686 3158 responsionem
716 3098 754 3140 ex
782 3079 825 3139 rei
856 3082 970 3142 natura
999 3099 1055 3159 pro
1085 3078 1229 3142 omnibus

139 3173 272 3247 aegrotis
294 3170 559 3232 (luistifulelilurs
582 3171 614 3231 in
636 3170 746 3233 mortis
767 3171 904 3251 periculo
923 3172 1104 3235 constitutis
1129 3171 1228 3252 [Emi.

140 3263 203 3325 PP.
224 3262 421 3343 (*ardinales]
444 3261 545 3325 valere
564 3263 730 3337 ‹lixerunt3
747 3284 876 3344 eamque
895 3266 926 3326 S.
948 3265 1038 3329 Pont.
1058 3266 1121 3327 Leo
1141 3264 1228 3325 Xlll

139 3355 539 3435 approbavit‚²—Sacerdoa
561 3377 624 3418 non
647 3356 747 3417 valide
768 3357 890 3420 confert
913 3356 1142 3435 indulgentium
1166 3358 1228 3436 plc-

139 3450 258 3510 uuriam
280 3451 309 3509 iu
326 3448 459 3511 articulo
477 3449 596 3521 mortis,
614 3449 728 3510 omissa
746 3448 882 3510 formula
900 3470 916 3509 a
935 3468 1057 3510 summo
1078 3451 1228 3511 Pontifici*

138 3543 328 3621 praescripta
351 3540 389 3603 ob
412 3540 485 3603 libri
508 3540 729 3615 deficientiam,
750 3541 823 3621 quia
847 3541 983 3604 formula
1005 3561 1067 3603 non
1091 3548 1135 3604 est
1160 3549 1226 3604 tau-

139 3644 205 3695 tum
225 3634 386 3699 directius.
405 3632 457 3695 sed
477 3633 697 3713 praeceptiva.⁸

136 3791 218 3841 death
243 3790 321 3840 itaelf
343 3790 410 3840 with
434 3789 602 3855 resignation
627 3792 657 3839 to
709 3787 783 3837 l'ode
801 3801 903 3839 meeum
921 3788 958 3837 od
975 3789 1120 3852 infirmos.)

137 3867 186 3929 thy
213 3867 304 3917 divine
328 3866 384 3915 will
410 3866 465 3917 ancl
492 3865 520 3914 in
546 3864 656 3930 punish·
739 3862 852 3914 ³Juxta
872 3864 1043 3915 Breviarium
1064 3880 1136 3916 anno
1159 3868 1223 3918 1843

136 3946 208 3992 ment
233 3941 277 3991 for
301 3957 346 4006 my
368 3941 433 3992 sina.
475 3940 490 3990 1
513 3941 589 3992 unite
612 3955 656 4004 my
704 3939 804 3991 Romae
825 3939 993 4005 impressum.

134 4018 283 4081 sufferinps
300 4022 328 4067 to
346 4018 395 4080 thy
412 4021 483 4067 most
499 4016 585 4067 bitter
601 4020 655 4067 tor·
741 4013 790 4065 ⁴8.
809 4015 837 4066 C.
856 4015 916 4066 Iud.
935 4017 968 4066 20
986 4016 1060 4083 Sept.
1082 4020 1156 4070 1775.

136 4099 230 4145 ments.
269 4093 292 4144 0
314 4093 394 4155 lerd,
414 4093 477 4144 hera
496 4093 574 4153 burn,
594 4093 657 4143 luere
742 4091 791 4142 ⁵8.
810 4091 839 4143 0.
861 4091 920 4144 lud.
941 4095 957 4143 5
978 4094 1058 4144 Febr.
1082 4097 1156 4145 1841.

136 4175 197 4227 eut:
221 4171 269 4220 but
293 4184 373 4235 spate
396 4184 438 4220 me
462 4169 506 4220 lor
528 4168 656 4233 eternlty.
739 4167 789 4218 θ8.
807 4167 835 4218 0.
853 4168 913 4220 Iud.
934 4170 964 4220 18
981 4169 1044 4221 Dec.
1065 4173 1139 4224 1885.

135 4247 183 4309 lly
218 4245 308 4306 Jeme,
345 4243 565 4310 mereyl-Haee
600 4243 657 4295 tria
741 4243 799 4293 ²1⁹
815 4243 877 4295 Dec.
897 4247 971 4296 1885.

136 4323 219 4374 verba
232 4321 268 4373 ab
283 4320 389 4372 infirmo
402 4323 571 4387 repetantur.
608 4319 656 4383 (V.
738 4317 788 4370 ⁸8.
808 4319 837 4370 C.
858 4318 919 4372 Ind.
939 4323 955 4373 5
976 4321 1056 4374 Febr.
1079 4325 1153 4376 1841.
