2804 4890
398 666 505 721 ORDO
529 663 718 717 BAPTISMI
743 663 1027 720 PARVULORUM.
1195 655 1256 717 433

164 821 333 900 probabilis
354 841 424 902 spes
444 820 613 884 catholicae
634 821 853 885 educationis.⁸
894 824 1055 903 Baptizari
1076 823 1189 888 debent
1211 823 1258 883 in·

166 916 279 989 lantes,
303 916 329 976 si
354 933 468 995 parens
492 913 664 976 catholicus
688 915 873 991 consentiat,
898 917 1039 996 quamvis
1063 917 1163 978 altera
1187 934 1259 996 pars

170 1010 250 1087 (sive
267 1006 422 1071 catholica
438 1008 502 1072 sive
520 1008 708 1089 acatholica)
732 1009 774 1072 sit
793 1009 903 1072 invita.
944 1009 971 1070 N
976 1030 1016 1071 on
1035 1015 1167 1091 possunt
1185 1008 1258 1089 bap-

165 1105 267 1180 tizari,
295 1124 321 1166 si
350 1104 412 1166 dno
439 1105 589 1184 conjuges
617 1101 783 1166 acatholici
812 1101 1050 1184 promissionem
1080 1101 1259 1165 Catholicae

164 1197 359 1260 educationis
386 1200 539 1261 recusent
587 1196 774 1277 “Proposito
801 1197 907 1274 dubio,
933 1216 974 1259 an
1002 1196 1062 1258 filii
1088 1194 1258 1257 mulierum

165 1292 408 1354 christianarum
424 1298 455 1353 et
471 1289 571 1371 patris
586 1291 707 1353 Turoae
743 1338 750 1353 .
788 1339 796 1352 .
833 1291 898 1353 sint
913 1289 1104 1371 baptizandi,
1120 1288 1258 1352 instante

165 1392 254 1464 patre
269 1384 316 1445 vel
332 1390 442 1458 matre,
458 1403 555 1464 quum
571 1384 708 1464 poterin
725 1402 890 1464 progressu
906 1382 1017 1445 aetatis
1034 1381 1104 1445 illos
1121 1382 1259 1448 instruat

164 1478 197 1538 in
219 1480 302 1540 secta
326 1476 555 1551 mahometana,
578 1486 610 1538 et
632 1475 691 1539 filii
716 1476 849 1540 timeant
871 1475 1013 1557 profiteri
1035 1492 1067 1539 se
1089 1494 1155 1539 esse
1176 1473 1258 1537 chri·

163 1570 290 1632 stianos.
336 1567 439 1631 SS¹¹¹¹¹⁸
465 1566 626 1649 [Clemens
648 1567 777 1648 VIII.],
800 1566 919 1631 auditis
940 1567 1031 1646 votis,
1051 1566 1200 1644 decrevit,
1221 1569 1259 1629 ut

165 1661 407 1750 baptizentur.f'⁴
463 1660 522 1724 “Si
558 1662 621 1724 duo
657 1662 806 1742 conjuges
840 1665 1059 1742 protestantes,
1094 1660 1258 1723 deficiente

165 1756 311 1817 ministro
330 1755 468 1835 proprio,
489 1755 672 1819 exhiberent
692 1754 832 1817 Parocho
853 1754 982 1819 alterive
1004 1752 1167 1817 Sacerdoti
1188 1771 1258 1832 pro-

165 1850 271 1928 prium
290 1848 445 1911 infantem
466 1846 699 1928 baptizandum,
718 1847 920 1924 declarantes,
940 1867 1004 1910 sese
1023 1867 1078 1929 per
1097 1847 1154 1909 hoc
1174 1842 1258 1907 haud

167 1941 341 2021 intelligere
356 1941 509 2020 obstringi
525 1940 653 2003 adeum
667 1940 865 2004 educandum
881 1943 915 2002 in
931 1940 1127 2019 Religionem
1144 1938 1258 2001 Catho-

166 2035 268 2108 licam,
283 2034 439 2113 poteritne
458 2032 617 2095 Parochus
632 2052 704 2095 eum
722 2033 888 2112 baptizare,
905 2037 943 2095 nt
960 2031 1122 2094 interdum
1137 2032 1171 2093 in
1188 2035 1258 2096 tuto

166 2130 262 2204 ponat
285 2126 461 2188 innocentis
486 2124 638 2186 infantuli
661 2132 822 2187 aeternam
844 2123 989 2200 salutem,
1012 2122 1259 2205 praescindendo

165 2219 202 2278 ab
221 2238 267 2293 eo,
286 2217 368 2297 quod
389 2217 422 2277 in
442 2218 552 2278 futuro
570 2217 692 2279 evenire
712 2217 820 2297 possit,
840 2216 964 2296 quando
983 2217 1023 2279 ad
1043 2222 1177 2280 aetatem
1195 2216 1258 2279 dis·

165 2309 312 2371 cretionis
326 2310 525 2389 pervenerit?
558 2310 651 2390 Besp.
667 2309 828 2389 Negative,
842 2315 1060 2390 praeterquam
1074 2310 1108 2371 in
1119 2306 1259 2391 periculo

166 2400 321 2464 mortis.''⁵

208 2499 235 2555 5.
260 2494 418 2556 Diaconns
441 2494 475 2556 in
497 2514 570 2557 casu
594 2494 758 2558 mediocris
779 2494 984 2570 necessitatis,
1003 2499 1035 2558 et
1058 2493 1218 2574 delegatus
1240 2512 1260 2556 a

167 2586 333 2651 Sacerdote
351 2593 453 2667 potest
470 2586 639 2649 solemnem
658 2587 858 2667 Baptismum
874 2586 1035 2664 conferre3
1052 2592 1086 2651 at
1103 2587 1188 2648 “non
1205 2604 1258 2667 po

166 2683 226 2745 test
242 2679 401 2743 Diaconos
415 2679 511 2741 salem
527 2677 706 2741 benedicere
722 2683 753 2742 et
769 2678 926 2760 aquam.”⁸

619 2957 733 3028 ART.
755 2957 805 3028 H.

413 3162 512 3214 ORDO
534 3163 718 3213 BAPTISMI
740 3162 1006 3215 PARVULOBUM.

207 3349 278 3415 2⁷3.
297 3351 462 3429 Convenit,
481 3360 517 3417 ut
537 3354 608 3415 fons
628 3352 823 3432 baptismalis
841 3352 993 3415 habeatur
1011 3371 1108 3435 prope
1128 3353 1259 3432 januam

170 3445 323 3508 Ecclesiae
351 3465 370 3506 a
399 3449 487 3526 parte
518 3444 690 3525 Evangelii.
743 3445 795 3508 Ita
825 3444 856 3507 S.
886 3443 1017 3505 Carolus
1047 3443 1257 3524 praescripsit.

167 3536 416 3617 “Baptisterium
434 3536 475 3600 sit
492 3535 639 3599 cancellis
656 3537 900 3616 circumseptum
920 3556 987 3599 sera
1004 3542 1036 3600 et
1054 3536 1138 3599 clave
1155 3534 1258 3596 muni-

168 3629 266 3691 tuni.’'
309 3631 542 3711 Praeparentur
563 3630 595 3692 S.
619 3629 764 3692 Chrisma
784 3636 815 3692 et
838 3628 870 3692 S.
893 3629 1016 3704 Oleum,
1037 3627 1197 3689 vasculum
1219 3625 1259 3687 ad

167 3744 279 3804 aquam
303 3723 459 3804 Baptismi
485 3722 681 3787 fundendam
706 3726 762 3785 etc.
789 3722 926 3802 quaein
952 3719 1075 3783 Ritnali
1098 3720 1188 3783 Rom.
1214 3739 1259 3781 re

167 3823 341 3878 censentur.

203 3914 230 3971 2.
254 3909 430 3972 “Omnibus
447 3911 640 3992 praeparatis
660 3909 808 3973 Sacerdos
826 3907 899 3972 lotis
914 3907 1060 3971 manibus
1077 3906 1260 3988 superpelli-

167 4009 267 4065 (eost
289 4003 367 4065 stola
388 4000 523 4065 violacea
544 4002 675 4065 indutus
693 4001 818 4065 accedat
839 4001 878 4064 ad
899 4000 996 4064 limen
1018 3999 1184 4074 Ecclesiae,
1205 3999 1258 4060 uhi

167 4096 245 4158 loris
258 4099 437 4176 exspectant
453 4096 506 4175 qui
523 4096 678 4156 infantem
693 4092 906 4155 detulerunt.''
922 4092 1012 4166 Quod
1028 4092 1155 4172 quidem
1169 4112 1259 4172 saepe

203 4250 251 4300 38.
273 4249 370 4313 Congr.
392 4251 425 4300 de
446 4249 475 4298 P.
498 4248 528 4299 F.
549 4253 576 4298 et
597 4247 686 4297 (21³1.
775 4246 893 4311 ⁵Congr.
914 4245 940 4296 S.
961 4247 991 4295 R.
1012 4245 1045 4294 U.
1065 4245 1123 4309 qu.
1145 4245 1176 4294 19
1194 4244 1258 4294 Jan.

168 4328 239 4376 ltalt.
261 4326 299 4376 ll.
320 4343 344 4375 u.
363 4327 421 4375 229.
741 4325 814 4374 1886.

202 4410 212 4440 ⁴
226 4404 257 4452 12
279 4402 338 4452 Oct.
362 4405 436 4452 1600.
773 4399 829 4450 t¹D.
847 4402 886 4449 10.
903 4399 983 4449 Febr.
1001 4400 1076 4465 1888,
1091 4412 1117 4448 u.
1133 4397 1211 4449 3684.
