2804 4890
594 662 647 722 aa
671 663 842 726 canoas.
1202 655 1263 725 253

172 839 307 924 palaque
322 839 452 907 vulnera
467 841 633 922 pendentis
649 842 682 902 in
700 811 799 906 Crdce
816 844 1002 907 recolantur.
1048 843 1155 906 Etiam
1170 843 1259 906 bene·

173 935 251 997 dicit
269 935 303 996 in
323 934 448 996 Christo
469 935 574 995 omnia
593 935 661 1012 ejus
681 936 819 998 membra
839 957 917 1016 quae
936 958 1036 999 unum
1055 957 1167 1017 corpus
1187 944 1260 999 sunt

173 1029 207 1089 in
230 1027 366 1102 Christo,
389 1034 421 1089 et
442 1028 620 1090 offeruntur
644 1030 675 1089 in
699 1030 756 1090 hoe
778 1030 940 1105 sacrificio,
964 1035 1001 1092 ut
1022 1032 1126 1111 gratia
1148 1032 1261 1111 capitis

172 1120 368 1183 abundanter
382 1141 475 1199 super
489 1121 543 1182 illa
558 1121 778 1184 etlumlatur.³²
813 1124 980 1187 “Christus
994 1130 1041 1187 est
1056 1126 1158 1188 bestia
1171 1146 1260 1206 pura.

171 1214 283 1278 electos
305 1234 377 1278 suos
400 1215 588 1294 purificans3
612 1218 714 1279 hostia
735 1222 853 1289 sancta,
876 1217 1007 1280 dilectos
1030 1239 1101 1281 suos
1125 1218 1260 1279 sanctiti-

171 1327 263 1384 eans;
276 1309 379 1371 hostia
391 1309 432 1368 im
439 1309 602 1381 irruere-lata,
615 1309 754 1371 maculas
768 1315 890 1373 nostras
904 1331 1060 1391 purgans;
1075 1313 1165 1393 panis
1180 1314 1260 1374 zarae

171 1406 323 1474 aeternae,
345 1402 470 1481 angelos
490 1407 521 1465 et
541 1403 682 1464 homines
703 1404 854 1479 reficiens,
874 1409 906 1468 et
926 1406 1019 1469 calice
1040 1407 1088 1467 sui
1110 1406 1258 1485 praeclari

172 1495 335 1576 sanguinis
360 1496 518 1558 inebrians
542 1501 573 1558 et
597 1497 860 1577 pertumlerrs.''³³
904 1499 972 1562 “Ut
996 1506 1070 1562 ante
1095 1500 1261 1561 Consecra-

173 1589 291 1653 tionem
304 1593 434 1670 petitur,
449 1595 486 1651 ut
501 1591 633 1653 materia
648 1591 703 1653 fiat
718 1592 890 1667 benedicta,
904 1593 1064 1673 adscripta
1077 1598 1109 1654 et
1124 1598 1202 1666 rata,
1218 1592 1261 1653 sie

172 1688 204 1748 et
216 1690 393 1746 consecrata
407 1683 530 1759 Hostia,
544 1705 655 1763 nempe
669 1685 814 1747 Christus
827 1686 959 1749 offertur
972 1694 1133 1767 tamquam
1147 1687 1261 1748 Hostia

172 1798 261 1860 para,
289 1777 328 1840 ad
356 1778 568 1840 differentiam
596 1780 819 1841 sacrificiorum
849 1781 1003 1860 gentium,
1031 1801 1109 1861 quae
1138 1782 1261 1860 impura

173 1876 262 1935 erant
281 1876 313 1935 et
331 1875 495 1952 corrupta:
515 1877 623 1935 sancta
642 1873 681 1935 ad
703 1874 916 1936 differentiam
936 1875 1130 1937 oblationum
1151 1875 1262 1935 veteris

173 1965 276 2046 Legis,
299 1986 377 2046 quae
399 1987 462 2027 non
485 1972 575 2029 crant
596 1975 724 2029 eatenus
748 1973 881 2039 sanctae,
905 1975 940 2030 ut
963 1969 1102 2031 animam
1125 1967 1262 2029 sanetifi-

173 2063 289 2135 earent,
308 2061 400 2121 sicuti
420 2061 494 2122 haec
513 2064 629 2134 nostra,
648 2081 726 2140 qliae
744 2062 829 2123 tollit
849 2068 972 2141 peccata
993 2060 1122 2134 mundi;
1142 2067 1173 2122 et
1193 2059 1261 2120 ideo

173 2153 320 2216 subditur
336 2156 579 2227 irumarululam,
596 2156 633 2215 ob
652 2155 680 2215 id
699 2156 794 2229 eninr,
811 2157 891 2236 quod
910 2156 1055 2217 Christus
1072 2156 1135 2217 fuit
1152 2155 1262 2233 Agnus

172 2247 332 2325 innocens,
352 2249 403 2328 qui
424 2255 585 2327 peccatum
604 2270 666 2309 non
688 2250 772 2324 lecit,
794 2250 877 2312 tollit
896 2255 1021 2328 peccata
1038 2249 1161 2321 nmndi,
1180 2247 1263 2327 quod

173 2346 220 2405 est
237 2343 379 2404 homines
398 2343 601 2405 sanctificare.
647 2343 703 2405 Est
722 2363 796 2422 ergo
816 2343 916 2404 hostia
934 2363 1013 2423 pura
1032 2346 1065 2404 et
1082 2342 1262 2423 purificans,

174 2440 281 2500 sancta
298 2441 329 2499 et
346 2436 554 2509 sanctificans,
573 2437 774 2498 immaculata
791 2440 822 2498 ot
840 2437 976 2497 maculas
994 2442 1127 2516 tergens.
1172 2433 1262 2509 Quod

175 2550 245 2593 vero
270 2530 397 2593 demum
423 2530 627 2610 adjungitur:
654 2552 764 2611 panem
794 2530 874 2592 uitae
900 2536 1052 2603 aeternae,
1080 2536 1109 2593 et
1135 2528 1262 2592 calicem

172 2624 284 2687 salatia
296 2629 480 2705 perpetuae:
492 2624 635 2685 definitio
648 2630 678 2687 et
692 2624 858 2702 explicatio
871 2628 918 2685 est
930 2623 1072 2701 ejusdem
1083 2621 1213 2694 hostiae,
1226 2626 1263 2683 ut

174 2719 259 2782 enirn
283 2718 464 2781 Sacerdotes
486 2719 597 2780 veteris
620 2718 712 2798 licgis
734 2718 772 2780 da
796 2719 965 2780 Sacrificiis
986 2718 1129 2792 edebant,
1151 2717 1263 2797 quibus

175 2813 271 2874 vitam
298 2812 500 2891 temporalem
527 2812 756 2886 sustentabant,
781 2812 824 2874 sio
852 2812 1026 2873 Christiani
1051 2831 1106 2874 esu
1129 2816 1163 2874 at
1186 2816 1262 2891 potu

175 2909 361 2968 sacrosancti
379 2906 530 2967 Sacrifieii
548 2906 744 2985 spiritualem
760 2910 852 2985 atque
866 2906 942 2967 adeo
957 2909 1116 2968 aeternam
1129 2905 1262 2967 salutem

175 3000 234 3061 sibi
261 2998 474 3079 comparant.”
487 3001 513 3033 ³⁴

216 3098 244 3154 4.
274 3093 540 3173 (blComnrendat
579 3093 729 3155 Sacerdos
767 3093 926 3155 uictimam
966 3093 1053 3156 Patri
1099 3093 1171 3172 (per
1209 3091 1262 3153 (lr.

174 3188 280 3268 Sapra
298 3189 406 3268 pirae),
424 3188 595 3250 rovorando
614 3187 797 3249 memoriam
817 3189 914 3250 trium
933 3187 1168 3263 sacrificiorum,
1187 3206 1264 3266 quae

175 3281 213 3343 ab
235 3282 355 3361 origine
380 3281 489 3341 mundi
514 3285 639 3360 accepta
663 3282 775 3343 liubase
798 3282 1016 3360 dignatusest
1039 3300 1151 3361 nempe
1175 3279 1263 3345 Abel.

176 3374 318 3437 Abrahae
347 3379 379 3437 et
408 3373 645 3451 Melchisedech,
675 3375 749 3454 “qiu
781 3376 912 3452 liguram
945 3375 1104 3437 Passionis
1133 3374 1264 3439 Christi.

175 3468 272 3530 immo
292 3474 324 3531 et
346 3469 466 3531 Cocnae
488 3468 557 3545 ojus
578 3469 791 3529 sanctissimae
813 3469 937 3547 proprie
961 3466 1225 3547 repraesentant.'’
1238 3469 1263 3500 ³⁵

176 3561 254 3625 Orat
281 3562 440 3635 Sacerdos,
467 3566 503 3623 ut
530 3561 613 3623 lions
638 3563 776 3644 propitio
802 3583 837 3622 er
862 3583 969 3625 sereno
998 3565 1086 3624 recrea
1113 3560 1263 3643 respicere

176 3655 325 3737 dipnetur
352 3656 408 3733 (ct.
433 3658 509 3717 tlon.
531 3659 561 3732 4,
583 3659 619 3732 t)
647 3675 742 3735 supra
764 3656 837 3715 haec
859 3655 941 3717 dona
963 3654 1110 3734 Corporis
1131 3658 1164 3716 et
1186 3654 1263 3715 San·

175 3751 281 3830 guinis
307 3750 444 3826 Clrristi3
469 3751 546 3813 “etsi
574 3751 663 3812 Patri
691 3749 756 3811 lico
781 3769 902 3829 semper
927 3754 1052 3826 accepta
1077 3755 1124 3812 est
1149 3748 1265 3810 oblatio

176 3848 245 3907 tum
262 3865 298 3906 ex
316 3849 404 3925 parto
422 3846 477 3919 rei,
495 3864 573 3924 qnae
590 3843 731 3918 offertur,
751 3847 819 3904 tum
836 3863 872 3904 ex
892 3848 979 3922 parte
998 3842 1128 3917 Christi,
1147 3843 1199 3922 qui
1218 3846 1265 3903 cst

176 3937 296 4001 oblator
312 3939 515 4018 praecipuum
533 3943 637 4000 tamen
656 3958 725 3998 eum
746 3936 843 4016 possit
860 3937 1051 4016 contingere,
1068 3943 1105 3999 ut
1122 3956 1159 3999 ex
1176 3941 1265 4016 parto

176 4033 222 4094 vel
244 4033 420 4095 Sacerdotis
439 4032 483 4093 vel
506 4031 612 4112 populi
634 4052 695 4092 non
715 4032 757 4092 sit
776 4036 911 4110 accepta,
932 4038 1096 4111 propterca
1116 4030 1265 4092 Sacerdos

177 4125 278 4189 Deum
310 4126 504 4205 deprecatur,
534 4131 569 4187 ut
600 4125 738 4205 propitio
768 4129 796 4186 et
828 4146 936 4189 sereno
966 4124 1055 4187 vultu
1085 4124 1189 4186 oblata
1220 4145 1265 4187 re·

176 4220 327 4300 spiciat;''
340 4222 365 4253 ³⁰
385 4225 463 4294 orat,
481 4225 517 4282 ut
537 4219 713 4281 Sacerdotis
731 4217 812 4280 aetio
830 4225 922 4299 atque
941 4219 1064 4282 devotio
1082 4219 1126 4280 sie
1144 4218 1265 4296 placeat

212 4365 238 4398 ³²
256 4360 300 4410 Cf.
322 4361 445 4415 Bossuot,
467 4359 640 4423 Explication
662 4359 695 4409 do
786 4363 811 4395 ³⁴
831 4357 904 4408 Soto.

176 4452 200 4500 q.
219 4436 279 4486 ‹urc
299 4439 331 4486 de
347 4438 373 4485 la
393 4436 486 4485 licaeo.
784 4439 810 4471 ³⁵
830 4436 856 4484 S.
880 4435 981 4486 Bonav.

212 4517 237 4549 ³³
258 4511 614 4576 S.n0nav011r,r·:xp.uiss
635 4526 656 4560 e.
670 4511 694 4558 4.
784 4516 810 4548 ⁸⁰
832 4512 929 4561 llcucul.
954 4513 1030 4565 XlV.
