2804 4890
169 617 231 682 232
367 633 420 688 DE
443 632 570 690 SENSU
595 632 780 690 LITERALI
801 635 851 690 ET
874 634 1060 692 MYSTICO.

171 812 238 869 erat
257 808 540 886 propitiatorium.)
590 808 679 870 Idem
699 810 779 889 petit
798 814 884 870 stans
901 810 1073 870 inclinatus
1092 809 1130 871 ad
1150 809 1258 870 Altan-

171 922 227 981 per
254 903 506 965 intercessionem
537 903 725 965 Sanctorum
753 924 887 984 quorum
915 904 1064 984 reliquiae
1093 906 1126 964 iu
1156 904 1241 966 Altai

171 1000 254 1060 sunt.

607 1277 722 1348 ΛΒΤ.
748 1278 820 1349 ΙΙΙ.

433 1479 483 1531 nn
511 1479 795 1531 monusnrrona
824 1481 993 1534 Anraars.

216 1653 284 1716 133.
309 1653 349 1716 In
378 1654 476 1716 Missa
504 1655 635 1716 solemni
664 1656 728 1717 sola
756 1660 788 1719 et
815 1657 912 1733 omni,
941 1661 1068 1736 excepta
1096 1656 1195 1718 Missa
1223 1655 1262 1718 de

172 1746 300 1826 Requie,
316 1752 388 1808 aute
406 1746 580 1808 Introitum
595 1746 631 1807 fit
648 1747 819 1811 incensatio
835 1749 965 1810 Aliaria.

214 1841 303 1903 Thus
328 1862 383 1904 seu
408 1842 581 1921 thymiama
604 1838 764 1920 (θυμιάωε
779 1844 887 1906 odores
914 1845 1061 1919 incendo)
1085 1843 1171 1906 Deus
1197 1844 1263 1924 ipse

173 1936 207 1997 in
227 1937 274 1996 sui
296 1936 419 1997 cultum
438 1936 579 1998 adhiberi
600 1935 703 2015 jussit.
747 1938 875 2000 “Facies
895 1938 993 2000 altare
1013 1938 1052 2000 ad
1073 1937 1263 1999 adolendum

173 2030 347 2110 thymiama
376 2079 382 2092 .
419 2079 425 2092 .
455 2034 486 2092 et
508 2030 645 2092 adolebit
668 2032 830 2093 incensum
855 2052 948 2111 super
971 2053 1006 2095 eo
1029 2032 1146 2106 Aaron,
1169 2051 1263 2094 suave

173 2124 329 2204 fragrans,
355 2123 491 2187 mane.''1
540 2124 665 2187 Christo
693 2124 829 2186 Domino
857 2125 943 2205 Magi
973 2127 1044 2186 thus
1070 2126 1262 2186 obtulerunt.

174 2218 313 2281 Ecclesia
328 2219 499 2281 Christian
513 2218 683 2298 apostoliea
698 2217 868 2280 traditione
882 2238 938 2298 pro
954 2219 1084 2280 solemni
1100 2217 1159 2280 Dei
1175 2218 1263 2281 cultu

173 2313 277 2374 thuris
292 2313 467 2376 suffimento
483 2333 605 2392 semper
620 2334 675 2374 usa
691 2313 760 2374 est²

216 2410 244 2468 2.
270 2407 435 2486 Significat
461 2408 534 2468 thus
562 2428 735 2482 accensum,
763 2407 947 2469 ascendente
975 2407 1063 2470 iunio
1091 2406 1263 2486 fragrante,

174 2522 222 2564 res
248 2506 366 2563 creatas
392 2502 424 2562 in
451 2501 510 2565 Dei
536 2501 669 2581 gloriam
694 2507 726 2565 et
751 2502 913 2562 servitium
940 2522 1004 2564 esse
1030 2501 1263 2573 consecrandas,

173 2596 339 2658 hominum
356 2597 436 2657 vires
456 2597 615 2675 animique
634 2596 800 2658 sacriltates
819 2596 938 2656 lcrrore
958 2597 1058 2674 ignito
1076 2600 1108 2657 et
1125 2595 1189 2656 zelo
1207 2615 1264 2674 pro

175 2687 241 2751 Deo
263 2708 327 2750 esse
349 2688 584 2750 consumendas.
630 2688 800 2767 Praecipue
824 2688 897 2749 thus
920 2708 1082 2750 accensum
1105 2685 1264 2767 significat

174 2783 358 2858 orationem,
382 2803 459 2862 quae
483 2804 520 2844 ex
544 2784 634 2845 corde
658 2784 773 2846 amoris
797 2784 864 2863 igni
890 2804 1016 2846 accenso
1040 2784 1122 2844 sicut
1145 2783 1264 2845 “bonus

175 2875 271 2939 odor''
291 2877 445 2938 ascendat.
488 2877 676 2956 “Dirigatur
696 2877 830 2939 Domine
850 2878 950 2939 oratio
971 2897 1039 2938 mea
1058 2878 1139 2938 sicut
1160 2877 1264 2937 incen-

172 2991 253 3045 sum,
279 2969 357 3034 etc.''
400 2971 468 3050 (Pa.
498 2972 583 3048 140.)
626 2970 788 3050 “Angelus
813 2972 900 3033 stetit
927 2975 999 3034 aute
1026 2971 1123 3032 altare
1149 2971 1265 3033 habens

174 3062 372 3124 thuribulum
390 3083 538 3139 aureum3
555 3068 587 3126 ct
602 3064 675 3125 data
693 3066 767 3124 sunt
785 3063 832 3124 illi
851 3064 977 3125 incensa
993 3062 1105 3137 multa,
1123 3068 1158 3124 nt
1175 3062 1265 3123 daret

175 3155 214 3219 de
233 3157 426 3219 orationibus
445 3157 655 3219 sanctorum.'’
681 3158 793 3237 (Arion.
816 3161 845 3229 8,
866 3157 911 3233 3.)

218 3251 360 3313 Tandem
375 3251 533 3329 significat
548 3252 685 3312 “bionum
702 3252 826 3313 odorem
843 3249 982 3327 gratiae''
999 3270 1051 3309 seu
1069 3250 1127 3310 Dei
1145 3251 1264 3311 miseri-

174 3345 314 3407 cordiam
356 3345 389 3405 in
431 3366 486 3405 nos
529 3346 775 3406 ‹lesccmlcntem
841 3343 1013 3404 “Ascendit
1055 3344 1191 3423 precatio
1233 3348 1265 3405 et

175 3440 335 3502 descendit
359 3439 416 3500 bei
439 3439 629 3501 miseratio.’'
658 3440 707 3516 (S.
733 3440 830 3516 dag.)

218 3538 245 3595 3.
270 3534 357 3594 Thus
378 3534 415 3593 ab
439 3533 577 3595 llcclesia
598 3533 765 3596 adhibetur
787 3533 938 3611 primario
960 3531 994 3592 in
1016 3531 1074 3594 Dei
1097 3532 1264 3597 honorem:

176 3629 226 3690 sed
250 3630 345 3690 ctiam
369 3628 400 3687 in
423 3627 654 3688 venerationem
676 3647 749 3706 erga
774 3628 903 3688 Sinaros
926 3626 972 3688 rel
996 3648 1043 3688 res
1066 3629 1097 3687 et
1119 3645 1265 3705 personas

176 3742 285 3784 sacras.

218 3817 386 3878 Incensum
405 3836 458 3878 seu
478 3817 550 3876 tlma
568 3816 608 3877 ad
628 3816 876 3878 Sacramentalia
894 3813 1050 3895 pertinet3
1070 3814 1264 3877 benedicitur

175 3913 270 3985 euim,
287 3911 381 3971 etiam
398 3930 501 3971 eoram
520 3909 724 3970 Sanctissimo
740 3911 890 3989 exposito,
906 3914 1034 3989 excepto
1050 3929 1122 3970 casu
1139 3928 1199 3987 quo
1215 3928 1264 3968 ex-

175 4004 291 4066 clusive
310 4004 348 4065 ad
369 4002 593 4064 incensandum
615 4004 853 4065 Sacramentum
873 4004 1066 4083 imponitur3
1086 4007 1161 4065 tunc
1180 4001 1264 4064 enim

175 4099 281 4178 potius
303 4098 394 4158 habet
418 4098 570 4157 rationem
594 4096 724 4174 symboli
749 4118 842 4177 quam
867 4096 1118 4159 Sacramentalis.

218 4193 247 4251 4.
271 4189 309 4249 In
333 4189 431 4251 Missa
452 4187 583 4249 solemni
607 4188 644 4251 fit
666 4188 837 4251 incensatio
860 4189 952 4251 initio
976 4188 1090 4250 Missae
1114 4188 1264 4249 Catechu-

175 4302 350 4357 menorum,
377 4287 449 4343 ante
477 4280 662 4356 Introitum‚
689 4286 722 4344 et
749 4283 841 4344 initio
870 4282 984 4344 Missae
1011 4281 1151 4344 fidelium
1183 4282 1263 4342 lacta

321 4474 332 4508 ¹
352 4468 437 4519 Exod.
458 4469 500 4520 ³0.
783 4473 796 4508 ⁸
814 4466 895 4519 Oard.
913 4466 992 4518 Boua
1008 4472 1036 4518 at
1054 4467 1111 4519 alii.
