2804 4890
170 674 233 742 412
440 686 495 744 DE
520 683 712 744 VESPERIS
736 684 1003 745 SOLEMNIBUS.

617 940 732 1011 ΛΒΤ.
758 941 809 1012 Η.

220 1146 397 1199 REGULAE
422 1146 631 1200 COMMUNES
655 1149 727 1200 PRO
752 1149 936 1201 VESPERIS
961 1149 1211 1202 SOLEMNIBUS.

222 1334 294 1400 259.
343 1336 458 1400 Omnes
483 1337 523 1400 ad
546 1337 657 1401 Altare
681 1337 833 1401 accedunt
856 1343 894 1401 ut
917 1358 974 1420 pro
1000 1338 1097 1402 Missa
1121 1338 1264 1415 solemni,

171 1428 338 1493 Celebrans
363 1436 395 1494 et
422 1429 627 1493 Pluvialistae
654 1433 780 1494 tantum
807 1432 909 1511 capite
935 1436 1088 1512 cooperto.
1138 1431 1262 1513 Reliqui

170 1521 308 1586 biretum
338 1523 366 1584 si
395 1521 563 1586 adhibeant
595 1529 727 1603 utraque
759 1543 856 1585 mann
886 1523 972 1585 inira
1004 1528 1113 1603 pectus
1144 1529 1261 1585 tenent.

171 1616 287 1678 Omnes
309 1615 526 1697 genuflectunt
552 1616 634 1677 intra
656 1616 757 1699 Aperi
779 1616 925 1678 Domine.

211 1711 239 1769 2.
262 1707 300 1771 Se
317 1707 448 1786 signant
467 1709 565 1770 Oruoe
583 1708 623 1770 ad
639 1709 726 1771 Deua
742 1709 777 1771 in
795 1709 992 1789 adjutorium
1010 1715 1042 1775 et
1057 1710 1098 1773 ad
1113 1707 1262 1790 Mopieifi-

167 1805 227 1875 cot,
255 1800 460 1882 [Benedictus
485 1801 518 1862 in
541 1800 714 1879 Laudibus,
737 1820 794 1882 pro
818 1801 932 1882 quibus
953 1801 1080 1866 eaedem
1103 1801 1259 1884 regulae].

209 1897 238 1957 3.
260 1892 426 1956 Inclinant
446 1912 562 1971 omnes,
581 1892 683 1973 capite
702 1893 833 1972 detecto,
854 1895 893 1957 ad
916 1894 1023 1958 Gloria
1039 1893 1142 1968 Patri,
1161 1893 1202 1956 ad
1224 1894 1260 1955 V.

168 1987 220 2049 Sit
247 2008 360 2050 nomen
387 1986 520 2051 Domini
544 1986 756 2050 benedictum²
785 1988 819 2049 in
846 1987 966 2068 psalmo
991 1988 1133 2053 Laudato
1159 1988 1261 2072 pueri,

167 2079 207 2142 ad
236 2080 366 2143 nomina
393 2080 483 2155 deso,
509 2079 630 2143 Mariae
659 2086 691 2142 et
722 2080 830 2143 Sancti
859 2080 952 2159 cujus
982 2081 1020 2144 fit
1048 2080 1184 2143 officium
1212 2080 1259 2142 vel

167 2172 309 2254 specialis
339 2171 602 2248 commemoratio,
631 2173 671 2235 ad
699 2171 896 2252 doxologiam
926 2173 960 2234 in
989 2172 1104 2236 ultima
1131 2172 1260 2253 stropha

166 2267 373 2346 hymnorum3
393 2272 426 2328 at
448 2266 516 2328 fieri
537 2286 601 2327 non
623 2266 715 2328 debet
737 2264 911 2343 inclinatio,
933 2265 1058 2347 quando
1081 2266 1191 2329 Clarus
1210 2270 1260 2328 est

165 2358 357 2439 genuflexus.

206 2455 235 2512 4.
267 2450 490 2513 Genufleotnnt
510 2469 626 2526 omnes,
648 2452 681 2511 in
700 2452 765 2512 suis
786 2450 860 2513 locis
881 2451 920 2512 ad
940 2452 1077 2530 primam
1097 2452 1257 2531 stropham

169 2545 249 2607 Veni
264 2545 394 2607 Creator
407 2552 439 2607 et
452 2547 517 2606 Ace
532 2544 632 2606 Moris
644 2545 744 2616 stello,
765 2545 874 2624 (quam
890 2544 1058 2607 Celebrans
1074 2547 1160 2607 stans
1176 2546 1256 2606 into-

165 2640 252 2714 nat),
279 2637 319 2698 ad
346 2637 507 2716 stropham
537 2637 672 2697 Tantum
702 2656 773 2716 erqo
802 2637 834 2697 in
861 2636 977 2715 hymno
1004 2637 1111 2717 Paape
1138 2637 1256 2718 liupila,

164 2729 334 2792 dummodo
365 2729 607 2790 sanctissimum
633 2729 674 2789 sit
704 2729 737 2788 in
766 2729 868 2790 Alteri
898 2730 962 2790 sive
988 2731 1165 2808 expositum
1192 2731 1256 2792 sive

164 2823 304 2883 clausurn
322 2823 354 2882 in
373 2820 570 2883 tabernaculo
580 2842 588 2895 ;
604 2821 643 2881 ad
660 2821 820 2900 stropham
839 2823 864 2883 0
882 2821 968 2883 Creta
983 2843 1058 2894 ove,·
1072 2821 1199 2884 tandem
1217 2821 1256 2882 ad

164 2914 369 2994 antiphonam
388 2914 513 2976 finalem
533 2914 567 2974 B.
587 2912 630 2973 hi.
650 2914 688 2975 V.
706 2919 793 2975 extro
811 2922 934 2992 tempus
950 2914 1102 2994 paschale,
1120 2916 1255 2994 exceptis

163 3006 272 3070 diebus
288 3005 463 3067 Dominicis
479 3006 623 3085 oprimis
641 3006 787 3084 Vesperis
809 3007 920 3084 (ctiam
938 3011 969 3069 in
988 3007 1249 3086 Quadragesima)

163 3098 319 3179 usquead
345 3099 496 3178 Vesperas
517 3097 667 3159 secundas
690 3098 850 3172 inclusive,
874 3098 1127 3161 llehdomadario
1148 3104 1253 3162 tarnen

162 3192 200 3252 ad
223 3192 404 3252 Orationem
424 3194 579 3269 surgente.

205 3289 232 3345 5.
259 3282 374 3345 Sedent
391 3289 459 3364 post
478 3283 706 3346 intonationem
723 3284 817 3363 primi
837 3282 949 3362 psalmi
974 3285 1029 3363 (ad
1049 3286 1248 3361 asteriscum)

162 3397 258 3458 usque
284 3377 323 3439 ad
350 3376 555 3454 antiphonam
583 3376 685 3456 quinti
714 3375 826 3456 psalmi
855 3378 1037 3455 repetitam,
1065 3378 1140 3440 item
1169 3381 1252 3441 intra

161 3469 366 3550 antiphonam
390 3472 462 3530 ante
485 3469 668 3548 Mophificai
698 3469 748 3546 (in
771 3468 891 3547 dupl.),
914 3476 1034 3549 etpost
1063 3471 1105 3549 (si
1129 3478 1252 3551 tempus

161 3564 324 3638 sufficiat).
366 3562 497 3636 Quando
520 3581 589 3622 vero
612 3561 738 3638 dignior
761 3560 965 3640 antiphonam
991 3563 1123 3638 intonat,
1145 3584 1251 3626 omnes

160 3657 272 3718 debent
292 3675 417 3735 surgere
437 3659 559 3734 praeter
580 3652 867 3714 Hebdomadarium
888 3658 1032 3734 paratum
1054 3660 1085 3718 et
1105 3657 1173 3734 ejus
1194 3657 1250 3717 Aa·

160 3750 317 3812 sistentes²
338 3749 420 3807 “nisi
442 3746 525 3808 adsit
546 3744 747 3821 consuetudo,
768 3751 804 3807 ut
825 3766 887 3807 una
908 3766 981 3826 para
1003 3750 1128 3809 tantum
1150 3768 1251 3809 assur-

159 3841 256 3922 gatom

202 3935 351 3998 Sedentos
373 3933 508 3993 biretum
533 3932 627 4009 capiti
654 3931 839 4009 imponunt;
862 3931 1025 4011 deponunt
1046 3932 1086 3996 ad
1110 3951 1249 3997 reveren·

159 4028 228 4100 tias,
250 4032 280 4089 et
302 4031 468 4105 antequam
490 4027 629 4103 surgant.
1025 4016 1030 4025 '

189 4181 266 4233 ¹Ubi
287 4196 344 4231 mos
364 4185 404 4231 est
431 4180 512 4239 (eiciat
535 4179 617 4231 etiam
639 4179 673 4228 ad
724 4179 894 4243 praeseribit.

153 4256 284 4308 Sanctum
297 4259 323 4306 et
339 4255 462 4305 terribile
478 4256 503 4303 in
519 4255 562 4304 Pe.
581 4255 671 4313 110.);
764 4256 860 4305 2t'aer.
878 4256 928 4320 Ep.
947 4254 970 4306 Ι.
988 4256 1028 4306 18.

155 4329 356 4384 caeremoniale
392 4330 442 4380 hae
477 4331 510 4380 de
545 4344 573 4379 rs
608 4329 675 4378 nihil
762 4330 816 4381 ³1).
836 4331 913 4381 3110.
931 4332 955 4382 2.
