2804 4890
136 677 190 736 ul:
205 676 365 736 OFFICIO
382 677 413 735 S.
430 675 714 734 MINISTRORUM
730 675 780 732 ET
796 674 1130 733 CAEBEMONIARII.
1171 666 1223 730 l5l

330 868 548 912 svsuiacoNUS.
866 866 1143 911 cinnamomum&

175 964 200 1019 3.
221 963 333 1019 Dextra
354 961 441 1018 sumit
464 967 603 1033 patenam
624 980 658 1018 ac
681 967 743 1019 tum

137 1056 252 1095 manum
266 1045 326 1096 tum
338 1044 477 1110 patenam
491 1038 546 1095 veli
559 1037 742 1095 extremitate

138 1115 239 1172 dextra
278 1114 417 1186 cooperit,
457 1123 486 1170 et
525 1115 672 1171 descendit
711 1114 741 1170 in

138 1191 259 1263 planum
273 1197 352 1248 retro
366 1196 434 1264 post
450 1190 520 1261 ΟΜ,
535 1191 585 1248 ubi
599 1190 660 1261 gii}
676 1209 744 1248 eon·

137 1268 212 1324 sistit
244 1267 391 1326 sustinens
423 1276 560 1340 patenam
591 1269 742 1324 elevatam.

138 1345 272 1402 Demittit
289 1353 426 1417 patenam
444 1345 481 1401 ad
498 1353 608 1416 pectus,
625 1344 742 1415 quando
819 1340 960 1397 Ascendit
973 1360 1029 1414 pro
1044 1341 1161 1400 incenso
1176 1343 1228 1400 im-

138 1421 254 1489 incedit,
272 1423 317 1478 vel
335 1421 393 1493 gil,
411 1421 586 1492 incensatur,
605 1421 671 1478 incl.
691 1428 743 1478 aut
783 1418 921 1490 ponendo
936 1424 968 1475 ut
982 1419 1020 1476 ad
1036 1417 1144 1476 incens.
1159 1425 1228 1476 ante

138 1498 304 1570 respondet
783 1496 858 1553 Intr.

821 1648 939 1706 Transit
954 1649 991 1706 ad
1008 1667 1098 1706 cornu
1114 1648 1228 1719 Evang.

783 1725 832 1795 gii.
848 1725 877 1781 in
894 1725 997 1791 medio,
1014 1732 1141 1784 removet
1158 1725 1229 1781 Mis-

784 1802 853 1871 sale,
872 1801 1020 1859 descendit
1039 1801 1069 1858 in
1089 1801 1227 1873 planum

783 1887 885 1951 postea
897 1878 1014 1950 reponit
1025 1879 1153 1936 Missale.
1174 1878 1232 1937 Re-

176 1956 354 2029 Respondet.
784 1961 881 2012 manet
905 1974 923 2012 a
947 1955 1075 2012 sinistris
1099 1952 1154 2013 0¹⁸.

178 2112 215 2165 Se
233 2115 405 2167 convertens
423 2109 461 2166 ad
480 2109 549 2165 Dum
567 2106 744 2178 incensatur,

139 2186 204 2242 incl.
219 2192 287 2242 ante
300 2191 330 2242 et
344 2192 420 2256 post.

815 2565 990 2623 incensatur
1000 2584 1017 2622 a
1029 2563 1229 2623 thuriferario.

139 3350 306 3413 genuflectit.
350 3350 524 3402 Incensatum
548 3352 659 3401 chorum
709 3352 763 3400 tem
777 3350 935 3401 inferiorern
947 3350 1022 3402 chori
1034 3349 1135 3416 pergit,
1148 3364 1229 3415 genu·

139 3428 242 3479 salutat
272 3433 303 3478 ut
333 3435 398 3479 aute
429 3429 641 3479 incensationem
648 3446 655 3492 ;
710 3426 821 3478 flectens
843 3429 879 3479 ad
901 3427 1006 3492 Altero,
1028 3428 1052 3478 si
1074 3432 1139 3479 ante
1162 3427 1230 3477 illud

138 3512 166 3554 et
188 3506 212 3555 ei
234 3506 332 3556 chorus
354 3506 392 3557 sit
414 3512 476 3571 post
500 3506 597 3557 Altare
620 3520 659 3557 re·
710 3509 841 3569 trauseat,
866 3505 980 3556 inclinat
1003 3506 1039 3556 ad
1063 3507 1132 3557 hauc
1155 3506 1230 3555 chori

140 3584 255 3633 vertitur
268 3597 316 3648 per
329 3584 402 3634 latus
417 3582 565 3648 Epistolae.
710 3587 816 3646 partem
831 3586 858 3633 et
874 3583 997 3649 singulos
1013 3582 1129 3648 singulis
1144 3583 1229 3632 ducti·

174 3659 205 3709 Si
233 3661 260 3709 iu
288 3660 370 3710 choro
396 3661 453 3711 siut
481 3660 572 3726 plures
598 3661 659 3711 sub·
710 3659 761 3709 bus
777 3660 908 3724 incensat,
921 3664 949 3711 et
966 3660 1049 3710 iterat
1064 3675 1230 3711 communem

140 3737 276 3788 selliorum
298 3737 415 3802 ordines,
437 3753 486 3789 uec
508 3738 660 3802 Praesules,
714 3736 893 3786 reverentiam
931 3739 960 3784 et
999 3736 1040 3785 ita
1077 3748 1166 3800 porro,
1205 3734 1230 3784 si

140 3815 182 3865 vel
205 3814 335 3866 canonici
360 3817 469 3880 adeunt,
493 3815 556 3880 Dus,
582 3815 661 3867 iacta
711 3814 802 3878 plures
836 3812 1025 3864 subselliorum
1059 3813 1169 3864 ordines
1203 3813 1231 3863 in

140 3893 264 3943 omnibns
277 3893 410 3943 communi
424 3893 585 3957 reverentia,
598 3893 660 3943 sim·
711 3891 791 3941 choro
808 3890 872 3941 sint.

140 3969 205 4034 plici
225 3971 307 4020 ductu
330 3971 452 4022 incensat
472 3971 594 4034 singulos
614 3971 659 4036 qui
746 3967 774 4018 S.
791 3967 819 4018 0.
836 3968 881 4018 R.:
900 3966 963 4016 “In
980 3968 1074 4031 Missa,
1090 3968 1231 4020 ueletiam

141 4045 168 4096 in
184 4047 274 4098 stallis
290 4049 477 4114 superioribus
491 4049 587 4100 lateris
604 4050 662 4115 dig·
715 4045 742 4094 in
762 4045 897 4110 vesperis,
916 4046 1024 4110 quaudo
1042 4045 1232 4098 Hebdomada·

140 4123 225 4174 niorie
237 4129 343 4177 suntet
356 4125 470 4177 iterabit
483 4126 662 4177 reverentiam
714 4123 771 4173 rius
792 4138 846 4174 nou
869 4124 945 4175 redet
968 4124 996 4173 in
1019 4125 1108 4188 choro,
1131 4125 1231 4176 saluta·

144 4213 317 4250 communem.
362 4199 468 4251 Deinde
499 4201 592 4266 pergit
623 4201 658 4250 ad
711 4201 808 4266 tiones,
827 4200 1005 4268 thurificatio,
1022 4205 1075 4255 ete.
1094 4202 1176 4256 debet
1194 4202 1234 4254 in·

140 4277 254 4328 alteram
277 4277 352 4328 chori
376 4284 482 4343 partem
505 4283 533 4331 et
558 4292 659 4342 supen-
711 4279 800 4343 cipere
820 4279 856 4329 ab
875 4294 909 4329 ea
928 4283 1015 4344 parte,
1035 4278 1063 4327 iu
1082 4292 1136 4342 qua
1156 4279 1232 4330 sedet

141 4368 212 4405 orem
254 4355 329 4406 chori
371 4362 477 4420 partem
521 4355 661 4405 thurificat
711 4356 820 4420 dignior
852 4370 885 4406 ex
918 4354 1148 4421 praesentibw'
1198 4353 1232 4405 D.

140 4432 234 4482 eadem
257 4432 372 4483 ratione.
413 4431 518 4484 Deinde
540 4433 577 4484 ad
600 4446 660 4497 par·
711 4433 788 4483 3059.
805 4432 847 4484 25.
