2804 4890
149 699 210 762 594
448 708 535 765 APP.
557 707 599 764 11.
637 706 942 765 ADDITAMENTA.

150 891 214 932 non
242 870 416 935 valentibus
447 871 635 933 Paramenta
663 869 860 952 singulorum
890 870 1029 933 colorum
1058 888 1077 932 a
1108 870 1246 931 Robrica

150 962 457 1043 praescriptorum?''
491 963 523 1024 S.
558 963 655 1042 Cong.
689 962 864 1042 rescripsit:
897 962 1028 1036 “Quoad
1060 970 1246 1042 paramenta

151 1055 1247 1135 fflmmmiMQMumfflmmmmuwmwmm,

151 1149 354 1223 Affirmativc,
380 1148 503 1211 excluso
528 1152 633 1210 tamen
658 1146 758 1210 colore
784 1146 948 1209 violaceo.''

193 1241 243 1302 Ad
266 1241 415 1302 dubium:
438 1241 547 1302 “Num
569 1242 603 1302 in
625 1240 779 1303 Oratoriis
802 1239 960 1303 ruralibus
982 1245 1074 1320 atque
1097 1239 1247 1314 ecclesiis,

151 1353 229 1414 quae
253 1321 385 1414 parvum
409 1334 524 1396 habent
547 1353 685 1411 censum,
710 1333 860 1396 Planetae
885 1333 999 1395 sericae
1023 1327 1097 1393 flavi
1123 1332 1247 1408 coloris,

151 1431 188 1488 ut
206 1430 298 1489 antea
317 1425 458 1489 adhiberi
476 1427 597 1508 possint
606 1424 640 1487 ?''
681 1426 713 1488 S.
735 1426 833 1506 Cong.
853 1425 1086 1488 rescribendum
1106 1426 1246 1488 censuit:

151 1517 357 1600 “Mpmw

192 1611 243 1673 Ad
260 1611 409 1673 dubium:
426 1611 498 1673 “An
515 1629 590 1674 usus
605 1610 717 1674 coloris
731 1610 865 1674 caerulei
883 1612 916 1674 in
933 1611 1029 1674 sacris
1048 1611 1246 1674 Paramentis

151 1704 294 1784 permitti
314 1704 412 1783 possit
433 1723 489 1783 pro
511 1703 610 1766 colore
632 1703 711 1780 albo,
732 1706 780 1766 uti
803 1704 871 1765 fieri
891 1704 1004 1767 assolet
1025 1705 1058 1765 in
1081 1704 1188 1766 Missis
1208 1703 1245 1765 B.

152 1796 196 1856 M.
223 1795 280 1871 V.;
305 1795 352 1858 vel
378 1797 483 1875 potins
505 1816 561 1876 pro
585 1796 720 1858 violaceo
729 1795 763 1858 ?''
789 1797 820 1859 S.
846 1797 910 1859 Rit.
938 1797 1035 1878 Cong.
1059 1796 1246 1876 respondere

151 1890 221 1949 rata
246 1884 309 1951 est:
335 1887 510 1968 “Negative
536 1888 569 1949 in
597 1887 742 1949 omnibus
750 1908 759 1965 3
783 1893 816 1951 et
842 1908 935 1952 usum
962 1889 1096 1952 caerulei
1122 1888 1246 1965 coloris,

151 1980 249 2044 veluti
274 1980 405 2041 abusum
427 1979 690 2042 eliminandum.’'

193 2072 313 2136 Auctor
331 2072 522 2134 clarissimus
542 2073 612 2134 Van
632 2073 688 2135 der
709 2073 859 2154 Stappen,
879 2073 1051 2136 sacerdotes
1072 2078 1190 2150 monet,
1210 2080 1247 2137 ut

151 2167 236 2227 cauti
260 2167 324 2229 sint
347 2166 380 2226 in
403 2164 542 2229 emendis
566 2165 770 2240 vestimentis,
793 2186 925 2245 quorum
948 2168 1031 2228 color
1053 2167 1095 2229 sit
1119 2168 1245 2230 vetitus.

152 2256 1246 2340 Emmwmfflfflmwmumfflmmmmnjm

152 2350 1247 2432 mmmmmfflmfflmffmhwfflmwmfflmmmamw

151 2448 239 2506 textu
267 2442 470 2517 oeconomiae,
499 2447 529 2505 et
557 2442 638 2522 quod
669 2443 863 2522 frequentior
891 2464 965 2505 usus
992 2444 1079 2505 ocius
1108 2444 1247 2506 maculat

152 2541 250 2598 restes
267 2557 367 2598 sacras
384 2536 494 2596 coloris
511 2535 583 2609 albi,
600 2535 809 2596 venumdatur
825 2557 880 2616 pro
898 2537 1095 2599 Paranientis
1112 2558 1247 2617 paunus.

152 2629 252 2710 quoad
277 2629 411 2692 colorem
436 2628 552 2708 partini
576 2627 674 2701 albus,
700 2628 816 2707 partim
842 2628 949 2703 florina,
975 2636 1023 2692 ast
1048 2651 1104 2710 pro
1130 2631 1245 2707 majori

152 2722 275 2802 saepius
298 2724 386 2801 parte
408 2721 516 2795 ssavus,
539 2720 589 2781 hic
612 2720 696 2781 onim
718 2719 993 2806 praedoruinatur3
1014 2743 1133 2784 necnon
1159 2742 1246 2802 prac-

152 2815 333 2876 dorninatur
359 2815 390 2874 in
418 2812 600 2893 hujusmodi
624 2831 729 2892 panno
756 2813 938 2892 plerumque
962 2815 1153 2892 gossypiunr,
1180 2815 1247 2875 loco

151 2906 249 2968 serici.
292 2905 555 2967 Anirnadvertant
573 2903 777 2967 sacerdotes.''

193 3000 329 3061 “Flavus
351 2997 435 3060 color
457 2998 583 3059 tolerari
605 3003 707 3077 potest
728 3018 804 3061 auro
829 2999 1000 3067 inunixtna,
1026 3001 1068 3061 itu
1093 3006 1128 3061 ut
1151 3000 1246 3061 tclarn

151 3112 276 3152 auream
306 3091 457 3158 efformet,
488 3090 539 3151 sed
570 3089 779 3153 venumdatur
809 3092 931 3170 saepius
960 3092 1142 3166 inrjnsrnodi
1172 3094 1246 3157 toln.

152 3185 185 3245 in
214 3203 273 3263 qua
301 3183 370 3243 auri
400 3183 479 3243 nihil
511 3183 601 3256 inest,
630 3185 661 3244 et
690 3180 791 3243 solum
820 3189 958 3245 remanet
988 3184 1132 3252 sericum,
1162 3188 1244 3264 qnod

152 3278 285 3338 colorem
307 3295 436 3338 aureum
459 3295 532 3354 prae
556 3294 587 3335 se
611 3275 683 3341 sert,
707 3278 762 3336 aut
786 3272 910 3353 quidem
936 3295 992 3355 pro
1018 3277 1131 3353 majori
1156 3284 1247 3357 parte

151 3370 348 3448 gossypinrn:
371 3387 448 3447 qnae
470 3367 530 3429 tela
554 3367 652 3442 igitur
675 3365 746 3426 flavi
770 3366 881 3427 coloris
903 3370 1019 3429 conseri
1043 3368 1142 3431 debet,
1187 3369 1247 3430 Ca-

151 3483 275 3524 reamus
296 3481 312 3521 a
336 3460 475 3522 Pianetis
497 3459 575 3521 falso
595 3458 688 3519 dictis
708 3456 855 3520 anreia''³

195 3555 241 3614 lo.
267 3553 413 3627 Quaestio
426 3572 499 3614 sane
512 3552 562 3613 hic
578 3572 608 3613 sc
624 3552 749 3629 ingerit,
765 3551 918 3630 quomodo
933 3559 1114 3632 paramenta
1130 3553 1246 3616 divorsi

149 3647 259 3708 coloris
292 3644 533 3718 distribuantur,
565 3663 605 3704 sc.
638 3641 749 3722 quibus
781 3643 899 3719 diebus,
932 3645 964 3705 in
997 3646 1109 3724 quibus
1143 3647 1246 3713 fastis.

151 3743 194 3801 cci
220 3760 278 3817 qna
301 3739 458 3798 occasione
480 3756 562 3797 nnnc
584 3734 708 3814 quidem
731 3735 792 3810 liic,
813 3758 897 3799 nnuc
919 3738 998 3800 alter
1019 3737 1102 3800 color
1128 3739 1247 3816 (albus,

151 3832 262 3892 rniwns
286 3831 360 3901 etc.)
391 3830 431 3890 sit
456 3827 659 3890 adhibendus,
707 3828 819 3889 Fusior
842 3830 1009 3908 explicatio
1032 3832 1128 3906 iurjns
1153 3854 1246 3911 ‹pinc-

150 3925 261 3984 stionis
278 3928 365 3984 cntra
385 3942 511 4001 scopum
529 3926 673 3982 nostrum
691 3924 739 3983 est
756 3923 904 4000 quonium
923 3925 955 3983 iu
975 3924 1058 3987 hisco
1079 3926 1164 3986 notis
1182 3948 1245 3988 non

149 4013 1244 4096 pmmoemmffimmfflfflMmhoemmmmmnwammmm

149 4110 222 4172 dare
249 4109 477 4170 minutissimas
504 4106 626 4182 regulas
654 4107 684 4167 in
714 4126 799 4167 sacro
825 4109 1000 4170 ministerio
1026 4110 1245 4175 observandas.

148 4202 221 4265 Jam
241 4203 332 4262 initio
348 4202 444 4275 hujus
464 4198 647 4277 Fonipondii
675 4199 756 4266 (sub.
776 4221 806 4262 n.
829 4202 883 4272 15)
907 4199 984 4262 talos
1003 4201 1128 4279 regulae
1145 4226 1244 4267 anno·

148 4301 232 4360 tatae
250 4296 384 4355 brovitcr
404 4294 542 4354 fuorunt.
584 4292 717 4352 Viicrior
733 4292 900 4367 explicatio
918 4295 1033 4373 poterit
1054 4296 1190 4358 inveniri
1212 4301 1242 4360 in

150 4389 293 4452 Rnliricis
313 4385 515 4449 (tonaraiibns
535 4383 672 4445 Missuiis
689 4407 713 4446 c.
734 4385 863 4447 xuni.

749 4519 828 4569 ³nr.
845 4520 874 4586 o.
894 4520 941 4570 raa
958 4522 1040 4574 noa.
