2804 4890
456 717 543 774 APP.
567 717 609 773 II.
655 717 709 772 DE
732 716 869 772 PALLA.
1150 702 1209 767 581

119 881 167 941 uti
192 878 285 942 liceat
313 878 404 944 Palla
430 898 449 943 a
476 881 630 962 superiori
658 886 748 961 parte
776 879 883 955 serica,
910 884 966 941 aut
993 898 1031 941 ex
1058 897 1135 940 auro
1163 872 1210 938 vel

118 976 258 1053 argento,
278 977 310 1035 et
330 991 387 1034 acu
409 972 533 1053 depicta
553 980 697 1054 cooperta
705 971 739 1033 ?’'
782 972 814 1034 S.
837 974 935 1052 Cong.
957 969 1123 1032 rescribere
1144 970 1212 1030 rata

116 1072 180 1127 est:
200 1064 370 1128 “Permitti
391 1084 489 1146 posse,
509 1064 679 1128 dummodo
700 1064 789 1126 Palla
811 1065 893 1126 linea
914 1063 1051 1126 subnexa
1073 1061 1211 1124 Calicem

118 1157 276 1239 cooperiat
293 1178 329 1220 ac
347 1176 470 1240 pannus
486 1157 628 1238 superior
646 1178 709 1220 uon
728 1160 770 1218 sit
787 1158 871 1236 nigri
891 1157 1002 1218 coloris
1022 1176 1078 1217 nec
1096 1154 1212 1216 referat

118 1251 223 1330 aliqua
243 1251 355 1314 mortis
376 1249 497 1332 signa.’'
542 1251 661 1312 Toxlus
683 1270 797 1333 parvus
819 1248 1033 1313 denticulatus
1056 1249 1089 1309 in
1113 1252 1212 1312 extre·

119 1343 283 1405 mitatibus
317 1363 380 1405 non
415 1346 548 1420 vetatur,
582 1343 635 1406 sed
668 1344 773 1404 minus
806 1343 959 1405 convenit.
1013 1342 1047 1403 Si
1083 1343 1212 1403 ornatus

120 1437 152 1497 in
174 1437 328 1517 superiori
349 1443 438 1518 parte
460 1436 567 1498 Pallae
588 1436 771 1512 habeantur,
793 1435 948 1511 convenit,
971 1439 1007 1496 ut
1028 1432 1212 1496 emblemata

119 1529 279 1591 Passionis
300 1527 429 1590 Domini
456 1534 559 1608 (crux,
580 1528 692 1609 Agnus
714 1528 772 1591 Dei
794 1532 870 1607 eto.)
895 1526 1062 1606 eligantur.
1104 1525 1212 1586 Minus

118 1622 185 1702 apti
205 1621 353 1684 videntur
369 1641 433 1684 esse
452 1620 552 1682 flores.
594 1621 636 1683 Et
655 1642 718 1683 non
739 1622 811 1683 lieet
829 1622 951 1701 affigere
970 1624 1118 1683 ornatum
1136 1617 1211 1680 duo-

119 1734 190 1775 rum
213 1713 355 1777 cordium
383 1714 477 1793 (Jesu
501 1719 533 1776 et
556 1713 691 1792 Mariae)
722 1713 768 1776 rel
794 1715 888 1774 unius
913 1712 1025 1776 Cordis
1053 1709 1211 1792 (sanna

118 1805 306 1887 demptoris)
332 1805 446 1886 absque
467 1806 570 1886 figura
591 1806 688 1868 totius
710 1807 856 1886 corporis.

161 1900 190 1960 3.
214 1897 304 1960 Palla
334 1901 471 1962 exerevit
501 1920 518 1960 e
551 1897 723 1978 Corporali.
778 1899 946 1979 Corporale
979 1900 1084 1979 ipsum
1114 1898 1210 1973 euim,

119 1991 201 2071 quod
222 1992 370 2071 primitus
389 1991 513 2070 longius
533 1996 564 2055 et
582 1993 678 2053 latins
698 1994 776 2067 erat,
797 1997 889 2053 antea
914 1993 1027 2071 (usque
1049 1990 1089 2053 ad
1109 2009 1211 2053 saecu·

119 2085 185 2145 lum
216 2084 281 2145 fere
312 2083 389 2162 XI.)
426 2083 566 2145 adhiberi
598 2083 714 2145 solebat
745 2084 784 2145 ad
815 2083 1044 2163 contegendum
1072 2082 1210 2158 calicem,

119 2179 213 2256 prout
232 2195 304 2256 pars
324 2176 477 2255 posterior
498 2194 593 2255 supra
613 2174 741 2237 calicem
763 2176 954 2239 trahebatur.
999 2176 1111 2238 Postea
1131 2195 1212 2249 vero,

118 2268 194 2350 quia
207 2269 259 2330 hic
275 2265 396 2344 modus,
413 2267 598 2347 praesertim
615 2269 648 2328 in
666 2267 772 2329 Missis
789 2267 930 2347 privatis,
946 2269 1052 2329 minus
1069 2266 1213 2329 eonveni-

119 2381 173 2423 ens
203 2359 376 2434 videbatur,
406 2359 492 2422 aliud
522 2365 552 2422 et
581 2365 761 2439 separatum
791 2359 958 2440 Corporale
986 2359 1140 2440 plicatum
1166 2379 1212 2422 as·

118 2454 201 2515 sumi
230 2452 357 2527 solebat,
386 2452 466 2532 quod
496 2453 540 2514 sie
569 2451 737 2532 paullatim
765 2452 805 2514 ad
834 2451 968 2528 Pallam,
997 2472 1090 2532 quam
1120 2451 1212 2514 hodie

118 2545 277 2621 habemus,
298 2545 457 2607 evolutum
478 2544 549 2607 est.⁸

160 2642 189 2699 4.
213 2637 333 2699 Intima
360 2637 521 2712 connexio,
549 2656 627 2717 quae
657 2640 739 2702 inter
768 2637 891 2700 Pallam
919 2643 951 2702 et
978 2637 1146 2720 Corporale
1173 2638 1212 2699 ab

119 2732 212 2794 initio
239 2730 400 2806 existebat,
428 2734 529 2810 potest
556 2727 658 2792 adhuc
686 2728 779 2793 hodie
804 2729 902 2792 videri
930 2751 967 2793 ex
995 2730 1052 2792 hac
1080 2728 1211 2792 circum-

119 2822 246 2900 stantia,
269 2822 351 2904 quod
375 2821 464 2884 Palla
486 2826 519 2885 et
541 2820 710 2902 Corporale
732 2821 841 2885 eadem
864 2821 1002 2885 formula
1025 2821 1212 2886 benedicun-

120 2921 181 2978 tur.
234 2915 342 2995 Aliqui
378 2919 519 2976 auctores
553 2912 715 2989 docebant,
750 2934 910 2996 nunquam
944 2917 1123 2995 separatim,
1159 2914 1212 2978 aed

119 3008 214 3070 simul
240 3027 360 3087 semper
385 3027 457 3070 cum
484 3005 647 3086 Corporali
674 3005 796 3068 Pallam
822 3006 961 3069 benedici
988 3029 1076 3089 posse
1102 3011 1133 3071 et
1160 3007 1211 3070 de-

119 3101 199 3163 bere.
243 3098 393 3162 Attamen
416 3098 576 3179 rescripsit
600 3098 631 3160 S.
656 3099 719 3161 Rit.
745 3099 853 3179 Cong,
877 3099 1001 3164 Pallam
1023 3120 1133 3164 novam
1157 3103 1212 3162 aut

120 3193 226 3254 Pallas
245 3212 339 3255 noras
360 3191 474 3271 absque
497 3190 659 3271 Corporali
679 3211 767 3272 posse
789 3190 938 3255 benedici.
983 3193 1102 3256 Verum
1125 3191 1212 3255 nulla

120 3287 196 3347 tunc
223 3286 357 3348 mutatio
383 3283 527 3346 facienda
554 3288 601 3346 est
628 3284 659 3344 in
688 3283 788 3345 verbis
814 3283 979 3361 formulae,
1006 3286 1081 3349 haec
1108 3287 1212 3366 potius

120 3377 249 3439 retineri
266 3375 366 3444 debet.
383 3376 475 3437 sicuti
493 3376 586 3455 jacet,
602 3375 698 3439 etiam
713 3394 835 3456 semper
851 3378 882 3438 in
901 3397 1031 3439 numero
1049 3376 1212 3455 singulari,

119 3470 177 3533 etsi
199 3469 305 3549 plures
326 3467 432 3530 Pallae
453 3467 500 3531 vel
520 3467 613 3548 plura
634 3466 815 3546 Corporalia
834 3466 941 3531 eodem
963 3474 1102 3550 tempore
1122 3470 1212 3533 bene-

120 3562 276 3625 dicantur.

153 3745 241 3795 “Man
261 3745 311 3795 hat
330 3742 459 3808 gemeint,
478 3743 528 3793 das
547 3740 640 3793 zweite
690 3742 740 3793 den
765 3741 875 3806 Qucllen
900 3744 978 3796 keine
1001 3744 1209 3810 Bestaetigung.

118 3819 271 3885 Korporale
288 3818 326 3869 sei
345 3834 397 3868 nnr
413 3818 457 3870 ein
476 3817 576 3868 Stueclr
593 3817 641 3868 des
690 3817 749 3866 Wir
767 3818 874 3870 werden
894 3834 945 3869 uns
964 3820 1059 3871 darum
1079 3821 1211 3888 riehtiger

120 3894 638 3960 zwoeltleldrigenKorporaleanaem·
690 3892 734 3944 die
759 3891 845 3944 Sache
869 3908 898 3945 so
923 3896 1035 3958 deuken,
1060 3898 1124 3949 dass
1147 3914 1210 3950 man

118 3973 170 4023 lieh
192 3970 236 4022 die
258 3975 410 4022 aerisserste
432 3971 479 4020 der
500 3968 558 4019 vler
580 3968 639 4018 Fel-
689 3968 737 4018 ‹ler
779 3983 935 4032 groesseren
979 3971 1211 4038 Bequemliehlrcit

117 4046 267 4109 derrciheu,
286 4046 330 4098 die
350 4061 412 4097 man
431 4044 639 4110 abgesehnltten
690 4045 784 4097 halber
812 4062 844 4097 ru
871 4047 930 4099 dem
958 4053 1048 4102 ersten
1075 4050 1118 4102 ein
1146 4053 1210 4103 voll-

116 4123 195 4186 hahe,
218 4138 262 4173 um
287 4122 327 4174 sie
349 4122 492 4185 bequcmer
515 4134 562 4170 zur
585 4119 639 4170 Ab·
689 4121 845 4185 ataendiges
863 4124 971 4176 aweites
987 4125 1141 4193 Korporale
1156 4127 1209 4179 eiu·

117 4199 241 4261 ‹leelrnnoe
267 4199 315 4250 aee
340 4198 456 4249 Kelehea
481 4197 639 4247 verwenden
690 4195 807 4259 trichrte,
832 4197 946 4251 welches
968 4200 1067 4261 jedoch
1091 4202 1211 4264 gefaltct

117 4290 149 4324 zu
177 4275 309 4325 koenuen.
361 4274 433 4325 mar
461 4273 522 4326 eine
550 4273 639 4322 colcha
689 4272 770 4322 hlieb.
806 4273 923 4335 (Brenn,
945 4275 1056 4328 Ilandb.
1078 4278 1104 4329 d.
1127 4277 1210 4331 Para·

118 4349 290 4416 Auffasaung
310 4349 395 4401 findet
415 4349 471 4400 sich
491 4349 590 4413 jedoch
612 4349 639 4399 in
690 4347 801 4411 mentilr,
816 4364 843 4415 p.
860 4349 935 4413 241.)
