2804 4890
179 656 244 722 428
295 668 348 725 ΒΕ
371 668 544 725 omens
569 668 855 738 TENEBRARUM,
881 670 931 725 ET
953 671 1256 730 DEFUNGTORUM

176 854 284 900 ornnes
304 833 423 899 sedent.
467 834 543 900 Post
563 835 692 899 tertiam
711 834 918 915 antiphonam
939 837 1091 918 cujusque
1113 836 1145 898 N
1146 839 1271 899 octurnr

177 927 240 991 dno
267 926 418 991 Cantores
443 926 633 993 versiculum
659 927 693 989 in
718 926 822 990 medio
847 928 940 991 choro
968 931 1099 993 cantant
1106 949 1116 1007 3
1142 934 1174 993 ct
1201 934 1271 1011 post

177 1021 410 1104 responsorium
429 1038 536 1087 omnes
555 1023 701 1101 surgunt,
720 1023 836 1086 secreto
856 1020 968 1085 dicunt
987 1022 1085 1086 Pater
1103 1026 1218 1096 ncatcr,
1239 1027 1272 1085 et

176 1113 294 1178 sedent.
338 1113 451 1179 Lector
471 1114 642 1177 comitante
663 1112 915 1178 Caeremoniario
937 1118 969 1179 et
990 1114 1077 1179 facta
1098 1114 1272 1178 reverentia

175 1206 280 1271 Altari
290 1210 322 1271 et
335 1207 429 1271 choro
441 1207 482 1271 ad
496 1205 588 1289 legile
601 1210 708 1270 cantat
720 1206 903 1284 lectioncm3
917 1212 1026 1290 postea
1036 1207 1269 1289 responsorium

176 1303 323 1363 cantatur
336 1318 356 1362 a
367 1298 479 1376 ch0r0;
493 1299 605 1362 Lector
618 1319 689 1362 vero
704 1299 825 1362 iteratis
838 1300 1020 1363 reverentiis
1034 1301 1212 1364 revertitur.
1228 1301 1272 1362 Et

175 1393 222 1456 ita
244 1410 348 1475 porro.
395 1391 473 1457 Pcct
497 1410 614 1455 nonam
640 1391 806 1455 lectionem
832 1392 957 1457 tollitur
984 1392 1076 1474 legile
1100 1392 1141 1457 de
1165 1392 1272 1458 medic

176 1484 279 1549 choro.

215 1576 418 1659 Antiphonae
443 1575 484 1641 ad
508 1575 631 1640 laudea
656 1580 827 1641 cantantur
849 1598 869 1640 a
892 1578 986 1641 choro
1011 1577 1210 1655 Cantornm‚⁸
1237 1582 1269 1641 et

176 1668 290 1751 psalmi
315 1668 504 1734 inchoantur
528 1690 548 1732 a
571 1669 692 1732 duobus
719 1668 917 1732 cantoribus.
962 1671 1014 1734 Ad
1040 1671 1270 1734 intonationem

176 1767 259 1826 cant.
276 1761 466 1826 Benedictus
485 1780 592 1825 omnes
610 1767 746 1843 surgunt
763 1768 795 1825 et
814 1783 846 1825 ae
864 1763 1002 1843 signant.
1041 1762 1106 1826 Sub
1125 1762 1270 1843 precibus

175 1854 402 1937 genuflectunt,
423 1853 508 1919 solua
530 1850 697 1917 Celebrana
718 1855 758 1917 ad
779 1854 937 1919 Dominus
957 1856 1117 1919 nobiccum
1139 1863 1171 1921 et
1193 1856 1269 1917 Ora·

175 1949 294 2011 tionem
320 1947 433 2029 surgit.
481 1945 612 2023 Deinde,
640 1948 690 2009 ain
719 1949 816 2010 Missa
842 1948 890 2012 vel
917 1946 1083 2011 Absolutio
1110 1951 1269 2028 aequatur,

176 2039 359 2121 subjungit:
379 2039 531 2122 chcicm
552 2043 712 2103 aeternam
730 2042 802 2118 ete,
824 2044 856 2103 et
877 2040 940 2103 dno
964 2038 1116 2105 cantores
1136 2040 1270 2122 Requie-

174 2138 265 2198 accnt
281 2132 317 2197 in
332 2152 417 2216 cccc.

218 2226 254 2290 Si
271 2227 369 2290 Missa
384 2231 541 2308 aequatur,
557 2224 655 2288 “dum
672 2227 706 2287 in
722 2225 830 2288 Officio
846 2226 997 2288 dicuntur
1010 2224 1145 2303 laudea,
1162 2227 1269 2289 Sacer·

175 2320 231 2385 dos
249 2340 322 2383 cum
340 2319 499 2381 Ministria
517 2323 648 2400 paratur
666 2318 705 2381 ad
726 2316 887 2393 Misaam‚''
906 2317 998 2381 modo
1017 2318 1098 2381 aliua
1119 2318 1269 2381 Sacerdos

175 2413 268 2489 adsit,
289 2413 344 2494 qui
364 2413 398 2475 in
419 2412 481 2475 fine
501 2410 648 2474 Iaudum
670 2410 852 2475 Orationem
872 2410 966 2474 dieat.

210 2570 266 2620 ¹V,
281 2570 344 2620 adn.
360 2582 450 2634 praec.
