2804 4890
298 679 351 734 DE
374 680 527 736 ORDINE
550 682 604 735 nl)
627 681 867 738 vlsrrnsnns
892 685 1130 746 PAROCHIAS.
1203 677 1263 738 443

644 842 785 901 Ommm.

215 962 311 1035 Dens,
333 961 504 1025 humilium
527 963 680 1035 visitator,
704 964 757 1045 qni
780 985 829 1026 eas
851 969 983 1048 paterna
1003 965 1169 1029 dilectione
1194 987 1263 1029 eon·

173 1055 298 1118 solaris:
312 1056 482 1136 praetende
499 1055 641 1119 societati
660 1061 782 1119 nostrae
799 1057 935 1137 gratiam
956 1063 1062 1131 roan·
1078 1064 1114 1121 at
1130 1080 1265 1143 pereas,

177 1149 207 1210 in
230 1150 340 1230 quibas
361 1150 492 1222 liabitas,
515 1154 604 1212 tuam
625 1150 660 1212 in
680 1149 769 1213 nob-is
789 1149 963 1213 sentiamus
980 1153 1160 1214 adventum.
1203 1152 1266 1214 Per

176 1242 337 1303 t'bristnrn
358 1242 531 1304 Dorrrinnrn
552 1246 705 1305 nostruin.
748 1243 784 1304 ll.
806 1245 919 1306 Arnen.

216 1338 244 1396 5.
268 1335 427 1396 Paroclrus
448 1334 561 1397 stolam
582 1354 675 1415 super
697 1335 888 1398 credentiam
910 1337 1049 1418 deponit.
1094 1337 1265 1399 “Pontifex

174 1449 303 1508 surgens
317 1428 456 1490 aseendit
471 1429 511 1491 ad
525 1429 645 1504 Altare,
662 1429 879 1510 osculatusque
896 1429 976 1491 illud
992 1432 1026 1492 in
1041 1430 1144 1492 medio
1160 1437 1191 1496 et
1208 1431 1264 1491 ibi-

174 1521 245 1583 dem
259 1522 375 1602 populo
392 1521 572 1584 solemniter·
589 1520 778 1583 benedicit'³
794 1522 917 1584 diceus:
934 1523 986 1586 aa
1003 1544 1117 1587 nomen
1133 1523 1264 1585 Domini

174 1615 369 1675 benedictum
386 1624 443 1676 cte.

215 1714 242 1768 b.
266 1708 356 1782 “Qua
370 1707 474 1781 duta,'’
493 1711 538 1771 vel
554 1714 623 1788 post
640 1728 814 1772 sennonem
832 1708 917 1771 inira
934 1709 1075 1786 Missam,
1092 1710 1119 1772 si
1137 1709 1262 1790 Episco-

171 1820 230 1880 pus
247 1800 389 1876 celebret,
407 1801 505 1863 “lacit
523 1803 719 1881 promulgari
738 1801 961 1881 indulgentias,
979 1822 1055 1884 quas
1072 1804 1137 1884 ipse
1160 1801 1262 1882 [prae-

172 1893 325 1972 sentibus]
348 1892 520 1956 coneedit.''
559 1893 699 1954 t'lcrimrs
718 1895 815 1972 igitur
831 1904 903 1958 ante
922 1895 1113 1975 Episcopum
1131 1896 1262 1955 inclinu-

171 1998 222 2046 tus
243 1986 352 2048 recitat
374 1987 540 2065 Confiteor.
580 1987 748 2062 Pauoelrus,
769 1989 853 2048 taeta
874 1988 1028 2068 Episcopo
1048 1987 1262 2063 inclinatione,

172 2079 310 2157 publicat
331 2079 550 2158 lmlulgeutias
574 2083 631 2157 (ab
652 2079 791 2157 dierum)
817 2080 953 2140 formula
973 2081 1263 2143 itenereredissirnns

173 2171 204 2231 in
227 2171 350 2231 t'brislo
372 2173 467 2231 l’ater
485 2177 542 2232 etc.
569 2176 622 2250 (ut
642 2191 736 2250 snpra
755 2174 788 2233 in
808 2173 904 2233 Missa
927 2172 1045 2234 Pontii.
1067 2193 1098 2234 u.
1121 2177 1190 2248 104,
1210 2176 1261 2252 3).

171 2263 344 2341 Episcopus
358 2262 494 2342 assurgit
512 2271 543 2324 et
560 2263 655 2322 dicit:
674 2263 823 2324 Precibus
840 2268 869 2324 et
888 2264 1009 2326 rneritis
1025 2268 1082 2326 etc.

217 2353 385 2434 Phaside,
406 2355 452 2415 rel
474 2358 505 2416 iu
527 2355 629 2416 rncdio
650 2354 773 2430 Missae,
794 2375 899 2416 versus
919 2356 958 2417 ad
978 2356 1132 2437 populum
1153 2357 1262 2419 sedens

170 2448 318 2527 proponit
337 2447 452 2527 populo
471 2467 578 2507 causas
597 2446 749 2508 adrentus
768 2446 848 2508 sui.’'

212 2539 340 2601 '‘l'rinro
364 2540 403 2601 ad
428 2539 629 2601 absolvendas
652 2540 773 2601 animas
794 2540 1025 2602 defunctorum.

211 2633 386 2704 “Secundo,
402 2639 439 2694 ut
454 2633 542 2707 sciat,
558 2638 589 2693 ct
607 2631 709 2694 rideat
723 2632 858 2711 qualiter
874 2632 1012 2695 Ecclesia
1030 2635 1097 2714 ipsa
1113 2634 1260 2715 spiritua-

169 2726 295 2789 litaret
317 2724 532 2805 tcmporalitcr
553 2725 754 2804 gubernetur.

210 2817 349 2896 “Quinto
366 2817 406 2880 ad
424 2816 633 2879 exhibendum
652 2819 890 2880 Sacramentum
911 2818 1229 2901 Confirmationisssffil

209 3004 279 3067 280.
304 3005 477 3086 Episcopus
503 3003 602 3084 igitur
627 3004 749 3083 “primo
774 3006 813 3066 ad
839 3004 1039 3068 absolvendas
1064 3007 1185 3068 animas
1208 3005 1259 3067 de·

171 3096 385 3160 functorum”¹
419 3097 550 3158 assumit
583 3102 765 3176 paramenta
796 3097 887 3175 nigra
919 3097 1117 3176 episcopalia,
1149 3118 1260 3178 nempe

168 3193 328 3266 nunctum,
345 3192 457 3252 stolam
475 3191 611 3269 nigram,
630 3188 765 3270 pluviale
785 3189 922 3269 nigrum,
941 3197 971 3252 ct
992 3192 1120 3253 mitram
1139 3190 1258 3272 simpli·

167 3305 232 3345 eom
242 3284 341 3358 ;—vcl
358 3283 552 3345 solummodo
569 3282 681 3344 stolam
699 3281 820 3359 nigram
839 3302 932 3362 super
948 3288 1123 3346 rnozcttam.
1164 3283 1259 3345 Stans

167 3382 239 3438 aute
254 3377 362 3437 Altam
380 3396 484 3437 versus
501 3374 651 3455 populum
669 3375 779 3436 recitat
796 3375 862 3436 sine
878 3383 971 3436 cantu
987 3377 1170 3438 alternatim
1186 3396 1257 3438 curn

166 3469 399 3531 assistentibus:

208 3563 292 3624 Ans.
335 3560 373 3622 Ni
396 3560 588 3642 iniquitates.

210 3656 335 3716 l'snrm.
374 3654 420 3715 Ite
436 3651 604 3734 prosarrdis
620 3659 696 3721 etc.;
714 3655 745 3714 in
763 3651 840 3713 fine:
856 3652 1005 3734 Requiern
1023 3656 1080 3715 cte.

208 3749 291 3810 Ans.
339 3747 376 3808 o'i
400 3744 584 3826 inbpnilates
609 3745 826 3816 observaveris,
852 3744 1003 3808 Domine:
1028 3745 1162 3810 Domine
1188 3745 1257 3829 qais

165 3841 354 3905 sustinebit?

201 3936 268 4009 Qun
284 3935 378 4009 dicta,
396 3931 536 4013 deposita
553 3932 659 4006 mitra,
676 3929 770 3992 dicit:

206 4028 304 4108 liprie
317 4025 441 4089 eleison.
476 4024 599 4086 Christe
614 4022 738 4086 eleison.
772 4022 872 4102 lr'yrie
887 4021 1011 4087 eleison.

206 4123 301 4182 Pater
315 4123 429 4181 noster.

197 4277 387 4328 ⁵Pontitlcale.
734 4272 832 4323 deiude
855 4271 881 4320 in
905 4271 995 4322 media
1017 4271 1140 4322 Ecclesia
1161 4272 1203 4323 vel
1227 4273 1254 4322 in

198 4354 292 4404 olbia.
309 4369 335 4418 p.
354 4351 410 4402 111.
733 4347 899 4398 Coemeterio
918 4361 967 4411 pro
985 4347 1111 4397 omuibus
1129 4346 1255 4400 fidelibus

198 4430 294 4493 1Qnac
320 4428 457 4487 suffragia
480 4426 549 4476 flunt
573 4425 595 4452 ‘⁴
602 4425 684 4486 juxta
735 4423 881 4473 defunctis.

163 4505 288 4556 Altare'’
303 4520 352 4569 pro
368 4503 508 4553 defunctis
523 4501 680 4566 Episcopis;
