2804 4890
605 658 658 714 DE
681 658 853 715 CANONE.
929 713 932 718 ,
1212 651 1273 712 249

187 834 251 896 rita
273 852 329 896 sua
352 831 531 896 dilexerunt
555 851 596 906 se,
621 831 666 893 ita
691 835 722 895 et
745 831 779 892 in
804 835 903 895 morte
928 851 991 895 non
1016 836 1090 896 sunt
1114 829 1269 913 separati''

187 926 218 990 S.
240 925 376 988 hlathias
396 946 465 988 vero
484 930 554 1005 post
573 924 846 986 Consecrationem
865 926 1084 987 1111111111111111.12

228 1024 254 1081 6.
279 1019 370 1081 llitus
389 1019 436 1080 rel
455 1019 664 1081 caeremoniae
683 1019 768 1080 intra
788 1018 946 1079 Canonem
964 1017 1130 1098 praecipue
1149 1018 1269 1081 Passio·

186 1134 256 1176 nem
278 1112 408 1174 Domini
430 1115 682 1175 commemorant.
727 1111 767 1173 In
789 1111 943 1192 plerisque
966 1111 1145 1174 Missalibus
1168 1113 1270 1192 imago

184 1207 332 1269 Crucifixi
350 1209 530 1269 memoriam
538 1206 721 1271 Dominicae
738 1207 891 1287 passionis
906 1208 1154 1286 inspirat-Per
1170 1213 1273 1270 totum

182 1300 247 1362 fere
259 1298 417 1361 Canonem
431 1297 580 1360 Sacerdos
591 1303 659 1360 orat
671 1297 806 1359 brachiis
817 1296 951 1358 extensis
964 1296 1093 1359 imitans
1108 1296 1271 1359 Christum

184 1394 219 1454 in
247 1392 347 1456 Cruce
375 1414 406 1455 se
433 1393 538 1473 ipsum
565 1393 801 1454 sacrificantem.
875 1392 1005 1472 Saepius
1035 1392 1152 1454 format
1181 1392 1270 1472 signa

185 1487 303 1549 Crucis.
348 1486 447 1550 Initio
466 1486 603 1549 Canonis
621 1488 732 1547 “terna
750 1486 859 1547 Crucis
877 1487 965 1565 signa
983 1491 1057 1547 sunt
1076 1506 1163 1548 verae
1181 1487 1270 1548 bene-

184 1580 346 1657 dictiones,
370 1580 482 1660 quibus
508 1579 567 1642 Dei
592 1581 755 1642 invocatur
781 1580 1019 1660 omnipotentia,
1045 1584 1081 1642 nt
1104 1581 1210 1645 ablata
1236 1581 1269 1642 in

185 1673 305 1754 Corpus
330 1678 362 1738 et
389 1673 582 1753 Sanguinem
609 1673 728 1735 Christi
754 1678 921 1736 convertat.
967 1675 1137 1736 Ternarius
1164 1677 1269 1736 autem

181 1771 342 1849 signorum
358 1769 468 1830 Crucis
481 1785 630 1828 numerus
643 1769 735 1829 hocce
749 1769 932 1846 mysterium
948 1790 966 1829 a
982 1770 1013 1830 S.
1030 1771 1188 1832 'l'rinitate
1202 1792 1269 1851 per·

181 1867 232 1928 fici
253 1865 430 1928 indicat.’'¹³
461 1863 648 1926 Immediate
667 1867 739 1924 ante
759 1864 1019 1924 consecrationem
1044 1864 1156 1925 iterum
1178 1885 1270 1945 super

182 1960 285 2025 oblata
301 1960 481 2020 formantur
499 1956 559 2016 tria
578 1954 687 2015 Crucis
704 1953 804 2031 signa,
822 1952 932 2032 quibus
950 1953 1111 2014 adduntur
1129 1954 1269 2033 singulae
1339 1974 1345 1992 ·

183 2052 296 2117 Cruces
312 2072 406 2132 super
421 2053 555 2113 hostiam
572 2055 603 2115 et
619 2052 756 2125 calicem,
775 2053 818 2113 ita
836 2058 870 2113 ut
887 2071 1036 2113 numerus
1053 2052 1216 2132 quinarius
1232 2052 1266 2113 in

181 2145 363 2208 memoriam
379 2146 516 2225 quinque
532 2145 698 2206 vulnerum
713 2145 914 2224 compleatur.

224 2361 293 2424 146.
316 2362 366 2425 Ad
382 2363 550 2426 secundam
567 2364 750 2426 Orationem
764 2363 855 2425 Hane
870 2363 973 2440 igitur
990 2364 1138 2428 Sacerdos
1156 2385 1266 2427 manus

180 2462 321 2520 extensas
340 2460 426 2519 tenet
444 2478 537 2537 super
555 2457 668 2531 oblata,
687 2459 721 2518 in
742 2458 861 2537 Corpus
881 2468 912 2520 et
933 2459 1127 2537 Sanguinem
1147 2457 1265 2519 Christi

181 2570 252 2613 mox
265 2551 482 2623 convertenda,
494 2551 675 2629 significans
689 2550 851 2612 Christum
864 2560 1012 2630 tanquam
1028 2552 1185 2613 victimam
1200 2551 1265 2633 pia-

182 2645 317 2706 cularem
334 2644 494 2723 pronubis
509 2644 675 2717 substitui;
691 2645 745 2723 qui
761 2647 842 2705 ritus
858 2645 895 2706 lit
909 2646 999 2723 juxta
1016 2646 1114 2724 legem
1133 2650 1266 2708 veterem

188 2738 303 2815 (Lerit.
334 2737 425 2815 lit),
455 2758 514 2817 quo
547 2737 726 2799 Sacerdotes
755 2758 866 2799 manus
896 2759 990 2818 super
1020 2739 1179 2801 uictimam
1209 2758 1266 2820 pro

181 2830 295 2910 populo
314 2830 463 2911 culpabili
485 2830 706 2891 immolandam
726 2851 840 2910 ponere
859 2833 937 2909 jussi
959 2837 1041 2894 sunt.

224 2928 251 2986 2.
275 2924 344 2986 Ilac
358 2925 507 2985 Oratione
521 2924 692 2986 “Sacerdos
705 2932 773 2987 orat
788 2925 899 2991 llouui.
913 2931 949 2987 ut
965 2927 1063 3006 ipsam
1078 2928 1267 2991 oblationem

181 3019 270 3098 panis
283 3023 315 3082 et
328 3019 391 3079 rini
407 3018 539 3097 accipiat
554 3023 589 3079 ut
603 3018 766 3079 materiam
782 3019 924 3079 sarriticii
942 3021 1041 3081 t'uturi
1057 3026 1087 3082 et
1102 3042 1169 3083 eam
1185 3021 1268 3082 ride·

181 3111 253 3172 licet
269 3109 430 3172 benedicat
444 3116 475 3172 et
490 3109 693 3171 santificet?
708 3112 731 3143 ¹⁴
777 3110 897 3172 lleimlc
913 3113 994 3173 “tria
1011 3112 1091 3174 bona
1107 3113 1266 3193 postulan-

181 3210 265 3267 tura
280 3204 362 3271 Deo:
377 3206 516 3284 primum
532 3204 701 3284 temporale
722 3204 828 3284 [pasl
845 3205 1014 3267 secuudum
1032 3208 1174 3287 perpetui
1191 3207 1267 3269 mali

181 3298 347 3371 dei·itatio;
372 3300 500 3361 tertium
525 3300 666 3378 perpetui
692 3299 763 3359 boui
789 3300 922 3379 adeptio.
968 3300 1007 3360 In
1031 3302 1143 3362 horum
1168 3303 1267 3364 trium

181 3392 331 3453 bonorum
346 3392 555 3470 postulatione
571 3393 736 3471 profitetur
752 3392 899 3461 Ecclesia,
915 3393 1015 3454 lleum
1031 3414 1094 3455 esse
1110 3396 1267 3455 uniuerso·

180 3504 250 3545 rum
269 3484 451 3557 Dominum,
469 3491 498 3546 et
520 3486 550 3545 iu
571 3484 727 3563 triplicem
747 3485 855 3545 mundi
876 3487 1053 3547 uraclrinam
1072 3485 1197 3547 extendi
1216 3506 1266 3547 su·

179 3598 322 3658 premum
342 3579 411 3656 ejus
432 3578 656 3658 principatum,
677 3579 710 3638 in
731 3579 833 3653 terris,
853 3578 887 3639 in
908 3578 1029 3652 interis,
1050 3579 1084 3641 in
1103 3578 1226 3641 coelia.''
1240 3582 1266 3614 ¹⁵

223 3798 291 3862 146.
312 3799 420 3861 Tertia
437 3799 546 3861 Oratio
563 3798 662 3862 Onam
679 3795 870 3859 oblationem
886 3798 978 3879 prius
990 3800 1219 3862 conclusionem
1235 3805 1267 3862 et

173 3893 329 3973 quandam
343 3891 633 3972 recapitulationem
646 3891 838 3952 oblationum
853 3893 1103 3972 praecedentium
1117 3892 1267 3956 continet.

180 3987 267 4048 Petit
290 3987 448 4051 Sacerdos.
470 3992 525 4046 “ut
547 4006 583 4047 er
606 4006 684 4065 pane
708 3985 827 4065 Corpus
848 3992 878 4047 et
900 4007 936 4047 cr
959 3987 1030 4048 rino
1051 3987 1108 4048 fiat
1131 3987 1266 4065 Sanguis

181 4081 311 4154 Christi,
332 4084 368 4142 ut
389 4081 446 4143 lroe
468 4080 559 4141 modo
582 4101 617 4141 ac
639 4100 693 4159 per
714 4080 807 4140 talem
833 4081 1125 4142 transmutationem
1150 4081 1265 4144 oblatio

180 4178 247 4254 ipsa
263 4175 353 4254 panis
370 4182 398 4235 et
417 4174 482 4234 11111
500 4173 553 4235 fiat
571 4172 749 4244 berredicta;
763 4175 786 4205 ¹⁰
805 4174 858 4235 illa
875 4175 959 4234 enim
976 4180 1021 4235 est
1038 4194 1160 4235 summa
1177 4175 1265 4238 bene·

217 4339 242 4371 ¹²
260 4333 303 4383 Cf.
323 4351 347 4383 u.
367 4336 409 4391 56,
428 4335 451 4382 4.
790 4339 812 4369 ¹⁵
832 4333 927 4382 Clicht.

219 4416 243 4447 ¹³
262 4410 352 4459 Caval.
382 4411 424 4457 (Ὺ.
446 4426 470 4457 11.
495 4411 549 4465 139,
570 4411 592 4458 7.
785 4413 809 4447 ¹⁶
828 4408 871 4457 Cf.
896 4425 921 4458 11.
948 4411 1004 4472 139,
1027 4413 1051 4461 6.

218 4493 242 4524 ¹⁴
263 4486 388 4537 Bellona.
416 4487 454 4536 Dc
473 4487 565 4545 Missa,
584 4486 621 4536 ΙΙ.
639 4489 679 4536 22.
