2804 4890
399 695 485 754 APP.
510 696 552 754 11.
596 699 649 754 DE
672 698 819 757 Marma
843 698 1024 758 acrama.
1193 685 1256 752 587

161 871 283 934 duabus
307 871 430 952 mappis
453 871 655 933 inferioribus
679 870 793 933 suffieit
816 891 898 933 unus
922 890 1046 952 pannus
1067 891 1086 935 e
1108 870 1176 935 lino
1198 869 1254 932 du-

162 963 307 1044 plicatus.
352 962 469 1045 Mappa
490 966 596 1026 autem
617 964 759 1042 superior
779 983 900 1043 semper
921 963 1012 1027 debet
1034 982 1099 1027 esse
1121 982 1185 1025 una
1207 961 1255 1026 vel

162 1055 294 1136 simplex
311 1059 343 1120 et
358 1056 396 1119 ab
415 1055 616 1119 inferioribus
634 1056 761 1137 penitus
779 1059 929 1137 separata.
958 1057 1045 1137 Opus
1063 1062 1119 1132 est,
1138 1060 1174 1118 ut
1191 1060 1254 1118 tres

161 1167 303 1230 mappae,
329 1149 425 1212 ctiam
449 1149 613 1210 inferiores
639 1149 819 1228 cooperiant
844 1152 943 1212 totam
968 1168 1109 1211 mensam
1134 1147 1254 1222 altaris,

162 1246 193 1303 et
215 1260 278 1305 non
301 1241 399 1304 solam
421 1261 507 1304 aram
529 1240 684 1321 lapideam
708 1246 928 1304 consecratam.
973 1242 1090 1323 Mappa
1113 1241 1254 1322 superior

162 1339 228 1397 tam
250 1334 343 1414 longa
365 1335 417 1410 sit,
438 1337 475 1396 ut
496 1333 533 1395 ab
555 1337 687 1413 utraque
709 1336 798 1415 parte
820 1333 943 1396 laterali
965 1334 1075 1396 altaris
1096 1352 1194 1415 usque
1214 1332 1254 1395 ad

162 1431 278 1489 terram
302 1426 483 1507 dependeat.

203 1523 232 1581 4.
256 1519 381 1581 Abusus
402 1524 449 1581 est
470 1518 593 1599 mappis
614 1524 743 1583 omatus
767 1519 896 1599 infigere
918 1540 976 1582 acu
998 1520 1045 1582 vel
1068 1519 1130 1584 alio
1151 1517 1254 1595 modo,

161 1612 255 1673 sicuti
290 1611 406 1691 figuras
444 1611 562 1691 (flores,
597 1611 799 1691 emblemata)
840 1611 956 1674 diversi
990 1611 1101 1676 eoloris
1139 1610 1254 1692 (rubei,

161 1704 293 1766 caerulei
322 1704 396 1783 etc.)
429 1704 526 1767 serico
554 1703 704 1767 adhibito.
755 1706 874 1767 Textus
901 1705 1084 1767 reticulatus
1111 1703 1252 1770 adhiberi

162 1799 273 1876 potest,
297 1796 349 1858 sed
373 1817 436 1858 non
462 1797 495 1858 in
518 1796 681 1875 superficie
704 1797 824 1873 altaris,
848 1797 1018 1861 dummodo
1041 1799 1172 1861 laciniae
1195 1799 1253 1860 hae

161 1889 225 1951 sint
249 1889 407 1952 confectae
431 1909 447 1950 e
470 1888 536 1951 lino
559 1894 591 1952 et
615 1910 678 1951 non
701 1911 717 1952 e
741 1892 894 1970 gossypio.
938 1890 1069 1952 Fundus
1094 1891 1180 1952 rubri
1205 1888 1252 1952 vel

161 1981 290 2043 alterius
311 1980 422 2043 coloris
444 1982 546 2044 textili
570 1982 735 2043 reticulato
757 1982 943 2062 simpliciter
963 1982 1147 2045 submittere
1170 1981 1252 2043 vide·

160 2078 214 2135 tur
238 2092 325 2153 posse
351 2073 503 2154 permitti.

202 2170 229 2227 5.
255 2165 337 2228 Cura
364 2166 499 2229 exerceri
525 2166 625 2242 debet,
650 2171 687 2228 ut
713 2186 843 2247 mappae
870 2186 991 2248 semper
1017 2169 1082 2231 sint
1106 2167 1252 2243 mundae,

160 2258 265 2338 prouti
289 2258 439 2320 sanctitas
462 2257 521 2321 loci
542 2262 573 2319 et
595 2259 855 2337 augustissimum
879 2259 1117 2322 Sacramentum
1141 2264 1172 2322 et
1198 2261 1253 2321 Sa·

160 2350 324 2426 crifieium,
348 2350 430 2430 quod
454 2370 549 2431 supra
572 2370 623 2412 eas
647 2350 788 2427 offertur,
811 2350 983 2412 insinuant.
1031 2351 1104 2414 Non
1128 2352 1252 2415 videtur

159 2463 223 2505 esse
242 2443 338 2505 nimis
356 2442 560 2523 postulatum,
579 2443 606 2504 si
626 2442 777 2519 dieamus,
797 2463 944 2523 mappam
964 2445 1155 2524 superiorem
1174 2443 1252 2505 alta·

160 2536 212 2609 ris,
234 2535 267 2596 in
290 2555 350 2615 quo
372 2533 506 2614 singulis
526 2535 635 2597 diebus
656 2534 761 2615 plures
784 2535 898 2597 Missae
920 2535 1125 2611 celebrentur,
1147 2537 1251 2598 lavan-

159 2628 231 2690 dam
254 2648 318 2691 csse
340 2633 372 2691 et
392 2647 505 2691 novam
528 2626 575 2690 vel
598 2626 750 2689 mundam
773 2627 991 2708 apponendam
1014 2628 1125 2691 saltem
1147 2630 1195 2691 bis
1218 2627 1252 2690 in

158 2741 272 2797 mense,
305 2740 435 2801 mappas
467 2720 631 2783 inferiores
660 2722 766 2781 autern
800 2718 909 2782 debere
941 2721 1058 2783 mutari
1089 2726 1121 2783 ct
1151 2721 1250 2783 lavari

158 2814 269 2876 saltem
297 2816 407 2894 quater
435 2814 468 2874 in
498 2832 590 2877 anno.
641 2810 809 2874 Habentur
837 2813 960 2889 altaria,
990 2814 1024 2874 in
1054 2813 1167 2893 quibus
1194 2814 1251 2875 hae

157 2927 288 2987 mappae
316 2905 515 2985 (inferiores)
542 2924 705 2985 nunquam
726 2909 903 2980 mutantur,
925 2905 1022 2968 donec
1044 2907 1109 2969 sint
1130 2904 1251 2985 simpli·

158 3001 235 3061 citer
257 2998 408 3062 laceratae
430 3003 460 3061 et
482 2998 638 3061 vermibus
658 3004 689 3061 et
711 2997 837 3078 pulvere
861 3003 1071 3079 consumptae.
1118 2997 1251 3059 Difficile

158 3091 358 3171 intelligitur,
374 3089 528 3171 quomodo
546 3088 696 3165 sacerdos,
711 3090 765 3171 qui
784 3110 873 3171 saepe
890 3091 923 3152 in
941 3091 1124 3153 recitatione
1141 3090 1250 3152 Divini

158 3185 259 3246 Officii
280 3184 369 3259 dicit,
389 3183 500 3245 “Zelus
522 3182 641 3244 Domus
662 3188 733 3245 tuae
754 3182 889 3247 eomedit
911 3183 981 3246 me’'
1004 3185 1097 3248 talem
1118 3184 1250 3245 abusum

158 3276 289 3340 tolerare
311 3280 412 3356 queat.

199 3373 227 3432 6.
251 3369 379 3431 Praeter
401 3368 534 3449 Mappas
555 3368 696 3432 rubricae
717 3369 890 3448 loquuntur
910 3369 948 3431 de
967 3367 1088 3432 duobus
1110 3368 1181 3430 aliis
1204 3369 1250 3429 in-

157 3462 316 3524 dumentis
338 3460 457 3537 altaris,
479 3459 518 3523 de
540 3452 709 3522 Chiismali
731 3466 762 3523 et
785 3459 957 3540 Vesperali.

199 3553 373 3617 Chrismale
395 3559 442 3617 est
466 3573 588 3636 pannus
612 3553 714 3613 lineus
738 3551 826 3613 albus
850 3573 918 3614 cera
941 3554 1085 3615 munitus
1108 3558 1139 3615 et
1163 3553 1249 3614 robo-

157 3648 266 3710 ratus.²
307 3646 442 3709 Ponitur
462 3647 493 3708 in
511 3644 603 3708 altari
621 3645 682 3708 lixo
706 3645 813 3722 (sensu
833 3644 958 3719 stricto)
982 3645 1162 3707 immediate
1179 3649 1250 3724 post

63 3799 67 3805 .
156 3741 417 3803 consecrationem
447 3739 531 3801 infra
559 3756 698 3817 mappae,
726 3738 769 3800 ita
797 3742 833 3799 ut
861 3737 955 3799 facies
982 3742 1084 3799 cerata
1111 3737 1247 3817 lapidem

155 3834 271 3897 directe
293 3836 412 3912 tangat.
458 3831 526 3892 Hoc
551 3831 595 3904 tit,
617 3852 656 3893 ne
679 3829 779 3893 oleum
804 3851 937 3903 sacrum,
960 3830 1040 3909 quod
1062 3837 1248 3894 morantes

155 3926 197 3988 ibi
222 3946 278 4007 per
303 3925 494 4006 Episcopum
519 3923 663 3997 effusum,
688 3945 704 3985 e
727 3944 788 4003 quo
811 3924 906 3985 etiam
931 3927 1001 4003 post
1026 3923 1247 3985 abstersionem

154 4040 209 4100 per
230 4018 393 4081 ministros
416 4018 531 4079 iactam
554 4035 675 4095 semper
697 4016 816 4095 aliquid
842 4020 991 4090 remanet,
1014 4036 1160 4097 mappam
1182 4038 1246 4079 ma·

154 4113 236 4177 culet
250 4117 281 4175 et
297 4132 336 4173 ne
351 4108 526 4173 humiditas
541 4129 557 4171 e
574 4107 678 4187 lapide
694 4108 841 4169 exhalans
857 4109 980 4188 mappis
996 4111 1114 4170 noceat.
1145 4107 1244 4171 Semel

153 4206 195 4267 ibi
227 4206 271 4267 sic
301 4203 440 4285 positum
469 4221 590 4281 semper
620 4200 662 4261 ibi
695 4199 885 4278 relinquitur
916 4205 947 4263 et
975 4220 1037 4265 non
1070 4205 1245 4263 removetur

152 4302 279 4378 excepta
305 4296 386 4361 feria
412 4295 452 4358 V.
481 4295 514 4356 in
542 4293 645 4355 Coena
672 4291 801 4353 Domini
830 4291 954 4372 quando
981 4292 1094 4356 altaria
1119 4294 1245 4375 penitus

151 4390 363 4454 denudantur.

609 4539 622 4574 ⁸
631 4533 768 4587 Oilelotb.
