2804 4890
290 666 344 722 DE
367 667 521 723 ORDINE
543 667 597 721 ΑΙ)
623 667 861 722 viemannus
886 667 1124 722 PAROCHIAS.
1198 657 1257 717 441

168 829 325 904 firmandi,
338 835 538 909 percontatus
551 850 664 892 nomen
677 833 746 911 ejus
759 830 939 891 unctionem
953 830 986 890 in
1000 830 1136 890 formam
1150 826 1260 888 Crucis

167 922 279 1000 pollice
301 924 411 985 alliciet
431 924 464 983 in
486 926 590 987 fronte
610 924 652 985 Ν.
674 924 764 1003 sipno
787 929 814 985 te
836 922 928 984 etc.”⁸

210 1019 237 1076 5.
260 1017 436 1077 “Omnibus
460 1017 653 1080 confirmatis
677 1015 857 1090 Pontifex,''
880 1016 989 1079 sedens
1014 1016 1047 1076 in
1071 1014 1259 1088 faldistorio,

167 1107 283 1187 “tergit
301 1128 373 1169 curn
389 1110 470 1171 mica
487 1111 577 1190 panis
595 1122 626 1171 et
642 1110 726 1170 lavat
744 1109 887 1189 pollicem
906 1114 937 1171 et
954 1127 1067 1170 manus
1084 1126 1177 1189 super
1195 1105 1258 1187 pel·

168 1201 239 1261 vim.
279 1201 414 1262 Interim
433 1201 610 1277 cantatur‚’'
629 1203 675 1264 rel
695 1203 879 1264 recitaturo
899 1201 999 1264 Clero.

206 1293 292 1355 Aur.
318 1294 477 1373 Confirmet
489 1296 547 1358 troc
559 1295 655 1368 Deae,
667 1295 749 1377 quod
762 1298 908 1376 operatus
920 1314 951 1356 es
963 1294 997 1355 in
1010 1293 1099 1357 nobis
1112 1313 1130 1355 a
1144 1294 1258 1373 templo

164 1390 272 1449 sancto
293 1392 345 1449 tuo
365 1388 447 1468 qnod
465 1392 509 1449 est
528 1387 766 1451 intonalem.
810 1385 917 1449 Gloria
931 1386 1032 1449 l'atri.
1073 1385 1163 1448 Siout
1182 1392 1257 1449 erat,

209 1480 328 1542 ltnrss.
367 1480 453 1542 Asu.
494 1481 653 1559 t'onfirmo
671 1482 737 1544 troo.

208 1574 297 1646 “Qua
312 1573 444 1653 repetita
459 1572 607 1634 Pontifex
621 1573 762 1654 deposita
776 1574 871 1635 mitra
884 1574 996 1651 surgit,
1010 1577 1041 1636 et
1053 1578 1139 1635 stans
1152 1590 1258 1632 versus

166 1666 205 1725 ad
226 1665 335 1727 Alture
356 1664 464 1741 dicit‚''
487 1667 533 1729 vel
554 1671 661 1728 cantat
682 1671 755 1727 tono
777 1665 899 1728 feriali:
922 1665 1058 1729 Ostende
1079 1664 1169 1728 nobis
1189 1668 1258 1737 etc,

166 1760 331 1820 “onmibus
348 1760 540 1820 confirmatis
558 1780 640 1839 genu
660 1758 867 1834 flectentibus,
887 1765 918 1822 et
937 1762 1058 1821 vertens
1078 1776 1109 1819 se
1127 1757 1168 1821 ad
1187 1776 1257 1820 con-

167 1852 305 1913 firmatos
320 1853 415 1912 dicit:
430 1852 641 1928 Bene-t-dieat
656 1873 708 1915 coa
723 1852 879 1914 Dominus
893 1851 972 1914 ete.’'

208 1947 235 2004 a.
259 1944 401 2006 Tandem
422 1944 571 2006 Pontifex
592 1952 717 2024 accepta
738 1945 832 2006 mitra
852 1947 883 2005 et
905 1944 1012 2005 baculo
1032 1941 1182 2024 pastorali
1203 1942 1257 2004 dat

166 2035 413 2098 admonitionem
425 2036 463 2097 ad
477 2038 612 2097 mentem
626 2035 833 2111 Pontificalis,
845 2041 876 2098 et
891 2034 1001 2099 recitat
1013 2037 1088 2116 ipse,
1102 2036 1148 2098 ael
1164 2034 1257 2098 Paro-

166 2129 241 2189 chus
265 2129 375 2199 Credo,
397 2129 494 2189 l’oter
516 2134 547 2190 et
569 2129 645 2190 Ave.
691 2128 855 2191 Benedieit
877 2148 928 2190 eos
951 2129 1073 2190 nullam
1096 2127 1257 2209 proferens

166 2220 360 2282 formulanr.⁹

202 2317 229 2374 7.
254 2312 291 2373 In
309 2315 431 2392 privata
445 2312 719 2377 administratione
735 2313 991 2376 confirmationis
1007 2313 1182 2394 Episcopus
1196 2317 1257 2375 sto

167 2406 228 2466 lam
244 2405 345 2466 albam
361 2424 453 2484 super
468 2404 629 2467 rochetum
645 2403 760 2482 induit,
774 2412 807 2469 et
819 2404 921 2467 utitur
935 2407 1031 2468 mitra
1046 2406 1124 2467 dum
1136 2404 1257 2466 unctio·

166 2519 237 2560 nem
257 2497 417 2578 peragit.¹⁰

605 2681 720 2752 ΛΒΤ.
745 2683 816 2753 ΙΙΙ.

300 2865 350 2916 DE
376 2865 520 2917 ORDINE
545 2866 596 2917 AD
622 2866 854 2917 VISI'I'ANDAS
880 2866 1115 2919 Panocmasa

206 3037 276 3101 279.
301 3039 433 3114 Quando
457 3039 630 3119 Episcopus
655 3038 839 3100 visitaturus
866 3039 1050 3102 Parochiam
1075 3041 1135 3102 rite
1159 3037 1256 3119 recipi

167 3138 277 3211 potest,
305 3132 342 3192 ab
371 3133 440 3211 ejus
468 3132 605 3210 hospitio
640 3131 748 3209 (domo
777 3131 964 3212 parochiali)
998 3131 1171 3212 procedunt
1199 3131 1257 3193 hoe

166 3224 290 3285 ordine:
311 3226 413 3304 primo
433 3224 728 3295 confraternitates
748 3224 860 3285 deinde
879 3230 941 3286 tres
959 3224 1063 3286 clerici
1084 3244 1136 3286 seu
1157 3223 1256 3301 acoly-

167 3317 224 3386 tlri,
248 3336 358 3396 nempe
383 3318 407 3378 is
431 3317 482 3396 qui
508 3315 609 3380 defert
635 3316 828 3376 t'rucifrxum
852 3318 1000 3392 exiguum
1029 3317 1079 3394 (in
1104 3315 1256 3397 pelvicula

166 3408 234 3468 ultro
251 3407 316 3470 uelo
333 3409 527 3484 contectum)
551 3408 672 3469 medius
690 3408 772 3469 inter
788 3408 966 3486 acolythum
984 3429 1054 3470 cum
1073 3429 1152 3488 aqua
1168 3408 1256 3469 bene·

165 3500 259 3576 dieta,
284 3505 315 3563 et
341 3501 607 3573 thuriferarium?
631 3504 700 3580 post
725 3521 777 3562 eos
803 3500 887 3560 Crux
915 3499 1149 3580 processionalis
1175 3498 1257 3561 inter

165 3593 365 3654 ceroferarios
375 3613 383 3668 ;
402 3593 552 3654 vaniores
568 3599 600 3655 et
616 3591 728 3672 reliqui
746 3591 868 3665 clerici;
885 3592 1016 3655 ultimus
1036 3591 1194 3655 Parochus
1209 3593 1255 3652 vel

165 3687 291 3765 dignior
314 3685 396 3746 Cleri
420 3691 493 3748 aute
516 3685 716 3765 Episcopum.
762 3683 896 3746 Interim
919 3688 1088 3746 cantantur
1111 3684 1157 3746 vel
1181 3685 1256 3747 reci-

165 3786 274 3841 tantur
293 3779 383 3840 dant.
404 3778 594 3840 Benedictus
612 3782 643 3840 et
662 3778 716 3839 alii
737 3778 860 3857 psalmi.

207 3875 234 3935 2.
258 3872 307 3932 Ad
334 3876 456 3951 portam
482 3869 637 3932 Ecclesiae
662 3890 768 3933 omnes
793 3869 894 3950 eapite
917 3868 1038 3933 detecto
1062 3869 1255 3945 subsistunt;

199 4027 387 4078 ⁸1tfartinueci
407 4025 473 4076 VII.
496 4027 520 4089 7,
541 4026 583 4088 38,
604 4024 684 4087 juxta
734 4024 879 4075 ruralibus.

165 4105 247 4154 Enbr.
276 4103 447 4153 Pontificalis
473 4102 573 4151 Bened.
601 4099 685 4150 Xfff.
771 4099 822 4149 ²Si
846 4106 962 4164 quatuor
987 4100 1105 4164 acolythi
1131 4115 1183 4150 non
1209 4100 1254 4150 ad·

161 4182 293 4244 permissu
314 4178 391 4229 editi.
735 4177 798 4238 sint,
824 4177 858 4226 ad
883 4180 991 4242 portam
1018 4176 1153 4226 Ecclesiae
1180 4190 1254 4239 prae·

197 4254 576 4318 aurariinuccit⁷11.1,44.
733 4253 878 4317 parabitur
917 4268 1009 4304 mensa
1048 4268 1106 4303 cum
1146 4253 1254 4303 vasculo

199 4331 305 4381 aaroni.
329 4347 353 4381 n.
375 4331 416 4382 47.
735 4342 821 4391 aquae
845 4328 1003 4378 benedictae
1026 4334 1053 4378 et
1078 4327 1177 4389 exigua
1201 4325 1255 4377 ista

198 4407 263 4457 ref.
287 4407 448 4456 Pontifieale
469 4411 496 4457 et
519 4405 682 4456 ufartinucei
737 4404 853 4468 imagine
871 4402 1007 4454 Crucitixi.

161 4484 210 4535 VI.
233 4484 266 4534 37
288 4489 317 4534 et
340 4482 396 4534 ΙΙΙ.
421 4486 452 4534 12>
475 4499 524 4550 pro
547 4483 683 4548 parochiis
