2804 4890
175 639 236 703 388
320 649 375 703 DE
396 643 625 702 RELATIONE
648 642 897 699 OFFICIORUM
918 641 1042 695 INTER
1064 640 1123 695 SE.

218 821 246 878 3.
291 817 359 895 Quo
377 817 485 881 ordine
503 817 597 898 plura
611 817 694 897 [asta
714 813 880 893 transferri
898 810 1051 875 debeant?

220 912 257 971 1ο
303 907 397 971 Prius
421 907 659 971 transferuntur
684 909 764 969 festa
789 906 919 984 majoris
943 904 1032 966 ritus.

220 1005 257 1063 20
302 1001 342 1063 In
371 1001 507 1083 paritate
535 1001 617 1062 ritus
646 999 823 1062 attenditur
852 999 955 1077 major
982 995 1174 1070 solemnitas,
1204 991 1273 1056 scil.

178 1097 204 1158 si
231 1096 348 1159 festum
374 1093 545 1157 celebretur
570 1113 643 1156 cum
668 1091 836 1155 feriatione
860 1091 957 1153 etiam
984 1090 1017 1152 in
1044 1090 1112 1151 foro
1138 1086 1273 1161 sublata,

177 1192 233 1250 aut
248 1207 320 1250 cum
339 1187 465 1251 Octava.

220 1282 257 1340 3⁰
303 1280 343 1341 In
385 1279 520 1360 paritate
557 1279 637 1341 ritus
676 1283 708 1341 et
747 1277 957 1340 solemnitatis
998 1276 1079 1339 festa
1119 1275 1273 1357 primaria

179 1373 417 1435 transferuntur
437 1376 511 1436 ante
534 1372 615 1434 festa
636 1370 830 1436 secundaria.

220 1467 257 1525 4⁰
304 1465 344 1526 In
362 1465 497 1546 paritate
514 1464 605 1540 ritus,
623 1463 831 1526 solemnitatis
849 1468 882 1526 et
900 1462 1021 1525 ordinis
1039 1466 1181 1524 servatur
1197 1460 1275 1524 ordo

178 1558 346 1638 dignitatis
370 1557 550 1636 (majoris),
568 1563 604 1619 ut
622 1575 717 1636 supra
736 1576 766 1619 n.
786 1558 855 1618 245.
876 1555 915 1618 V.

221 1652 258 1711 5ο
304 1650 345 1711 In
372 1648 507 1730 paritate
533 1650 623 1727 ritus,
651 1646 870 1724 solemnitatis,
898 1647 1019 1710 ordinis
1044 1667 1079 1710 ae
1106 1645 1275 1726 dignitatis

179 1742 348 1806 serrandus
366 1747 413 1805 est
431 1742 507 1805 ordo
525 1740 712 1806 Kalendarii
731 1760 786 1804 seu
805 1741 993 1822 temporis.¹⁴

220 1840 249 1899 4.
295 1836 464 1916 Sequentia
488 1836 569 1899 festa
591 1835 709 1915 regulis
733 1834 919 1915 specialibus
942 1835 1097 1915 gaudent:
1123 1833 1181 1896 SS.
1209 1833 1273 1894 No·

180 1929 276 1992 minis
299 1932 331 1991 et
354 1926 465 1990 Cordis
490 1928 586 2004 Jesu3
611 1927 848 1991 Purificationis
871 1926 908 1990 B.
934 1927 978 1989 M.
1004 1926 1062 2002 V.;
1088 1925 1120 1989 S.
1143 1925 1275 2006 Joseph,

181 2021 295 2102 Sponsi
318 2022 354 2082 B.
379 2020 423 2083 M.
447 2018 505 2097 V.;
528 2021 793 2083 Annuntiationis
816 2021 853 2083 B.
877 2020 921 2082 Μ.
945 2018 1004 2096 V.;
1028 2019 1215 2082 Nativitatis
1240 2019 1272 2082 S.

179 2114 314 2177 «loannis
336 2114 442 2194 Bapt,
466 2113 504 2177 de
529 2113 641 2194 quibus
666 2113 700 2174 in
725 2113 870 2175 Rubricis
895 2113 1023 2194 proprio
1047 2112 1122 2175 loeo.

221 2211 249 2269 5.
292 2207 340 2270 De
357 2206 406 2270 die
423 2207 494 2286 fiac.
534 2206 666 2282 Quando
682 2208 801 2269 festum
817 2206 934 2288 duplex
952 2211 979 2268 1.
997 2208 1044 2268 vel
1062 2209 1090 2268 2.
1108 2206 1216 2270 classis
1233 2207 1272 2270 ob

179 2319 341 2361 occursum
359 2298 489 2362 alterius
507 2299 599 2361 officii
617 2298 855 2380 praestantioris
874 2318 995 2378 semper
1013 2298 1054 2361 sit
1072 2297 1273 2377 impeditum,

179 2392 236 2454 tali
258 2391 339 2454 festo
361 2393 513 2472 assignari
536 2391 626 2454 debet
649 2391 752 2471 prima
774 2391 840 2454 dics
862 2413 925 2452 non
948 2398 1097 2472 perpetuo
1121 2393 1272 2474 impedita

185 2486 238 2563 (ut
260 2505 354 2564 supra
375 2505 407 2546 n.
431 2485 476 2562 2.)
504 2489 666 2564 tamquam
688 2484 817 2565 propria
836 2489 868 2547 et
890 2492 1041 2565 perpetua
1064 2487 1150 2548 sedes
1173 2489 1273 2568 ipsius

181 2578 264 2652 festi,
295 2597 347 2640 seu
378 2577 476 2657 ipsius
507 2576 573 2640 dies
602 2577 683 2656 fixa·
714 2578 759 2639 ita
788 2582 826 2640 ut
855 2578 893 2639 ab
921 2599 957 2640 ea
988 2578 1104 2640 festum
1135 2581 1273 2660 amplius

179 2670 386 2733 amovendum
403 2690 466 2730 non
484 2669 526 2732 sit
543 2669 580 2732 ob
598 2669 660 2731 alia
678 2669 777 2732 officia
795 2671 916 2748 majora
934 2671 1095 2733 translata.

222 2765 250 2823 6.
295 2762 380 2836 Quae
407 2762 542 2826 mutatio
570 2762 604 2822 in
632 2762 716 2823 diem
747 2761 840 2823 fixam
868 2762 935 2825 fieri
965 2768 1067 2843 potest
1095 2765 1274 2830 inconsulta

181 2854 213 2917 S.
239 2854 488 2934 congregatione
511 2875 583 2915 curn
608 2855 754 2935 Episcopi
780 2855 1014 2935 approbatione,
1038 2857 1101 2919 sive
1125 2877 1182 2938 pro
1207 2861 1275 2921 tota

180 2945 320 3009 Dioecesi
342 2947 405 3008 sive
427 2967 483 3025 pro
506 2946 644 3008 Ecclesia
665 2945 860 3027 particulari,
881 2970 907 3012 e.
929 2968 959 3029 g,
981 2949 1019 3010 ob
1042 2949 1158 3011 festum
1181 2950 1273 3011 Tilu-

178 3037 249 3190 lar}
250 3037 300 3192 131
315 3037 537 3192 Izledicationis.
571 3038 617 3101 De
631 3044 727 3102 trans.
741 3040 787 3101 Ss.
803 3040 966 3103 Sociorum
976 3041 1110 3104 alicuius
1124 3042 1233 3106 Sancti
1246 3063 1275 3107 v.

179 3149 210 3193 n.
293 3177 300 3192 .
339 3176 346 3191 .

626 3316 740 3386 ART.
766 3316 817 3388 Π.

540 3505 590 3556 DE
605 3506 905 3561 CONOURRENTIA.

216 3669 287 3735 246.
332 3671 559 3736 concurrentia
592 3677 638 3735 est
671 3673 806 3734 obviatio
838 3676 929 3736 officii
962 3677 1024 3740 diei
1057 3680 1272 3758 praecedentia

181 3786 251 3826 curn
272 3764 370 3828 officio
389 3765 451 3827 diei
472 3765 638 3844 sequentis,
658 3766 782 3845 quando
802 3767 900 3829 officia
921 3770 981 3832 ista
1001 3770 1154 3851 Vesperas
1176 3773 1272 3836 inter-

182 3857 299 3919 medias
333 3858 473 3936 exigunt.
530 3857 568 3918 In
604 3861 821 3921 concurrentia
856 3865 912 3924 aut
943 3862 1098 3943 Vesperae
1131 3865 1273 3946 integrae

181 3949 262 4010 liunt
281 3949 319 4011 de
339 3949 491 4012 alterutro
511 3950 776 4025 concurrentium,
797 3957 852 4015 aut
872 3953 1026 4032 Vesperae
1048 3955 1131 4019 inter
1151 3960 1273 4019 utrum·

182 4063 239 4121 qne
265 4042 485 4114 dimidiantur,
512 4044 556 4103 ita
582 4046 617 4103 ut
643 4044 754 4122 psalmi
782 4045 928 4108 dicantur
953 4048 990 4111 de
1016 4050 1214 4129 praecedenti
1240 4059 1273 4117 et

182 4155 197 4195 a
225 4135 372 4213 carpiano
397 4154 467 4195 cnm
494 4135 623 4213 reliquis
649 4135 702 4196 fiat
728 4137 766 4197 do
792 4141 941 4217 monenti.

222 4231 248 4288 2.
293 4226 430 4303 Repaloe
467 4227 728 4289 concitarentur
779 4230 805 4291 Ι.
844 4231 975 4305 Quando
1012 4235 1144 4298 officinm
1183 4259 1271 4318 prae-

180 4318 291 4380 cedens
315 4322 345 4379 ct
370 4317 557 4397 subsequens
581 4338 642 4378 non
668 4327 739 4380 sunt
764 4321 906 4397 ejusdem
930 4326 1020 4392 ritus,
1047 4327 1200 4407 Vesperae
1226 4330 1273 4390 in-

216 4462 242 4497 ¹⁴
253 4456 346 4506 Novae
363 4456 445 4506 Rubr.
462 4456 501 4506 Π.
787 4468 795 4499 ¹
809 4461 903 4513 Novas
919 4463 1002 4514 Rubr.
1020 4465 1068 4517 VI.
1083 4470 1112 4517 et
1127 4465 1167 4518 II.
