2804 4890
184 635 224 701 12
280 648 334 703 DE
356 645 583 716 REQUISITIS
607 646 660 701 ΑΙ)
685 646 836 702 MlSSAM
859 647 1169 704 CELEBRANDAM.

182 823 241 885 etsi
266 821 299 882 in
321 821 388 884 loco
409 818 638 900 quedammodo
661 820 793 899 privato,
817 820 863 882 vel
887 839 949 882 non
973 820 1113 885 absolute
1135 821 1272 902 publico,

183 915 370 979 auctoritate
388 913 550 976 Ordinarii
568 920 670 975 erecta
686 919 778 988 sunt;
795 915 956 976 commodo
975 920 1080 977 tamen
1097 935 1162 978 non
1180 915 1272 979 Fide

182 1010 261 1071 lium
289 1008 431 1071 omnium
458 1029 515 1070 nee
542 1008 682 1087 privatae
709 1012 835 1069 tantum
862 1027 1011 1088 personae
1037 1012 1093 1071 aut
1119 1008 1272 1087 familiae,

182 1102 236 1166 sed
255 1103 389 1165 alicuius
409 1103 646 1165 communitatis
668 1102 714 1163 rel
736 1121 938 1181 personarum
959 1106 1064 1165 coetus
1085 1103 1271 1166 inserviunt.

182 1196 223 1258 In
240 1196 290 1260 his
308 1197 390 1260 sieut
408 1196 594 1260 auctoritate
614 1195 776 1257 Ordinarii
795 1199 1026 1259 sacrosanctum
1045 1196 1160 1260 Missae
1178 1197 1272 1259 sacri-

183 1291 289 1353 ficium
304 1290 410 1354 offerri
426 1294 538 1372 potest,
555 1291 599 1352 ita
614 1310 720 1352 omnes
735 1290 789 1370 qui
805 1289 905 1352 cidem
923 1290 1091 1366 intersunt,
1106 1296 1272 1373 praecepto

182 1383 332 1448 audiendi
352 1385 483 1447 Sacrum
501 1384 680 1447 satisfacere
699 1384 812 1446 valent.
856 1383 966 1464 Hujus
983 1384 1106 1464 generis
1125 1384 1272 1449 Oratoria

181 1484 256 1542 sunt
271 1499 349 1559 quae
363 1479 524 1559 pertinent
538 1479 577 1541 ad
596 1479 771 1541 Seminaria
787 1483 818 1541 et
835 1477 974 1556 Collegia
990 1478 1214 1555 ecclesiastiea3
1231 1480 1271 1542 ad

182 1573 234 1652 pia
249 1572 404 1635 Instituta
417 1577 448 1635 et
465 1573 634 1635 Societates
649 1577 793 1635 votorum
808 1571 1010 1652 simplicium,
1025 1573 1163 1653 aliasque
1179 1573 1270 1637 Corn·

182 1667 354 1729 munitates
370 1666 426 1728 sub
443 1667 550 1746 regula
565 1667 629 1728 sive
645 1665 773 1729 statutis
789 1665 898 1728 saltem
917 1665 954 1727 ab
973 1665 1142 1728 Ordinario
1159 1686 1271 1747 appro

181 1759 279 1835 batis;
292 1759 332 1822 ad
345 1759 465 1824 Demus
478 1760 695 1839 spiritualibus
708 1760 864 1822 exercitiis
876 1759 1016 1822 addictas
1026 1780 1035 1835 ;
1047 1759 1087 1822 ad
1101 1759 1271 1822 Convictus

180 1857 212 1916 et
226 1852 375 1934 Hospitis
387 1854 548 1932 juventuti
561 1851 687 1928 litteris,
701 1853 841 1914 scientiis
854 1857 910 1915 aut
923 1854 1043 1915 artibus
1057 1853 1271 1915 instituendae

180 1947 355 2022 destinata;
375 1947 414 2009 ad
435 1946 631 2022 Nosocomia,
652 1946 937 2026 Orphanotrophia,
957 1966 1095 2008 necnon
1115 1946 1154 2008 ad
1173 1946 1271 2009 Aroes

180 2045 212 2103 et
237 2039 382 2103 Carceres
391 2061 400 2116 3
425 2045 517 2120 atque
541 2039 658 2103 similia
682 2039 838 2115 Oratoria‚
864 2041 897 2100 in
922 2040 1033 2119 quibus
1058 2061 1096 2102 ex
1120 2041 1269 2103 instituto

180 2135 295 2214 aliquis
317 2132 580 2196 christifidelium
603 2138 708 2196 coetus
731 2133 895 2195 convenire
917 2133 995 2195 solet
1017 2133 1057 2195 ad
1080 2132 1270 2196 audiendam

182 2228 320 2290 Missam.
376 2228 496 2302 Quibus
510 2228 641 2306 adjungi
657 2227 770 2289 debent
785 2226 938 2306 (apellae,
953 2228 986 2287 in
1001 2227 1193 2289 Coemeterio
1209 2228 1269 2289 rite

180 2326 309 2395 erectae,
330 2321 499 2383 dummodo
522 2322 554 2381 in
577 2321 690 2382 Missae
711 2320 916 2383 celebratione
938 2341 1001 2381 non
1023 2321 1061 2383 iis
1082 2325 1208 2384 tantum
1228 2320 1268 2381 ad

180 2434 255 2495 quos
275 2416 421 2495 pertinet,
442 2414 494 2476 sed
513 2414 584 2475 aliis
602 2414 698 2477 etiam
719 2412 880 2476 Fidelibus
900 2413 1005 2475 aditus
1024 2413 1185 2495 pateat.''²

223 2511 251 2569 3.
275 2508 314 2569 In
330 2508 484 2572 Oratoriis
498 2508 630 2588 privatis
645 2507 742 2568 Missa
756 2528 819 2568 non
832 2508 1031 2588 permittitur
1044 2509 1127 2571 hisce
1142 2508 1269 2572 diebus:

181 2604 215 2664 in
239 2602 360 2665 Triduo
384 2622 469 2662 sacro
494 2601 623 2679 majoris
651 2599 881 2676 llebdomadac,
907 2603 940 2663 in
966 2604 1056 2664 sestis
1082 2603 1269 2665 Natiuitatis

181 2695 321 2770 Domini,
339 2694 546 2775 Epiphaniae,
566 2694 737 2761 Pascbatis.
756 2696 964 2769 Ascensionis,
985 2695 1191 2769 pentecostes,
1210 2695 1268 2756 As·

179 2789 379 2869 sumptionis,
394 2787 618 2851 Immaculatae
635 2787 855 2868 Conceptionis
871 2790 906 2851 B.
924 2788 967 2849 M.
985 2789 1035 2863 V,
1052 2789 1269 2852 Solemnitatis

181 2883 212 2946 S.
238 2883 367 2962 Joseph‚
392 2882 543 2943 Omnium
569 2881 767 2957 Sanctorum,
794 2882 849 2943 SS.
876 2881 1100 2962 Apostolorum
1125 2882 1213 2945 Petri
1237 2888 1270 2946 et

181 2976 282 3039 Pauli.
327 2976 371 3038 At
390 2975 550 3050 Sacerdos,
568 2976 618 3037 eui
638 2980 765 3055 propter
784 2975 1001 3038 infirmitatem
1019 2977 1053 3037 in
1074 2975 1193 3039 Sacelle
1212 2996 1268 3040 suo

179 3070 348 3134 domestico
374 3069 488 3133 Missae
512 3068 677 3132 celebratio
703 3069 740 3130 ab
766 3069 946 3149 Apostolica
972 3069 1051 3132 Sede
1075 3070 1267 3145 conceditur,

179 3165 212 3225 in
241 3163 386 3226 omnibus
412 3162 496 3225 hisce
524 3163 613 3225 iestis
646 3164 726 3241 (imo
754 3163 804 3226 die
833 3162 1018 3226 Natiuitatis
1047 3163 1175 3227 Domini
1203 3167 1267 3226 tres

176 3258 304 3335 Missas)
322 3258 356 3318 in
368 3257 474 3320 eedem
488 3256 641 3319 celebrare
654 3258 779 3335 potest.³
824 3257 969 3318 Oratoria
981 3259 1104 3337 privata
1117 3277 1178 3319 non
1193 3261 1268 3318 sunt

179 3350 398 3426 benedicenda,
414 3351 475 3412 nisi
493 3349 628 3430 simplici
647 3350 861 3413 benedictione
879 3350 937 3411 loci
955 3350 1001 3411 vel
1018 3350 1130 3411 domus
1146 3353 1267 3425 nevae,⁴

179 3465 234 3507 nec
253 3449 419 3507 censentur
437 3443 557 3506 violari.

220 3544 248 3600 4.
273 3538 461 3600 Ordinarius
480 3559 517 3601 ex
537 3538 632 3617 justis
652 3542 683 3599 ct
704 3536 942 3598 rationabilibus
963 3539 1063 3598 causis
1085 3539 1267 3618 permittere

179 3638 280 3713 potest
312 3652 368 3712 per
399 3632 526 3693 modurn
560 3636 657 3699 actus,
692 3635 726 3692 ut
761 3629 856 3691 Missa
888 3640 976 3692 extra
1008 3630 1109 3693 locum
1143 3651 1265 3692 sacrum

179 3727 310 3807 privatis
332 3728 363 3788 in
386 3726 513 3788 aedibus
534 3725 706 3787 celebretur
727 3743 788 3784 non
812 3729 916 3785 tamen
939 3725 971 3784 in
994 3724 1136 3786 cubiculo
1157 3723 1209 3786 sed
1232 3724 1265 3784 in

179 3821 245 3883 loco
266 3821 413 3882 decerrti.⁵

221 3919 248 3975 5.
274 3915 344 3976 Mon
359 3915 432 3976 licet
444 3912 598 3976 celebrare
611 3912 643 3972 in
657 3912 723 3972 loco
737 3910 914 3986 interdicto,
929 3932 984 3973 nec
999 3913 1030 3972 in
1045 3912 1186 3975 Ecclesia
1199 3933 1265 3975 cre·

179 4012 262 4071 croto
278 4009 326 4071 vel
341 4009 472 4090 polluto.
517 4005 716 4069 Consecratio
733 4004 889 4068 Ecclesiae
904 4006 1009 4086 petius
1026 4005 1198 4086 parietibus
1213 4004 1265 4067 ad-

216 4218 227 4250 ¹
246 4211 278 4262 D.
299 4212 340 4262 23.
360 4210 424 4260 Jan.
446 4209 521 4269 1899,
540 4225 565 4258 n.
585 4210 661 4259 4007.
785 4215 797 4246 ⁴
816 4209 849 4258 D.
870 4211 894 4259 5.
914 4209 979 4259 Jnn.
1002 4208 1078 4270 1899,
1098 4224 1123 4259 n.
1144 4209 1221 4259 4025.
1243 4210 1267 4258 6.

213 4295 224 4328 ³
244 4290 323 4341 Anal.
341 4289 402 4340 Jur.
421 4288 500 4338 Pont.
520 4287 575 4337 ΙΙΙ.
594 4303 619 4351 p.
638 4287 696 4336 647.
785 4292 797 4322 ⁵
817 4285 843 4336 S.
862 4286 889 4336 Ο.
907 4287 940 4337 de
957 4285 1070 4350 Discipl.
1086 4286 1207 4336 Sacram.
1226 4285 1267 4336 23.

178 4372 206 4418 et
227 4366 253 4417 S.
274 4366 302 4417 C.
324 4366 357 4417 de
377 4364 491 4430 Discipl.
513 4363 632 4415 Sacram.
658 4365 695 4413 ll.
748 4364 810 4415 Dec.
833 4365 905 4414 1912.

176 4446 243 4513 Apr.
264 4444 338 4497 191³.
