2804 4890
340 659 728 716 ANIMADVERSIONES
753 662 999 718 GENERALES.
1156 655 1218 717 209

129 825 401 886 Constitutionum
431 825 697 904 Apostolicarum²
730 833 761 889 ct
791 829 1000 890 communiter
1031 830 1214 891 nominatur

127 914 273 1000 litoreis
296 918 516 982 Clcnrcntino.3

168 1015 196 1074 5.
240 1011 382 1074 Decursu
403 1033 472 1074 vero
492 1012 651 1093 temporis,
669 1015 854 1094 praesertim
873 1015 995 1080 saeculo
1014 1020 1135 1096 quarto,
1155 1016 1215 1077 ista

128 1107 273 1186 Liturgia
298 1106 329 1165 in
353 1106 495 1185 partibus
518 1106 624 1167 minus
646 1108 873 1187 principalibus
896 1108 1084 1185 abbreviata,
1107 1109 1155 1171 uti
1181 1108 1213 1171 S.

130 1200 258 1264 Proclus
288 1204 432 1275 testatur,
466 1202 512 1263 vol
543 1203 710 1262 immutata
741 1206 786 1263 est
817 1202 855 1263 ob
886 1204 1039 1264 servorem
1073 1203 1213 1264 fidelium

128 1295 327 1359 deminutum
357 1294 516 1376 (plurium
539 1294 625 1357 enim
651 1295 798 1358 horarum
824 1296 962 1376 spatium
987 1297 1134 1377 Liturgia
1159 1296 1214 1359 illa

128 1389 359 1468 consumebat),
374 1390 412 1451 oh
427 1388 627 1469 disciplinam
644 1390 945 1452 Catcchumenorum
962 1397 993 1454 et
1008 1390 1214 1471 poenitentia·

128 1485 187 1544 lem
202 1484 360 1564 publicam
374 1483 565 1563 abrogatam,
579 1485 616 1545 oh
631 1484 770 1546 haereses
784 1491 867 1546 ortas
881 1485 1056 1565 expressius
1071 1485 1214 1564 rejicien-

128 1577 192 1651 dae,
214 1577 251 1638 ob
274 1598 354 1639 nora
376 1579 456 1638 festa
477 1577 668 1638 cclebranda.
693 1578 744 1639 Ita
767 1579 905 1642 diricrsac
928 1578 1091 1658 Liturgiae
1113 1579 1214 1658 magis

127 1671 307 1733 efformatae
323 1676 408 1745 sunt,
424 1675 490 1734 tam
507 1671 540 1733 in
557 1671 725 1732 Occidente
742 1691 835 1751 quam
852 1672 884 1733 in
904 1672 1041 1736 Oriente.

169 1768 196 1827 6.
241 1765 326 1839 Quae
344 1765 508 1845 Liturgiac
528 1766 560 1826 in
580 1766 716 1844 quinque
736 1765 846 1826 classes
866 1765 963 1825 dividi
984 1770 1131 1845 possunt:

168 1857 195 1921 Ι.
238 1858 386 1939 Liturgia
405 1859 555 1935 Romana,
574 1859 625 1919 cui
644 1859 757 1920 similis
776 1863 823 1921 est
841 1858 987 1938 Liturgia
1006 1857 1214 1920 Ambrosiana

127 1971 180 2014 scu
195 1951 383 2015 Mediolana.

169 2045 215 2108 II.
258 2046 406 2126 Liturgia
428 2045 593 2126 gallicana,
617 2048 636 2107 i.
661 2067 685 2107 c.
710 2051 831 2107 vetusta
854 2047 913 2108 ista
936 2046 1082 2126 Liturgia
1104 2047 1213 2127 proba·

128 2139 233 2202 biliter
258 2160 295 2201 ex
323 2139 400 2202 Asia
426 2140 542 2204 minori
570 2141 693 2201 invecta
718 2144 750 2200 et
776 2139 884 2200 eadem
911 2139 977 2201 lere
1004 2160 1039 2201 ac
1066 2140 1213 2220 Liturgia

128 2234 318 2296 mozarabico
342 2254 419 2314 quac
443 2236 476 2295 in
501 2233 658 2314 Hispania
680 2253 777 2313 usque
801 2233 840 2293 ad
866 2232 897 2294 S.
923 2233 1111 2313 Gregorium
1134 2233 1212 2294 VII.

128 2327 258 2407 rigebat.

169 2420 233 2482 ΙΙΙ.
277 2422 423 2500 liturgia
440 2421 471 2483 S.
489 2421 588 2482 Marci
603 2440 656 2481 seu
670 2418 894 2481 Alexandrina.

162 2612 408 2665 ²Constitutiones
443 2614 540 2679 Apost.
576 2613 644 2665 veri·
695 2613 919 2664 resurrectionem
954 2613 1110 2679 Liturgiam
1144 2615 1215 2666 ordi-

124 2691 250 2742 similiter
267 2691 433 2756 compositae
449 2696 512 2741 sunt
531 2692 559 2740 in
575 2691 645 2742 Asia
695 2689 802 2752 nasse),
825 2689 1026 2754 Athenagoras,
1050 2691 1216 2755 Theophilus

124 2767 234 2830 minore,
257 2767 320 2816 libri
343 2783 388 2817 sex
410 2767 514 2831 priores
536 2768 642 2817 saeculo
696 2765 746 2829 Ep.
802 2765 938 2829 Antiocn,
993 2765 1020 2816 S.
1076 2766 1214 2831 Irenaeus,

125 2843 214 2905 tertio,
237 2843 306 2893 liber
328 2843 460 2907 septimus
481 2848 509 2894 ct
531 2847 643 2893 octavus
695 2840 817 2892 Clemens
854 2841 939 2905 Alex,
976 2842 1115 2907 Origenes,
1151 2843 1215 2895 Ter-

125 2920 152 2968 in
183 2918 272 2982 Syria,
303 2920 403 2969 saeculi
435 2919 526 2984 qrratti
557 2919 643 2985 priori
696 2917 835 2980 tullianus,
871 2918 1048 2983 Hippolytus,
1084 2919 1214 2972 Novatia-

122 2999 211 3062 parte.
254 2993 367 3059 Syrisce
390 2999 486 3047 extant
510 3010 557 3047 sex
580 2995 646 3046 libri
696 3008 753 3056 nus,
784 2992 811 3043 S.
841 2993 1002 3058 Cyprianus.
1032 2995 1075 3046 Cf.
1105 2995 1153 3046 Dr.
1183 2995 1214 3048 F.

126 3073 237 3136 priores,
255 3072 324 3123 editi
342 3087 390 3138 per
407 3072 524 3123 Paolum
542 3073 575 3124 dc
592 3073 643 3123 La·
695 3070 804 3133 Probst,
829 3069 958 3133 Liturgia
983 3071 1066 3121 trium
1093 3072 1213 3136 priorum

124 3151 216 3213 garde.
696 3147 864 3199 saeculorum
902 3147 1042 3212 (Liturgie
1074 3149 1122 3199 der
1154 3148 1213 3200 drei

159 3226 264 3290 ³Quae
302 3225 394 3277 omnia
430 3226 525 3276 multis
563 3240 642 3290 argn-
693 3228 785 3273 ersten
806 3223 980 3274 christlichen
1001 3223 1214 3287 Jahrhunderte,

123 3303 222 3352 mentis
257 3307 380 3354 recenter
416 3303 533 3367 probata
569 3305 642 3364 sunt,

123 3379 283 3444 praesertim
302 3395 335 3430 ex
354 3394 385 3430 co
405 3379 476 3443 quoti
496 3379 524 3429 S.
544 3378 643 3429 Patres

123 3461 149 3507 et
192 3456 289 3519 reliqui
332 3455 479 3520 scriptores
522 3455 641 3519 priorum

123 3537 282 3596 temporum,
321 3531 440 3582 citantes
478 3531 641 3594 Iliturgim,

123 3609 204 3658 talem
245 3608 464 3657 uniformitatem
505 3607 642 3670 exhibent,

122 3698 191 3747 qnae
212 3685 346 3734 unitatem
368 3683 512 3743 Litnrgiac
533 3697 581 3747 per
602 3689 641 3732 to·

126 3766 181 3810 tam
216 3761 364 3810 Ecclesiam
396 3759 548 3809 necessario
579 3773 640 3823 snp-

124 3837 200 3901 ponit
228 3841 437 3899 constanterque
464 3850 524 3884 cum
552 3834 642 3884 Litnr·

123 3913 170 3974 pia
191 3912 359 3963 Clementiae
382 3912 407 3960 in
431 3911 522 3961 Const.
545 3910 640 3975 Apost.

123 3990 189 4039 mire
216 3990 369 4038 concordat.
415 3989 459 4037 Ad
486 3988 554 4036 hanc
581 4002 641 4051 pro·

124 4065 261 4115 irationem
294 4066 467 4114 arlrlncnntnr
498 4079 521 4113 e.
554 4079 579 4123 e.
612 4063 640 4113 S.

122 4141 244 4190 Clemens
273 4142 357 4197 Rom..
388 4140 414 4190 S.
446 4140 574 4201 igriatins
602 4139 640 4189 ai.

122 4217 258 4275 Antioch,
300 4217 326 4267 S.
369 4218 545 4280 l’olycnrpns,
587 4216 638 4273 hl.;

125 4309 204 4357 porro
225 4300 320 4344 auctor
341 4294 482 4358 Epistolae
503 4294 537 4343 ari
560 4291 641 4353 Diog-

123 4376 225 4433 nctem;
247 4370 274 4421 S.
294 4372 430 4423 ertirma.
450 4372 496 4425 it..
520 4369 578 4433 (qni
598 4383 641 4417 ex·

124 4461 215 4511 presse
248 4451 376 4511 testatur,
409 4446 545 4496 Christum
579 4447 642 4512 post

697 3299 796 3360 1sto);
821 3298 868 3349 Dr.
890 3298 921 3349 G.
944 3298 1056 3361 Biclrell,
1078 3300 1166 3351 Missa
1185 3305 1214 3352 et

695 3375 800 3425 Pascha
854 3375 956 3436 (Messe
1004 3377 1059 3426 und
1107 3376 1215 3428 Pascha

696 3452 796 3513 1872);
832 3451 902 3501 inem
934 3451 962 3500 in
993 3451 1110 3502 Cazetta
1140 3453 1213 3503 theo·

695 3527 783 3590 logica
821 3527 908 3592 oenip.
952 3527 1127 3589 (Zeitschrift
1165 3528 1215 3578 thr

695 3604 861 3654 latholische
882 3603 1028 3668 Theologie
1048 3619 1100 3653 von
1120 3603 1168 3654 Dr.
1190 3605 1213 3656 1.

694 3680 805 3740 Wieser,
827 3680 855 3730 S.
878 3679 915 3741 J,
937 3681 992 3730 und
1014 3680 1062 3731 Dr.
1083 3679 1115 3731 F.
1139 3679 1216 3730 Sten-

694 3758 767 3820 trnp,
783 3755 809 3805 S.
816 3756 852 3818 J,
870 3756 963 3817 1880).
997 3755 1049 3821 Qui
1063 3755 1096 3807 cl.
1112 3755 1217 3808 Biclrell

698 3832 729 3892 (a
743 3831 771 3882 S.
787 3831 920 3883 Pontiflce
935 3832 1025 3884 Leone
1042 3831 1126 3882 XIII.
1142 3846 1217 3898 mag·

695 3923 793 3972 nopere
808 3907 964 3971 laudatus),
978 3907 1048 3958 mira
1060 3907 1214 3960 eruditione

693 3984 785 4034 sarias
804 3984 948 4047 Litnrgias
964 3984 1048 4035 etiarn
1067 3983 1215 4036 orientales

695 4061 721 4108 in
753 4060 855 4124 linguis
885 4061 1067 4123 originalibus
1096 4060 1214 4125 confert,

696 4137 779 4185 ritnm
806 4137 960 4201 paschalem
987 4136 1154 4186 Juoamrum
1182 4153 1214 4189 cx

697 4213 816 4278 ipsorum
842 4214 920 4263 libris
949 4215 985 4273 (e.
1010 4230 1036 4277 g.
1061 4214 1215 4275 blachus),

697 4292 747 4340 imo
763 4307 795 4341 ex
812 4292 1005 4342 reirrstissimis
1021 4293 1215 4359 manuscriptis

693 4366 938 4420 cruit—hlilnster
954 4366 1120 4420 Pastoralbl.
1140 4370 1214 4420 1882.
