2804 4890
424 683 479 741 un
499 683 700 739 snerrsuo
723 682 984 739 spumosum.
1181 671 1244 735 4³7

588 840 703 911 ART.
729 841 801 913 III.

186 1031 235 1082 DE
258 1031 452 1084 BAPTISMO
474 1033 639 1085 AEGBOTI
663 1035 689 1084 A
713 1033 930 1088 SACERDOTE
956 1033 999 1085 IN
1022 1032 1210 1085 PEBIGULO

440 1109 656 1161 IMMINENTI
679 1110 953 1162 CONFERENDO.¹

193 1279 262 1342 275.
284 1281 434 1345 Sacerdos
450 1283 529 1347 stola
544 1284 614 1345 alba
631 1284 772 1359 indutus,
788 1283 932 1344 “omissis
949 1302 1026 1363 quae
1044 1281 1244 1362 Baptismum

152 1375 351 1452 praecedunt,
373 1376 528 1438 inlantem
549 1376 595 1437 rel
615 1375 761 1438 adultum
780 1381 942 1456 aegrotum
963 1375 1098 1456 baptizet
1119 1382 1176 1448 ter,
1196 1372 1243 1435 rel

151 1468 246 1528 etiam
259 1467 352 1530 semel
368 1467 540 1529 infundens
553 1488 665 1548 aquam
679 1488 772 1548 super
784 1474 879 1549 eaput
892 1469 961 1547 ejas
975 1469 1009 1529 in
1023 1466 1151 1527 modum
1165 1464 1243 1526 Cru-

150 1559 204 1633 cis,
223 1559 346 1621 dicens:
365 1560 432 1640 Epo
454 1566 482 1623 te
501 1558 623 1643 bapt-izo
641 1561 675 1624 ia
692 1560 817 1624 aomina
835 1559 953 1634 l'atrie,
970 1564 1007 1636 †
1027 1557 1106 1621 etc.'’

193 1656 220 1712 2.
244 1652 387 1715 “Deinde
401 1654 427 1714 si
442 1654 554 1717 lrabeat
568 1653 724 1729 Chrisma,
737 1653 831 1716 liniat
845 1673 917 1716 eum
932 1653 965 1714 in
980 1651 1105 1729 vertice,
1119 1651 1243 1715 dicens:

151 1745 236 1807 lleas
255 1745 453 1828 orrrrripoteas
473 1745 551 1809 etc.’'

192 1839 326 1901 “Postea
344 1839 400 1902 dat
418 1839 447 1903 ei
466 1838 632 1903 linteolum
650 1838 831 1916 candidum,
849 1839 973 1903 dicens:
992 1837 1108 1922 Accipe
1127 1841 1243 1902 vectem

150 1930 229 1992 ete.’'

192 2024 259 2086 “Ac
277 2024 403 2086 denium
420 2026 475 2088 dat
492 2027 520 2089 ei
537 2045 658 2088 ceream
674 2025 836 2089 candelam
853 2044 1024 2101 accensam,
1042 2025 1165 2089 dicens:
1184 2025 1244 2088 Aa·

151 2116 217 2196 cipe
237 2119 412 2198 lampadam
430 2119 592 2181 ardentem
610 2119 689 2181 etc.”

193 2213 221 2269 3.
245 2208 303 2271 “si
324 2211 542 2290 supervixerit,
563 2211 769 2291 suppleantur
791 2212 845 2273 alii
868 2211 950 2272 ritus
972 2209 1100 2272 omissi'’
1122 2228 1243 2290 praeee-

152 2302 260 2364 dcntes
276 2303 310 2362 in
328 2302 475 2377 Ecclesia,
493 2322 555 2365 non
573 2322 644 2364 vero
660 2304 767 2365 statim
786 2303 820 2365 in
837 2303 929 2366 domo
946 2303 1080 2384 privata,
1095 2302 1157 2363 nisi
1176 2301 1243 2364 fieri

151 2394 248 2471 possit
267 2393 472 2456 conformiter
493 2393 625 2456 Dccrcto
646 2395 739 2457 Cone.
761 2396 849 2457 Pleu.
873 2394 954 2456 Balt.
978 2394 1049 2470 ΙΙ.,2
1072 2394 1118 2456 vel
1140 2393 1243 2456 subse·

152 2486 259 2565 quenti
282 2486 413 2549 Decreto
435 2487 466 2548 S.
489 2486 748 2567 Congregationis
770 2487 802 2548 S,
822 2487 884 2550 off.

194 2583 222 2640 4.
246 2578 378 2639 “Adulti
396 2581 448 2658 qui
465 2586 593 2659 propter
609 2578 826 2640 infirmitatem
842 2586 916 2640 aute
932 2584 1064 2643 mortem
1083 2599 1244 2660 nunquam

151 2671 268 2733 deferri
283 2671 322 2733 ad
338 2670 508 2733 Ecclesiam
522 2673 754 2751 praevideatur,
766 2673 791 2733 si
808 2678 919 2752 petunt
931 2694 950 2734 a
964 2671 1130 2735 Sacerdote
1144 2669 1243 2751 bapti-

152 2766 213 2826 zari
232 2764 329 2839 domi,
347 2764 393 2827 vel
410 2765 475 2843 jam
494 2784 512 2826 a
531 2764 720 2826 Christianis
738 2765 900 2844 baptizati,
917 2771 1031 2845 petunt
1050 2784 1144 2845 super
1161 2766 1244 2845 ipsos

152 2858 360 2920 caeremonias
379 2856 529 2937 suppleri,
549 2856 730 2920 Sacerdotes
747 2863 878 2938 possunt
897 2863 928 2919 et
947 2862 1095 2920 tenentur
1114 2857 1162 2918 uti
1180 2855 1244 2917 illis

151 2950 354 3012 caeremoniis
386 2947 539 3028 [Ritualis
567 2947 716 3028 Romani]
748 2949 860 3030 quibus
888 2953 935 3012 uti
964 2946 1140 3030 possunt.'’³

194 3047 221 3103 5.
246 3041 331 3103 Ordo
351 3041 517 3122 supplendi
540 3042 653 3105 omissa
675 3061 768 3122 super
789 3042 944 3106 infantem
966 3042 1159 3122 baptizatum
1180 3041 1243 3105 vid.

152 3134 329 3214 “Excerpta
349 3155 386 3196 ex
409 3134 472 3196 Hit.
496 3134 606 3196 Rom.”
630 3135 810 3199 immediate
833 3139 903 3216 post
926 3136 1100 3216 “Baptism.
1126 3136 1243 3198 Parru-

152 3225 293 3299 lomm;''
318 3227 363 3289 rel
389 3226 422 3287 in
448 3225 595 3288 Editione
619 3229 723 3307 typica
753 3226 949 3307 (Ratisbon.)
977 3233 1048 3309 post
1071 3227 1243 3290 “Ordinem

153 3318 308 3398 Baptismi
323 3317 537 3381 Adultoruru''
549 3319 717 3382 adnotatus
731 3324 794 3382 tam
808 3340 865 3401 pro
880 3320 1004 3385 infante
1018 3340 1111 3402 quam
1125 3320 1243 3385 adulto.

590 3536 703 3606 ΛΒΤ.
730 3537 795 3608 IV.

427 3706 477 3757 nn
504 3707 697 3759 naearsuo
724 3708 964 3760 anuaaonum.

193 3854 460 3920 trasmundus
486 3856 576 3919 debet
604 3856 691 3937 prius
718 3859 749 3919 iu
776 3857 957 3920 (lutetiam
984 3860 1043 3923 lule
1069 3881 1103 3921 ac
1128 3858 1244 3922 sanctis

153 3949 292 4011 moribus
323 3950 493 4029 diligenter
526 3949 639 4011 instrui
651 3948 680 4022 ;'’
713 3951 895 4030 praesertim
929 3951 1165 4015 “admonendus
1197 3956 1245 4014 est

153 4044 412 4115 Catachumenus
440 4052 477 4103 ut
504 4045 702 4122 peccatorum
730 4062 857 4103 suorum
888 4045 1076 4124 poeniteat.''
1127 4045 1243 4125 Excipe

186 4196 252 4247 101.
272 4196 300 4248 (l.
320 4195 362 4248 Pl.
381 4196 455 4247 Balt.
474 4194 513 4246 11.
532 4212 557 4247 n.
578 4195 637 4246 238.
723 4195 768 4261 qui
787 4195 959 4262 Baptismum
977 4198 1148 4251 desiderant:
1169 4200 1244 4251 adul·

187 4274 244 4324 ²N.
265 4273 323 4324 237.
724 4276 769 4323 tus
795 4276 886 4324 autern
913 4278 1039 4325 censetur
1065 4277 1110 4339 qui
1139 4279 1243 4339 septen·

186 4349 234 4400 ³8.
253 4349 281 4400 C.
301 4348 328 4400 S.
345 4349 401 4400 Off.
423 4352 455 4400 10
473 4350 539 4415 Apr.
561 4351 635 4400 1861.
719 4349 794 4400 nium
825 4351 980 4417 complevit,
1011 4352 1175 4417 regulariter
1205 4352 1241 4404 lo-

181 4426 350 4477 ¹“Poasant
395 4427 541 4492 baptizari,
584 4427 668 4478 etiam
719 4426 863 4490 quenda.”
904 4424 932 4478 S.
955 4426 984 4478 C.
1008 4428 1041 4481 de
1064 4428 1146 4497 Prop.
1170 4426 1242 4482 Η

151 4502 244 4555 invitis
275 4500 444 4568 parentibus,
475 4502 552 4571 pueri
582 4500 669 4555 arlulti
723 4501 805 4556 Mart.
826 4501 900 4557 1703.
