2804 4890
153 603 210 667 196
255 613 308 667 DE
331 610 593 667 ASSISTENTIA
615 610 798 666 EPISCOPI
819 608 870 664 ET
892 607 1042 663 BENED.
1060 608 1216 665 PAPALI.

193 798 220 856 5.
244 793 338 858 Dicto
359 813 413 874 per
435 794 627 875 Episcopum
648 793 896 873 lodulpeotioio,
918 797 976 856 etc.
1009 792 1180 857 Celebrans
1200 812 1242 855 re

152 887 250 949 trahit
264 907 295 946 se
310 888 374 946 (fou
382 886 544 948 sessionem
560 885 723 965 perficiens
738 905 810 946 eum
826 885 963 945 ltiueono
977 891 1008 946 et
1025 883 1239 955 Subdiaeono;

152 981 325 1060 Episcopus
349 1000 429 1053 vero,
453 987 538 1041 stans
563 981 596 1040 in
619 980 725 1041 eodem
750 980 826 1052 loco,
850 978 1088 1042 Confessionem
1110 976 1240 1040 absolvit

148 1096 219 1138 cum
240 1075 429 1136 Diarumibus
448 1075 699 1136 assistentibus.²
742 1073 861 1136 Deinde
882 1073 1057 1152 Episcopus
1075 1093 1148 1135 eum
1167 1071 1240 1133 Dia·

151 1168 236 1230 conis
254 1168 354 1229 assist.
374 1167 412 1228 ad
433 1168 580 1229 thronum
604 1167 771 1229 reuertitur
789 1171 821 1228 et
840 1166 937 1227 Missa
955 1165 1131 1229 celebratur
1149 1165 1239 1229 modo

148 1268 305 1337 consueto,
329 1263 465 1342 exceptis
490 1263 706 1341 sequentibus:

193 1355 243 1418 Ad
274 1376 380 1417 omnes
412 1357 663 1417 incensatioues³
695 1356 869 1436 Episcopus
900 1357 1061 1418 incensum
1094 1355 1239 1436 imponit,

149 1453 333 1530 Presbytero
347 1453 472 1512 ussist.⁴
489 1451 664 1512 ruiriculain
681 1452 846 1530 praebente
854 1471 864 1528 3
879 1453 1059 1539 incensatur
1075 1451 1241 1515 Celebrans

149 1567 204 1626 per
224 1546 398 1606 Diaconum
420 1547 485 1607 nr.⁵
507 1545 626 1625 duplici
647 1545 762 1621 diu·tu;
783 1551 859 1608 tuuc
880 1547 1054 1627 Episcopus
1075 1566 1132 1627 pcr
1154 1547 1240 1608 Pres-

151 1639 294 1717 byterum
330 1639 429 1701 assist.
468 1639 568 1701 tribus
604 1639 768 1715 ductibus;
806 1645 875 1719 post
913 1639 1119 1719 Evangelium
1157 1638 1240 1700 solus

150 1735 322 1814 Episcopus
346 1736 534 1797 incensatur.
581 1736 754 1816 Episcopus
778 1735 843 1798 loco
868 1735 1063 1796 Celebrantis
1086 1734 1242 1796 benedicit

154 1826 386 1890 Subdiaconum
406 1833 477 1908 post
498 1829 673 1908 Epistolem
694 1831 787 1904 eant,
809 1828 984 1889 Diaconum
1005 1838 1079 1889 ante
1100 1826 1241 1906 Evange-

149 1922 238 1996 lium‚
261 1925 292 1985 et
316 1922 591 1997 Concionatoreru;
615 1925 691 1986 item
714 1943 826 2004 aquam
850 1943 921 1984 cum
944 1921 1016 1983 vino
1040 1922 1243 1997 miscendam,

152 2014 228 2075 duni
245 2014 460 2076 Subdiaconus
475 2016 513 2077 ad
531 2016 640 2078 Altare
656 2017 688 2077 in
704 2037 802 2078 cornu
817 2016 977 2096 Epistulae
992 2035 1098 2077 versus
1115 2014 1241 2095 Episco

150 2129 223 2188 pum
258 2110 429 2189 ampullam
461 2111 611 2173 elevatam
644 2115 729 2175 tenet
762 2112 884 2173 diceus:
935 2109 1116 2173 Benedictio
1147 2110 1244 2172 Pater

151 2203 429 2277 reverendissime,
469 2203 642 2284 Episcopus
680 2204 837 2267 benedicit
874 2203 996 2265 dicens:
1035 2204 1077 2266 lu
1114 2202 1242 2267 notitiae

151 2296 267 2370 Patr-is,
289 2300 361 2363 ete.⁶
404 2299 578 2380 Episcopus
601 2299 760 2362 osculatur
784 2299 1003 2379 Evangelium,
1025 2298 1081 2361 dat
1103 2298 1247 2363 benedic-

153 2391 270 2453 tionem
291 2391 321 2451 iu
341 2392 402 2453 fine
421 2392 543 2452 Missae.

193 2490 220 2547 6.
245 2486 434 2549 desistentes
462 2487 500 2547 ad
532 2487 679 2547 tlrrouum
710 2492 794 2548 stant
824 2487 947 2565 qiraudo
977 2486 1151 2565 Episcopus
1181 2491 1244 2548 stat

152 2586 205 2640 aut
228 2579 336 2641 sedens
360 2580 436 2658 legit
456 2579 502 2640 rel
524 2578 644 2657 aliquid
666 2578 830 2640 benedicit.
876 2578 1049 2658 Episcopus
1071 2578 1105 2639 in
1128 2577 1244 2640 throno

151 2676 261 2737 recitat
296 2696 333 2738 cr
370 2675 489 2735 Missali
532 2675 621 2746 (cum
657 2674 801 2752 candela)
845 2672 1029 2743 lutroitum,
1066 2673 1243 2753 Epistolam

159 2766 244 2845 (post
266 2774 393 2829 cautum
418 2766 608 2846 Epistulae),
631 2765 787 2827 Graduale
808 2770 876 2840 ete,
901 2764 1118 2845 Evangelium,
1142 2765 1244 2828 Ollcr-

154 2860 269 2920 toriurn
302 2868 331 2922 et
365 2861 635 2921 Cornmunioucm.
681 2859 802 2921 llecitat
834 2859 1015 2920 memoriter
1052 2860 1104 2936 (1)
1141 2859 1243 2940 Kyrie

153 2952 264 3015 eleison
287 2953 455 3023 utilioris,
482 2955 534 3033 (2)
560 2954 670 3025 Credo,
697 2952 749 3031 (3)
776 2954 921 3025 Sanetus,
947 2952 1000 3032 (4)
1025 2953 1137 3032 Apono
1156 2954 1243 3017 Dei!

187 3112 250 3161 2D.
272 3114 348 3163 3213.
371 3116 394 3164 8.
722 3115 810 3163 culum
853 3119 917 3165 ante
960 3115 1089 3182 Episcopi
1132 3118 1245 3185 faciem,

186 3194 198 3225 ³
220 3189 368 3253 Episcopus
425 3191 580 3242 incensatur
634 3193 669 3242 ad
727 3229 733 3239 .
759 3230 765 3239 .
791 3230 796 3240 .
818 3192 910 3241 dicunt
927 3208 985 3242 eum
1003 3194 1139 3260 Episcopo
1155 3195 1246 3256 auree

151 3264 307 3326 Introitum,
339 3271 400 3330 post
433 3268 610 3331 Evangelium
642 3274 670 3319 et.
721 3265 831 3329 eleison,
856 3271 907 3319 ete.
931 3272 960 3320 et
985 3271 1135 3323 successive
1160 3272 1247 3337 Hym-

151 3342 185 3391 ad
205 3341 390 3393 Offertorium.
722 3358 784 3391 num
806 3344 975 3408 sigericum,
998 3346 1091 3396 Gloria
1110 3347 1138 3395 iu
1159 3349 1244 3399 excel-

187 3424 197 3456 ⁴
219 3419 311 3467 l'resb.
327 3434 378 3469 ass.
396 3424 457 3484 post
472 3421 668 3471 confessionem
722 3419 759 3467 sis
773 3418 830 3469 Deo
843 3424 894 3471 etc.
913 3460 919 3472 .
943 3460 949 3471 .
973 3459 979 3472 .
1009 3422 1067 3487 Quo
1081 3423 1168 3489 linito,
1183 3440 1245 3492 pro·

151 3495 288 3547 ordinarie
315 3501 356 3545 cst
384 3512 467 3561 prope
495 3497 571 3546 Diae.
600 3512 666 3559 ass.;
723 3497 836 3547 ducente
859 3512 939 3562 super
961 3513 1007 3548 eos
1031 3500 1166 3566 Episcopo
1188 3502 1243 3567 sig-

151 3576 233 3621 antco
252 3574 309 3623 loco
329 3587 403 3623 conv.
722 3587 784 3620 uum
810 3573 903 3622 (noeis
932 3613 937 3624 .
971 3614 976 3624 .
1011 3615 1016 3625 .
1047 3577 1177 3642 factaque
1203 3580 1242 3628 illi

187 3650 262 3699 ⁵Ab
289 3648 387 3698 osculis
414 3651 511 3712 solitis,
537 3666 559 3700 e.
588 3666 613 3713 g.
642 3652 669 3699 in
722 3652 747 3697 et
774 3649 864 3700 Alteri
890 3652 1043 3703 reverentia
1067 3655 1181 3705 redeunt
1207 3658 1244 3707 ad

152 3730 279 3790 patenam
312 3727 352 3775 rel
385 3727 552 3775 thuribulum
585 3727 669 3790 porri·
724 3725 779 3773 loeo
798 3725 885 3775 sua.''
921 3727 997 3778 (laer.
1019 3729 1068 3794 Ep.
1088 3729 1110 3779 Ι.
1130 3733 1171 3781 21.

151 3803 247 3863 pendo,
271 3803 406 3852 Diacoiius
427 3818 531 3851 cessure
553 3817 604 3851 non
627 3804 669 3853 de·
759 3801 796 3849 Ar
842 3804 892 3852 soli
929 3804 1056 3855 Canonici
1105 3807 1244 3860 Ecclesiae

152 3878 205 3927 bct.
246 3879 277 3928 D.
299 3880 374 3928 3059.
397 3881 419 3928 2.
722 3880 895 3943 cathedralis,
921 3898 971 3930 nou
997 3888 1087 3935 autem
1111 3886 1241 3936 Canoniei

187 3955 251 4004 ⁶1).
278 3956 319 4004 27.
346 3956 409 4004 dou.
439 3956 514 4017 lusa,
540 3971 565 4004 n.
593 3956 669 4005 3569.
726 3955 860 4007 Ecclesiae
887 3960 1057 4021 collegiatae.
1084 3978 1168 4027 neque
1193 3965 1241 4015 alii

152 4033 175 4080 2.
722 4033 881 4097 «pileumque
904 4036 1060 4100 Presbyteri
1083 4046 1129 4090 urit
1151 4043 1241 4091 clerici

188 4112 198 4144 7
219 4108 351 4170 “Qumer
372 4108 464 4156 circuli
490 4108 557 4156 bunt
584 4147 590 4158 .
621 4146 627 4158 .
659 4147 665 4159 .
722 4109 837 4159 circulos
860 4119 923 4162 aute
949 4115 1119 4181 Episcopum,
1143 4119 1243 4170 lialrerc

153 4184 280 4232 t'orrouiei
314 4184 482 4233 ‹liscedeutcs
513 4185 548 4234 ab
579 4200 669 4233 eorum
724 4186 830 4236 debent.
866 4189 911 4239 (l).
943 4193 1026 4251 4()6);
1059 4209 1144 4258 nequ(-
1174 4197 1241 4245 flunt

152 4260 291 4315 sedilibus,
317 4262 466 4324 procedunt.
492 4262 526 4310 rul
554 4262 669 4310 medium
723 4268 787 4310 riute
811 4265 971 4330 Episcopum
994 4270 1107 4332 pluviali
1130 4287 1181 4320 nou
1206 4274 1230 4321 iu

152 4337 234 4393 ebori,
258 4336 342 4385 foetis
366 4338 464 4393 ditari,
486 4343 512 4386 et
537 4339 670 4403 Episcopo
724 4340 817 4388 dutum
842 4341 896 4403 (ne
917 4343 1014 4407 llerdl,
1035 4347 1114 4398 l'rax.
1137 4348 1241 4400 Pontis.

154 4413 319 4473 reverentiis,
343 4420 367 4463 et
393 4430 421 4462 se
444 4414 542 4463 sistunt
572 4416 596 4463 iu
621 4415 669 4463 cir·
727 4415 746 4464 l.
773 4417 847 4477 lto).
