2804 4890
148 649 210 708 510
260 658 313 713 DE
335 660 475 716 senex.
502 658 608 715 Pasx.
634 658 914 716 sscsxnanxls
938 658 1132 717 ansam.

192 830 220 886 2.
244 824 358 898 Quaeri
381 830 493 906 potest,
517 847 596 889 num
619 827 726 888 concio
750 827 873 906 integra
895 827 939 890 sit
961 824 1126 889 scribenda
1150 825 1249 892 etad

150 917 288 993 verbum,
301 925 356 980 aut
371 920 383 998 j
388 924 462 979 uxta
478 938 604 981 sensum
618 923 650 981 et
664 919 809 982 ordinem
822 919 973 983 materiae
987 923 1115 982 tantum
1128 938 1250 982 memo

150 1010 214 1071 riae
243 1010 433 1087 mandanda,
462 1032 503 1072 an
533 1012 717 1091 praecipuae
747 1016 852 1091 partes
888 1011 1081 1092 c‘punetu'p
1116 1016 1249 1075 tantum

150 1102 347 1165 annotandae
365 1109 396 1165 et
416 1103 627 1183 disponendae
646 1104 720 1166 sint.
762 1103 1037 1184 Respondendum,
1056 1104 1090 1167 id
1109 1103 1251 1186 pendere

150 1213 169 1256 a
187 1195 327 1275 cujusvis
347 1193 462 1272 indole,
480 1215 499 1258 a
517 1200 657 1275 tempore
674 1195 781 1258 aliisve
799 1195 1056 1259 circumstantiis.
1097 1197 1143 1261 At
1164 1204 1250 1260 certe

151 1285 346 1349 suadendum
365 1292 422 1362 est,
442 1293 477 1349 ut
496 1308 552 1368 per
571 1292 589 1347 5
610 1289 658 1350 vel
680 1292 717 1349 10
737 1289 802 1351 fere
821 1307 920 1351 annos
938 1289 1058 1370 priores
1078 1288 1250 1352 sacerdotii

150 1380 328 1442 consciones
356 1380 496 1460 integrae
522 1399 579 1459 pro
605 1399 694 1461 posse
720 1379 909 1457 scribantur,
933 1382 993 1444 etsi
1020 1381 1059 1445 ob
1085 1379 1250 1444 defectum

152 1473 302 1552 temporis
324 1493 386 1534 non
408 1491 529 1552 semper
550 1474 730 1535 memoriter
752 1472 848 1537 edisci
870 1474 1000 1554 possint.

194 1568 222 1625 3.
246 1564 389 1627 “Selecta
409 1567 441 1627 et
463 1569 648 1645 praeparata
671 1565 802 1627 materia
824 1566 983 1628 concionis
1004 1566 1048 1629 sit
1068 1567 1147 1642 loeo,
1170 1571 1251 1627 tem·

151 1657 219 1736 pori
237 1661 269 1719 et
284 1655 482 1719 auditoribus
500 1656 741 1719 accommodata.
783 1657 958 1721 Exordium
975 1678 1039 1721 non
1057 1658 1102 1721 sit
1117 1658 1252 1740 vulgare

152 1767 327 1823 commune,
352 1748 491 1828 lengum,
516 1748 568 1810 sed
593 1749 693 1825 breve,
718 1750 893 1830 proprium,
917 1750 999 1831 quod
1022 1751 1135 1813 reddat
1157 1750 1251 1812 audi·

153 1848 252 1902 torem
274 1844 442 1917 attentum,
462 1840 596 1904 docilem
617 1845 648 1904 et
670 1841 935 1904 benevolum-A
955 1842 1037 1906 thesi
1058 1863 1112 1906 seu
1133 1862 1253 1924 genere

153 1931 295 2012 proximo
327 1952 399 1994 mox
430 1933 633 2013 progreditur
665 1936 771 1997 orator
802 1954 888 1998 sacer
917 1934 958 1997 ad
990 1935 1253 2016 propositionem,

153 2045 231 2105 quae
252 2024 405 2087 claritatis
426 2029 458 2088 et
478 2025 635 2103 juvandae
655 2026 824 2089 memoriae
844 2028 947 2108 gratia
968 2029 1003 2090 in
1023 2031 1127 2109 partes
1148 2027 1253 2090 ferme

154 2118 187 2179 in
206 2117 418 2197 propositione
438 2118 504 2196 jam
524 2121 686 2180 contentas
706 2117 911 2180 dividatur.''¹
952 2119 1023 2182 Etsi
1043 2118 1116 2183 talis
1135 2119 1253 2183 divisio

154 2209 200 2273 vel
229 2209 393 2289 dispositio
421 2230 484 2271 non
514 2230 635 2290 semper
662 2212 751 2291 prius
779 2211 964 2274 annuntiari
992 2211 1112 2287 debeat,
1141 2215 1252 2276 tumen

154 2302 332 2365 virtualiter
347 2303 380 2364 in
394 2302 587 2382 expositione
603 2303 731 2365 omnino
748 2303 846 2365 inesse
859 2302 958 2366 debet.
996 2304 1112 2367 Unitas
1125 2309 1159 2367 et
1173 2304 1253 2369 ordo

155 2396 186 2455 iu
205 2396 312 2475 quavis
330 2395 409 2456 bona
424 2396 572 2456 concione
587 2393 795 2457 essentialiter·
813 2396 1026 2475 requiruntur.
1066 2397 1098 2458 S.
1116 2396 1253 2459 Carolus

152 2487 259 2549 docet:
281 2486 521 2567 “Quaecumque
541 2487 580 2548 ad
603 2485 771 2548 dicendum
792 2487 843 2567 pie
864 2486 1032 2550 meditatas
1051 2491 1108 2565 est,
1130 2489 1178 2551 sa
1201 2491 1253 2553 di·

152 2580 266 2641 allecte
291 2580 457 2659 partiatur,
480 2583 516 2640 ut
540 2578 699 2640 auditores
721 2580 826 2640 omnia
848 2584 879 2641 et
904 2580 996 2643 facile
1019 2579 1198 2661 percipiant
1219 2587 1254 2645 et

155 2674 304 2734 memoria
320 2676 464 2746 teneant3
479 2692 539 2750 quo
554 2672 706 2749 majorem
722 2671 794 2732 inde
809 2673 950 2733 fructum
964 2690 1073 2752 capere
1088 2673 1253 2752 queant.’·'²

196 2769 225 2826 4.
249 2765 432 2826 “Peroratio
454 2784 506 2826 seu
531 2763 672 2843 epilogus
697 2763 819 2843 potiora
841 2765 992 2826 orationis
1016 2785 1120 2828 sacrae
1145 2767 1253 2845 capita

157 2863 275 2937 repetat
293 2866 322 2919 et
341 2856 488 2917 affectum
508 2856 706 2917 inconcione
726 2856 876 2935 primario
896 2855 1088 2919 inculcatum
1106 2857 1253 2919 firmissi-

155 2969 241 3011 mum
263 2948 372 3010 reddat
389 2947 543 3026 simulque
562 2948 599 3009 ed
619 2949 833 3010 executionem
852 2968 970 3023 eorum,
989 2954 1161 3029 quaesunt
1180 2969 1253 3029 pro

156 3042 267 3120 posita,
290 3039 498 3101 efficacissime
520 3039 662 3119 urgeat.’'

198 3138 225 3195 5.
249 3134 387 3193 “Parum
415 3134 554 3194 srnclrnn
582 3153 706 3212 sperare
732 3133 847 3212 poterit
874 3153 930 3196 nec
957 3131 1055 3196 officio
1081 3133 1254 3201 satisfacit.

155 3227 208 3306 qui
226 3225 348 3288 obviam
368 3225 594 3296 materiamen
613 3224 747 3304 (prodam
765 3229 890 3287 anctore
908 3225 1074 3290 memoriae
1093 3246 1253 3288 commen·

155 3319 272 3390 datam,
295 3316 459 3379 declamat.
504 3317 658 3379 Poterant
680 3316 805 3396 quidem
830 3315 968 3379 subsidia
991 3338 1029 3380 ex
1051 3316 1142 3380 libris
1164 3321 1253 3398 peti:

155 3412 206 3474 sed
232 3416 267 3472 ut
289 3431 360 3471 eum
383 3409 490 3471 fructu
513 3411 582 3489 quis
606 3409 688 3471 (licat
713 3409 749 3470 ad
776 3409 938 3489 populum,
960 3410 1170 3472 necessarium
1192 3414 1253 3475 est.

155 3509 189 3565 ul
212 3504 343 3566 dicenda
364 3506 394 3564 et
417 3501 543 3582 proprio
565 3507 596 3563 et
619 3500 726 3581 populi
748 3502 840 3579 genio
860 3500 1144 3577 accommodentur,
1166 3505 1252 3584 quod

154 3597 268 3676 absque
288 3596 389 3658 labore
409 3599 440 3656 et
459 3591 564 3654 studio
584 3592 738 3673 nequit.'’³
1265 3605 1269 3616 ·

197 3696 224 3749 6.
249 3687 364 3749 Coneio
384 3687 468 3747 infru
488 3685 616 3746 Missam
638 3686 768 3748 liabetur
786 3690 856 3766 pest
874 3685 1106 3765 Evangelium.⁴
1147 3686 1192 3751 At
1213 3689 1254 3751 de

154 3801 304 3845 consensu
324 3777 485 3840 Ordinarii
507 3776 656 3838 Sacerdos
676 3779 706 3839 in
727 3778 824 3840 blissa
842 3781 1006 3858 postquam
1025 3797 1057 3841 se
1074 3782 1253 3843 communi-

154 3874 235 3936 cavit
258 3878 288 3935 et
312 3872 494 3951 priusquam
518 3869 779 3931 Communionem
802 3868 1000 3933 adstantibus
1022 3870 1188 3936 distribuit
1214 3876 1255 3938 ab

154 3967 248 4029 altari
268 3984 441 4029 sermonem
462 3962 501 4024 ad
524 3961 674 4042 populum
697 3962 808 4024 habere
830 3963 956 4043 potest.⁶

185 4124 298 4183 ¹Sutor‚
315 4139 340 4188 p.
357 4122 417 4171 462.
723 4117 782 4183 lpse
833 4119 963 4170 ascendat
1013 4121 1050 4173 ad
1090 4120 1250 4186 pulpitum:

187 4200 273 4250 2Act.
287 4199 360 4250 bled.
374 4212 400 4263 p.
414 4197 474 4247 550.
723 4209 807 4256 secus,
852 4195 1021 4260 manipulum
1064 4197 1175 4248 tantum
1222 4200 1252 4251 in

186 4280 197 4313 ³
210 4274 302 4335 Sutor,
318 4290 344 4339 p.
361 4272 419 4322 463.
724 4271 824 4321 Altari.

186 4349 389 4400 ⁴(loncionator
411 4347 530 4412 deponat
553 4347 673 4397 casulam
759 4346 814 4397 ⁶1).
837 4347 914 4398 305⁹.
936 4348 977 4401 10.

151 4432 178 4478 et
209 4424 377 4490 manipulum
408 4421 442 4474 ad
473 4436 620 4484 scamnum,
650 4422 672 4472 si
