2804 4890
517 700 570 762 DE
592 701 753 764 CANONE
775 704 933 764 MISSAE.
1226 699 1266 763 91

178 877 224 942 rel
245 899 455 956 communem,
476 884 513 942 ut
535 885 658 961 tempus
681 879 843 961 requirit.'’
888 880 1067 944 Inclinatur
1089 882 1129 944 ad
1152 902 1265 945 nomen

178 974 269 1036 Jeaus
286 981 319 1036 et
335 974 447 1046 llario,
466 996 529 1036 non
546 996 616 1037 vero
634 974 673 1036 ad
690 976 753 1038 Por
770 975 932 1038 Christum
950 977 1143 1049 Dominum·
1159 976 1266 1038 distri·

179 1066 299 1130 buenda
320 1074 395 1129 sunt
415 1068 488 1130 haec
509 1069 581 1143 tria,
601 1088 664 1129 non
684 1068 756 1144 duo,
776 1069 932 1132 membra:
953 1068 1088 1132 Domine
1107 1074 1267 1141 sancte,—

178 1161 273 1223 Pator
294 1163 669 1243 omnipotens—aeterne
691 1164 786 1226 Doris.

217 1255 321 1316 “Cum
344 1255 438 1317 dicit:
463 1258 608 1329 Societas,
632 1258 751 1337 junctis
775 1263 848 1321 ante
870 1261 978 1339 pectus
1002 1255 1178 1333 manibus‚’'
1202 1276 1265 1318 non

179 1367 248 1412 reru
262 1369 357 1429 super
373 1350 482 1412 Altare
498 1350 657 1431 depositis,
674 1353 726 1413 “et
743 1351 944 1427 inclinatua,''
961 1352 1110 1415 mediocri
1128 1351 1266 1432 corporis

179 1441 391 1518 inclinatione,
405 1444 497 1506 “voce
510 1444 658 1506 mediocri
672 1447 881 1525 prosequitur,
894 1446 1040 1509 ministro
1055 1446 1182 1508 interim
1196 1463 1265 1525 par·

178 1555 244 1597 vam
261 1538 479 1616 campanulum
496 1538 649 1617 pulsante.
695 1538 775 1599 Cum
792 1539 887 1600 dicit:
904 1538 1093 1602 Benedictus
1110 1540 1164 1620 qui
1180 1538 1264 1602 venit

178 1629 211 1690 io
229 1631 355 1693 nornine
375 1631 516 1702 Domini,
535 1637 592 1692 etc.
613 1632 707 1711 erigit
728 1652 768 1708 se,
789 1636 819 1694 et
838 1632 964 1711 signum
985 1631 1095 1694 Crucis
1114 1631 1174 1695 sibi
1194 1652 1264 1713 pro

178 1721 261 1784 ducit
281 1743 300 1785 a
319 1725 424 1786 fronte
442 1723 481 1786 ad
501 1724 639 1803 pectus.’'

596 1910 708 1980 ΛΒΤ.
734 1910 842 1980 VIII.

217 2045 264 2094 aa
293 2044 446 2094 caseus:
474 2043 612 2093 MISSAE
641 2044 763 2108 riscus
792 2044 842 2095 sn
871 2043 1221 2097 cossacasrrousu.

216 2159 264 2223 56.
288 2160 419 2223 “Finita
437 2161 647 2233 Praelatioue,
665 2167 701 2223 ut
718 2181 823 2241 supra.
842 2161 991 2223 Sacerdos
1007 2169 1093 2224 stans
1111 2166 1184 2223 ante
1200 2178 1262 2221 me

175 2254 261 2314 (lium
276 2255 397 2315 Altaris
413 2275 515 2315 sersus
530 2254 568 2315 ml
586 2253 695 2328 illuil‚''
709 2255 850 2316 ‹lextmm
865 2255 1005 2334 deponit,
1020 2257 1148 2316 sinistra
1162 2256 1263 2335 aperit

178 2348 287 2408 lolium
308 2349 455 2419 Canania,
476 2368 587 2408 uranus
606 2348 734 2426 juugIt,¹
759 2347 830 2409 (lein
852 2348 1014 2410 “extendit
1033 2355 1064 2410 et
1085 2350 1262 2428 aliquantu-

175 2440 240 2502 lum
261 2441 360 2503 elevat
382 2461 493 2502 luanus
514 2441 672 2521 oculisque
692 2440 818 2502 elevatis
840 2442 878 2502 ad
903 2441 1014 2514 Deum,
1036 2447 1068 2503 et
1088 2443 1155 2503 sine
1176 2461 1263 2505 mora

175 2534 281 2597 devote
304 2535 457 2610 demissis,
479 2555 514 2596 uc
535 2533 679 2595 manibus
701 2535 820 2615 junctis
841 2538 873 2596 et
895 2554 989 2614 super
1010 2534 1119 2597 Altare
1142 2536 1263 2615 positia,

175 2628 330 2708 profunde
358 2627 548 2690 inclinatus'’
575 2648 712 2708 corpore,
739 2632 815 2689 tunc
842 2632 873 2690 et
900 2648 963 2689 non
989 2629 1101 2708 prius,²
1128 2629 1263 2710 “Incipit

174 2723 343 2795 l'anonem,
360 2727 476 2785 secreto
494 2722 616 2783 dicens:
636 2724 678 2784 Te
698 2722 805 2801 ipitur,
822 2727 879 2785 etc.
897 2723 983 2784 utin
1002 2722 1121 2787 Ordine
1139 2723 1261 2786 Missae.

174 2816 254 2878 Cum
266 2818 362 2879 dicit:
379 2816 437 2879 Uti
448 2821 575 2898 occepta
587 2818 699 2879 habeus
712 2821 742 2879 et
756 2815 928 2891 benedicas,
941 2815 1021 2880 etc.'’
1034 2823 1105 2899 post
1118 2817 1265 2900 petimus,

174 2909 238 2969 sine
257 2909 412 2972 erectione
431 2910 569 2989 corporis
588 2929 699 2970 manua
720 2910 868 2988 utrisque
887 2914 975 2971 extra
994 2911 1152 2990 corporale
1173 2912 1263 2989 ponit

172 3010 264 3083 atque
280 3007 357 3064 tunc
373 3002 482 3082 “priua
498 3003 657 3066 osculatur
673 3002 782 3064 Altare
800 3003 833 3063 in
850 3002 964 3078 medio,
980 3002 1093 3065 deinde
1109 3005 1203 3084 erigit
1220 3024 1262 3077 se,

172 3101 204 3156 et
226 3100 290 3159 stat
311 3096 431 3174 junctis
455 3095 601 3158 manibus
623 3101 696 3160 ante
720 3100 837 3176 pectus.
883 3095 964 3157 Cum
987 3096 1083 3159 dicit:
1109 3099 1197 3161 Haec
1222 3100 1259 3174 l—

173 3189 261 3258 riona,
277 3191 352 3251 liceo
366 3192 403 3266 4-
419 3210 559 3261 munero,
573 3191 768 3253 locosancto
783 3193 820 3266 l—
834 3190 997 3270 sacrificio,
1011 3190 1121 3252 dextra
1132 3192 1260 3268 manu‚''

173 3285 300 3346 ¹sinistra
325 3302 419 3363 super
443 3281 552 3346 Altare
576 3283 688 3363 posita,
713 3283 838 3362 “signat
863 3288 912 3345 ter
935 3284 1145 3345 communiter
1169 3302 1262 3362 super

173 3378 305 3439 hostiam
333 3382 365 3439 et
392 3376 527 3440 calicem.
573 3376 694 3439 Deinde
721 3379 856 3440 extensis
883 3377 1028 3439 manibus
1055 3381 1127 3438 ante
1154 3381 1261 3457 pectus

173 3473 386 3552 prosequitur:
409 3471 449 3534 lu
469 3471 582 3552 primia
604 3491 681 3552 quac
704 3471 763 3533 tibi
785 3472 955 3550 offerioirm,
979 3471 1059 3534 eti-J’

214 3568 240 3624 2.
264 3564 348 3623 “Ubi
373 3564 468 3625 dicit:
495 3564 566 3625 Una
589 3585 659 3624 cirin
682 3565 802 3644 scriniolo
829 3570 880 3626 tuo
905 3566 992 3644 l’opo
1014 3567 1120 3626 nostro
1145 3564 1186 3627 N.
1210 3581 1260 3623 ex-

173 3659 281 3735 primit
305 3677 420 3718 nomen
447 3656 567 3735 Papae;
595 3656 674 3719 Seile
699 3661 803 3718 autem
831 3663 958 3718 vacante
985 3657 1075 3717 verba
1101 3656 1260 3736 praedicta

172 3752 373 3813 ‹iniittuntun
418 3749 482 3811 Ubi
503 3747 631 3824 dicitur,
651 3755 680 3812 et
700 3750 854 3812 Aritiatite
876 3756 981 3812 nostro
1002 3750 1043 3813 N.
1064 3750 1261 3829 specificatur

171 3864 282 3905 nomen
307 3844 519 3915 Patriarcliae‚
543 3843 788 3924 Archicpiseopi,
810 3844 857 3905 vel
881 3843 1026 3923 Episcopi
1050 3843 1203 3904 ordinarii
1226 3842 1260 3903 in

172 3938 296 4017 propria
320 3935 491 4012 Dioeccsi‚''
515 3937 549 3997 in
572 3957 632 4016 qua
654 3937 837 4005 celebratur.
860 3937 1001 4016 quamvis
1024 3937 1165 3997 nondum
1188 3956 1260 4000 con·

171 4036 306 4093 sacratus
322 4032 364 4093 sit
382 4031 565 4110 Episcopus
581 4030 673 4091 modo
688 4051 704 4092 a
723 4030 753 4090 S.
772 4030 850 4092 Serlc
867 4031 908 4091 sit
924 4030 1136 4101 confirmatus,
1152 4034 1183 4092 et
1199 4050 1260 4109 qua

172 4122 241 4184 talis
256 4124 480 4204 possessionem
495 4123 651 4186 Ecclesiae
666 4124 782 4203 ceperit
798 4144 852 4203 per
867 4144 899 4185 sc
915 4124 1017 4203 ipsum
1034 4123 1079 4185 vel
1098 4143 1260 4202 persuum

172 4217 445 4294 procuratorem;⁸
472 4239 488 4280 e
515 4221 624 4279 contra
651 4238 713 4278 non
741 4217 931 4295 exprimitur
957 4236 1071 4278 nomen
1098 4214 1260 4278 Adminis-

207 4341 324 4393 ¹Jnxta
346 4342 416 4392 altos
439 4357 492 4392 non
515 4340 610 4406 jungit
634 4355 688 4392 ma·
739 4340 890 4391 elevatione
926 4355 1054 4392 manuum
1091 4338 1189 4404 incipit
1226 4341 1263 4393 To

172 4432 228 4468 nus.
252 4419 295 4469 Cf.
311 4420 396 4469 Bubr.
413 4418 477 4470 om.
494 4419 603 4469 Minoae.
740 4417 833 4476 ἠοίων.

205 4495 321 4547 ²Juxta
353 4497 482 4561 quosdam
515 4496 594 4545 simul
628 4511 688 4545 cum
775 4492 838 4543 ³1).
856 4493 933 4544 3500.
950 4493 975 4544 2.
