2804 4890
150 671 170 731 2
553 681 837 737 INTRODUCTIO.

154 853 340 916 movendam
364 853 545 918 immediate
568 857 711 933 spectant
734 857 928 915 sacramenta
951 860 983 916 et
1006 855 1241 918 sacramentalia

154 967 189 1009 ae
210 947 347 1028 reliquae
367 948 545 1010 functiones
565 946 797 1009 ecclesiasticae.

197 1044 226 1104 3.
249 1040 387 1103 Proinde
402 1041 549 1121 Liturgia
564 1060 650 1102 saera
667 1041 700 1101 in
717 1044 780 1102 tres
796 1044 900 1122 partes
916 1042 1071 1104 dividitur
1081 1063 1131 1102 :-

236 1134 262 1196 Ι.
286 1135 333 1198 De
354 1134 514 1197 Sacrificio
535 1134 658 1197 Missae.

216 1228 262 1290 II.
287 1228 333 1291 De
348 1228 455 1290 Officio
471 1227 586 1289 Divino
601 1248 653 1291 seu
669 1228 768 1292 Horis
784 1229 959 1293 Canonicis.

191 1321 256 1383 ΙΙΙ.
280 1321 326 1384 De
341 1322 552 1384 Sacramentis
564 1327 596 1385 et
610 1323 895 1385 Sacramentalibus
907 1321 1096 1404 reliquisque
1108 1326 1243 1385 functio-

154 1417 247 1478 nibus
266 1415 491 1478 ecclesiasticis.

196 1509 282 1584 Quae
305 1509 431 1589 quidem
454 1509 566 1572 divisio
589 1511 680 1589 juxta
704 1511 803 1590 ipsius
827 1511 982 1573 Ecclesiae
1006 1511 1242 1591 dispositionem

154 1602 238 1664 faeta
254 1606 310 1666 eat.
355 1602 493 1666 Ecclesia
508 1605 594 1664 enini
610 1604 751 1683 disponit
766 1610 797 1667 et
814 1605 939 1667 ordinat
956 1606 1120 1685 praecipue

235 1694 260 1757 I.
286 1696 483 1758 Sacrificium
501 1697 614 1760 Missae
631 1718 686 1778 pcr
701 1699 736 1758 Μ
740 1698 828 1761 issole
844 1700 1032 1761 Rornonam.

214 1788 260 1851 ΙΙ.
285 1789 429 1852 Officium
446 1790 598 1852 Divinum
615 1810 670 1870 per
685 1792 881 1853 Breviorium
899 1794 1086 1855 Hemonam.

195 1883 260 1944 ΙΙΙ.
286 1883 488 1947 Sacramenta
513 1891 544 1946 et
572 1884 818 1946 sacramentalia
843 1885 1037 1965 reliquasque
1064 1886 1243 1947 functiones

153 1996 209 2057 per
226 1977 351 2039 Ritoole
370 1978 557 2040 Romarmm.

195 2070 315 2145 Quibus
330 2071 419 2132 libris
434 2070 591 2150 liturgicis
606 2070 758 2133 accedunt
773 2072 938 2152 praecipue
953 2093 1009 2152 pro
1026 2073 1242 2134 functionibus

153 2165 185 2224 in
216 2163 364 2226 Ecclesiis
395 2163 634 2227 Cathedralibus
663 2169 694 2227 et
723 2166 760 2226 ab
791 2165 944 2245 Episcopo
974 2166 1102 2244 agendis
1134 2168 1241 2228 Coere-

153 2258 287 2321 moniola
299 2256 538 2340 Episcoporrmr,
552 2264 583 2321 ct
596 2259 782 2336 Pontificole
795 2260 983 2322 Ronrormm.

194 2355 222 2411 4.
246 2351 425 2414 “Solantiae
454 2352 619 2431 liturgicae
647 2351 803 2432 objectum
832 2357 879 2414 cst
907 2353 1046 2431 singulas
1075 2353 1241 2431 praefinire

151 2449 295 2507 externas
320 2445 468 2521 actiones,
493 2464 570 2525 quae
596 2446 689 2507 Ritus
715 2444 915 2525 appellantur
939 2454 969 2508 ct
997 2446 1240 2520 t‘acremoniae,⁴

150 2557 288 2618 quaeque
300 2559 356 2619 pro
369 2539 584 2601 ecclesiasticis
597 2539 741 2600 omnibus
754 2538 970 2600 functionibus
983 2540 1041 2601 rite
1054 2539 1241 2618 exequendis

156 2631 284 2712 [nempe
303 2632 335 2692 in
356 2632 507 2694 sacrificio
528 2631 651 2707 Missae,
671 2631 769 2694 officio
789 2633 896 2693 diuino
916 2636 947 2694 ct
967 2632 1241 2694 administratione

152 2730 418 2788 sacramentorum
432 2724 506 2804 cte]
525 2725 563 2786 ab
579 2724 717 2787 Ecclesia
733 2726 897 2787 institutae
913 2730 996 2797 sunt,
1013 2734 1047 2786 ut
1062 2727 1151 2803 signa
1165 2725 1240 2801 sint,

152 2818 341 2891 testimonia,
368 2823 399 2880 et
425 2819 608 2880 exercitium
636 2819 739 2879 cultus
767 2819 936 2891 interioris,
964 2840 1055 2898 quem
1084 2819 1240 2898 imprimis

152 2910 284 2992 requirit
303 2911 397 2986 Deus,
416 2916 447 2974 et
466 2916 502 2973 ut
521 2913 649 2973 honesto
669 2932 703 2972 ac
722 2912 844 2973 decenti
865 2912 1000 2991 quodam
1019 2912 1152 2974 ordinc⁵
1172 2933 1239 2992 pcr-

150 3008 295 3084 agantur,
313 3025 390 3084 quae
408 3007 567 3085 portinent
586 3005 624 3066 ad
643 3005 786 3066 divinum
804 3007 925 3066 cultum
944 3006 1190 3086 prommcmlum
1209 3012 1240 3068 ct

150 3099 190 3160 ad
213 3098 414 3178 disciplinam
437 3098 695 3177 concordiamque
719 3098 875 3177 publicam
900 3097 1172 3160 conservandam.''
1185 3103 1197 3132 ³

193 3196 221 3252 5.
246 3191 291 3253 De
304 3191 467 3271 liturgiae
479 3211 583 3252 sacrae
595 3191 750 3270 dignitate
762 3198 789 3252 ct
806 3213 897 3274 scopo
913 3193 1021 3252 Sixtus
1037 3193 1073 3252 V.
1091 3193 1240 3254 Surumus

152 3286 324 3349 Pontifex⁷
344 3284 449 3347 docet:
469 3285 512 3345 “J
514 3304 564 3345 am
583 3304 663 3359 sero,
682 3305 753 3344 cum
772 3286 849 3346 sacri
871 3286 950 3346 ritus
969 3292 997 3346 ol
1019 3286 1240 3360 caeremoniae,

150 3378 262 3460 quibus
283 3379 422 3440 Ecclesia
440 3399 458 3439 a
479 3378 601 3458 Spiritu
625 3378 739 3440 Sancto
758 3378 867 3439 edocta
886 3399 922 3439 cx
943 3379 1122 3457 Apostolica
1142 3380 1239 3441 tradi-

150 3476 235 3536 tione
253 3477 284 3535 et
302 3472 470 3552 disciplina
488 3472 600 3543 utitur,
621 3472 652 3531 in
672 3480 937 3533 sacramentorum
956 3472 1241 3538 administratione.

150 3568 266 3628 (lirinis
285 3566 402 3637 officiis,
422 3565 568 3644 omnique
589 3564 646 3626 Dei
667 3570 699 3626 et
720 3565 906 3627 Sanctorum
927 3566 1134 3632 veneratione.
1156 3587 1239 3645 umg-

151 3682 223 3723 nam
248 3659 420 3722 Christiani
446 3658 555 3739 populi
578 3658 798 3730 cruditionem,
821 3679 969 3737 ceraeque
993 3659 1065 3720 fidei
1089 3665 1239 3739 protesta-

152 3755 269 3817 tioncm
287 3755 479 3827 contineant,
498 3772 602 3814 rerum
619 3771 777 3811 sacrarum
797 3752 992 3829 majestatem
1012 3754 1241 3828 conrrnendent,

152 3848 293 3910 fidelium
337 3854 456 3908 memes
499 3847 537 3907 ad
584 3866 688 3905 rerum
733 3845 958 3905 altissimarum
1004 3848 1240 3909 meditationem

153 3943 330 4013 sustollant,
358 3946 387 4003 et
417 3939 590 4001 demotionis
618 3940 714 4000 etiam
744 3939 815 4017 igne
845 3937 1052 4013 inllammcnt,
1081 3942 1241 4020 cupientes

187 4141 299 4191 ⁴Ritus
328 4144 354 4188 et
386 4138 571 4189 caeremoniae
601 4151 672 4186 nune
759 4137 899 4186 al'orntci
922 4138 1015 4188 Instit.
1037 4140 1130 4205 liturg.
1165 4142 1241 4202 (Not

154 4219 310 4284 plerumque
336 4214 573 4265 indiscriminatim
599 4228 673 4261 usur·
725 4215 831 4278 praev.)

154 4301 255 4361 pantur
275 4294 398 4359 quamvis
418 4308 435 4343 a
455 4292 579 4357 pluribus
598 4289 673 4340 varie
761 4296 771 4327 ²
792 4291 873 4341 Bulla
898 4291 1034 4341 immensa
1057 4295 1163 4344 aeterni
1184 4294 1240 4345 Det

152 4374 368 4435 ‹listingnanma
726 4368 758 4417 22
783 4367 847 4418 dau.
876 4370 950 4420 1588.

188 4448 278 4506 atlfr.
300 4451 312 4498 l
332 4447 392 4498 Cor.
414 4448 454 4507 14,
473 4447 515 4498 40,
