2804 4890
190 681 232 744 22
284 692 338 747 DE
360 691 588 760 REQUISITIS
612 689 667 745 AD
688 688 843 746 MISSAM
865 692 1179 750 cnnssssannau.

191 866 361 930 dnmmodo
383 864 488 945 “palla
509 863 656 938 subnexa,
677 864 802 943 proprie
824 864 908 926 dieta
930 865 973 927 sit
993 864 1087 942 linea,
1109 867 1230 929 munda
1252 872 1281 930 ei

190 961 283 1024 facile
300 957 530 1021 amoribilis.''⁶

233 1060 260 1116 5.
285 1054 394 1115 Prima
417 1053 493 1116 lotio
516 1051 813 1132 purificatoriorum‚
836 1048 992 1132 pallar'urn
1015 1057 1047 1116 et
1070 1056 1279 1136 corporalium

191 1149 258 1213 fieri
274 1149 364 1211 debet
379 1168 434 1228 per
448 1147 596 1209 clericum
612 1147 646 1207 in
662 1145 780 1208 Ordine
796 1166 882 1208 sacro
897 1148 1106 1210 constitutum
1122 1150 1168 1212 vel
1185 1152 1280 1212 etiarn

190 1264 227 1306 ex
240 1242 391 1305 hodierna
404 1240 629 1303 consuetudine
643 1261 698 1321 per
709 1239 857 1302 clericum
872 1242 905 1301 in
920 1241 1093 1304 Ordinibus
1106 1244 1281 1306 minoribus

190 1337 340 1400 iunium.⁷
384 1335 475 1416 Aqua
492 1335 618 1398 lotionis
633 1336 668 1396 in
683 1335 854 1395 sacrarium
871 1335 1067 1415 projicienda
1081 1339 1153 1399 est.⁸
1197 1338 1281 1401 Usus

191 1430 374 1511 Corporalia
389 1430 491 1510 amylo
509 1429 668 1491 imbuendi
686 1430 814 1491 retineri
829 1431 956 1510 potostl'

233 1528 260 1586 6.
284 1525 368 1586 Voss
385 1544 471 1585 sacra
489 1529 521 1586 et
538 1524 723 1585 linteamina
742 1544 829 1585 saera
847 1523 986 1587 nondum
1006 1524 1071 1587 lota
1088 1524 1177 1587 laicis
1196 1526 1280 1587 nuda

192 1639 287 1681 manu
309 1624 437 1699 tangere
458 1639 522 1680 non
544 1618 626 1692 lieet,
648 1618 709 1678 nisi
732 1638 768 1679 ex
791 1616 965 1697 privilegio,
988 1618 1069 1698 quod
1093 1619 1279 1699 quibusdam

191 1733 369 1775 conoessum
390 1718 437 1775 est
458 1733 482 1775 o.
504 1733 533 1792 g.
556 1711 707 1772 iratribus
728 1711 825 1785 laicis,
847 1712 1030 1791 praesertim
1052 1713 1201 1789 sacristis,
1224 1712 1280 1774 Or·

190 1808 301 1870 dinum
317 1806 579 1879 Mendicsntium,
595 1805 659 1864 ΡΡ.
676 1805 813 1866 Oruiorii
831 1805 861 1865 S.
880 1804 962 1866 Phil.

234 1905 261 1962 7.
289 1900 400 1963 Veliam
424 1899 529 1961 calicis
550 1903 581 1961 el
604 1900 697 1960 bursa
718 1899 780 1958 sini
804 1898 944 1975 ejusdem
968 1898 1078 1960 eoloris
1100 1919 1135 1960 sc
1158 1900 1281 1976 casula3

190 1995 293 2057 velum
310 2015 347 2057 ex
363 1997 527 2073 praecepto
545 1992 696 2053 Rubris-ae
712 1992 803 2053 debet
819 2012 882 2053 esso
899 1992 1071 2053 sericum.¹⁰

233 2087 348 2151 Velum
364 2086 489 2168 pyxidis
506 2086 569 2150 albi
585 2085 695 2150 eoloris
712 2105 776 2148 esse
792 2085 891 2148 debet.

631 2349 745 2419 ΛΒΤ.
772 2349 836 2420 IV.
932 2373 943 2389 ·

516 2503 565 2552 nn
587 2500 772 2550 vssrnsns
795 2501 944 2552 saclusa

232 2648 279 2711 11.
302 2647 447 2710 Amieius
462 2667 514 2709 seu
529 2646 697 2717 humerale,
712 2663 772 2725 quo
786 2644 861 2706 olim
876 2645 972 2708 etiam
986 2649 1080 2726 capul
1094 2648 1282 2728 tegebatur,²

192 2742 224 2803 in
244 2741 312 2819 ejus
333 2740 435 2802 medio
454 2740 495 2800 sii
515 2741 600 2799 Crux
619 2758 675 2800 auu
696 2737 828 2817 depicta.

234 2839 261 2896 2.
285 2835 366 2896 Albo
383 2855 400 2894 a
418 2833 495 2894 eollo
513 2852 609 2910 usqne
627 2832 664 2892 ud
683 2831 775 2910 podes
792 2831 939 2893 defluens.
987 2832 1020 2892 Si
1039 2853 1111 2912 pars
1129 2833 1216 2897 albus
1235 2835 1281 2896 in·

188 2930 286 2993 ferior
308 2927 500 2992 denticulato
525 2927 623 2989 texto³
647 2926 819 2999 decoretur,
842 2944 935 3004 supra
959 2945 1062 3005 genua
1085 2928 1283 3008 praedictum

188 3030 308 3086 textum
331 3020 561 3083 denticulaium
582 3039 645 3082 non
667 3016 895 3098 proiendatur.⁴
937 3018 1082 3082 Amictus
1103 3025 1135 3084 et
1154 3021 1225 3085 alba
1246 3043 1282 3087 ax

188 3117 253 3182 lino
271 3117 317 3177 rel
336 3114 473 3176 cannabe
490 3133 554 3176 esse
572 3112 709 3173 debent.³

226 3258 238 3293 ⁸
258 3253 290 3304 D.
312 3254 351 3304 17.
369 3253 425 3303 Jnl.
446 3254 521 3314 1894,
540 3269 564 3302 n.
583 3253 659 3301 3⁸32.
678 3253 708 3314 43
800 3257 825 3290 ¹⁰
845 3252 936 3303 Etiam
956 3253 1043 3304 velum
1062 3256 1200 3311 humerale
1223 3262 1289 3311 Sub-

190 3335 219 3383 εἰ
239 3331 280 3381 24.
302 3329 370 3380 Nov.
394 3330 468 3391 1905,
489 3345 514 3380 n.
535 3331 611 3379 4174.
634 3331 657 3378 2.
764 3328 870 3378 diaconi
890 3330 917 3378 in
936 3330 1023 3381 Missa
1040 3333 1152 3383 solemni
1169 3334 1286 3386 sericum

225 3406 376 3457 iSearini.
420 3406 547 3455 “Utrum
583 3405 713 3455 moniales
764 3406 923 3458 essedebei.
954 3406 1191 3475 caeserapu.
1207 3413 1285 3464 10.5.

192 3498 238 3536 seu
267 3484 330 3549 piae
361 3483 498 3533 foeminae
528 3483 612 3532 vitam
643 3498 712 3531 eorn-
797 3481 910 3532 1N0ias
927 3482 1206 3550 historico-practicae
1223 3486 1286 3539 vids

192 3575 297 3611 munem
318 3560 369 3610 sub
389 3561 484 3624 regula
504 3561 633 3622 degentes
654 3575 711 3623 pos·
768 3557 794 3605 in
819 3558 889 3623 App.
917 3557 954 3608 ll.

192 3638 247 3687 sint
274 3651 333 3687 curn
361 3637 473 3686 lieentia
499 3636 639 3687 Ordinarii
667 3636 712 3686 ab·
792 3632 867 3696 ²Qui
894 3633 963 3684 ritus
989 3649 1007 3685 a
1032 3636 1159 3700 pluribus
1184 3637 1286 3704 Religi-

191 3714 265 3765 luere
289 3712 451 3779 corporalia,
475 3711 564 3776 pallas
587 3716 615 3762 et
640 3713 712 3776 puri·
766 3711 820 3761 osis
835 3714 923 3763 adbuc
938 3719 1071 3777 servatur,
1087 3715 1132 3778 qni
1147 3716 1286 3778 amictum,

192 3789 334 3841 ficatorisi
366 3789 446 3852 Resp.
472 3787 646 3853 Negative.”
680 3787 712 3838 D.
764 3791 806 3840 vel
834 3792 974 3856 caputium
1003 3792 1104 3843 amictu
1135 3793 1285 3844 involutum

192 3868 269 3916 3059.
286 3868 327 3916 26.
765 3881 782 3917 a
807 3867 899 3932 eapite
926 3870 1011 3918 nolum
1039 3870 1196 3935 deprimunt
1222 3873 1285 3922 dnm

227 3949 239 3982 ⁸
259 3943 443 4006 Unaquaeque
467 3942 590 3991 Ecclesia
613 3942 713 3992 habeat
765 3944 877 3994 Missam
901 3946 942 3995 vel
966 3946 1049 3998 aliam
1071 3962 1092 3998 s.
1116 3947 1285 4000 functionem

192 4020 340 4071 sacrarium
368 4034 413 4068 seu
440 4017 572 4083 piscinam
599 4032 713 4076 sarram,
765 4026 826 4068 suni
848 4022 977 4074 exorsuri.

192 4097 326 4148 lateribus
362 4095 600 4155 circumvestitam,
638 4109 712 4158 oper·
799 4098 899 4148 ³Loee.

192 4175 252 4225 culo
283 4176 444 4234 conlectam,
476 4171 503 4219 in
535 4185 614 4234 quani
647 4171 713 4219 lotio
798 4173 920 4235 *inlisa
938 4178 989 4225 aie.

194 4249 449 4317 purificatoriornm,
472 4262 544 4311 aqua
565 4248 713 4312 baptisma·
798 4249 1037 4302 ⁶⁴‘Permiaerunt
1085 4265 1149 4302 vero
1201 4252 1287 4328 [Emi.

193 4330 230 4379 tis
244 4328 378 4387 adbibita,
394 4331 454 4388 ets,
470 4325 663 4391 projiciuntur.
767 4325 877 4390 Patres]
912 4332 940 4376 ut
973 4329 1097 4385 amicius,
1129 4329 1217 4387 albae,
1248 4335 1287 4379 to·

229 4404 293 4454 ⁹1).
322 4405 361 4454 13.
389 4402 453 4455 Feb.
482 4402 557 4466 1892,
583 4416 608 4452 n.
636 4401 712 4450 3767.
765 4402 869 4461 baleae,
886 4407 1039 4468 ruoppulae,
1055 4406 1077 4454 si
1095 4421 1164 4469 qnae
1178 4421 1211 4457 ex
1228 4423 1286 4468 gos-

192 4482 264 4537 Add.
285 4480 335 4540 IX.
765 4478 836 4545 aipio
861 4480 1005 4547 habentur,
1031 4481 1156 4535 adhiberi
1181 4482 1289 4536 interea
