2804 4890
177 680 239 746 424
297 690 351 749 DE
374 688 547 749 orarons
569 689 857 762 TENEBRARUM,
881 690 933 748 ET
954 691 1269 754 DEFUNGPORUM.

578 1361 769 1441 CAPUT
795 1363 873 1443 VI.

219 1568 278 1625 Du
310 1568 496 1628 oltricus
528 1570 803 1628 SOLEMNIBUS
834 1571 1142 1640 TENEBRARUM,
1174 1571 1230 1629 ΕΤ

554 1651 889 1708 DEFUNCTORUM.

633 1863 748 1936 ART.
773 1864 803 1937 I.

365 2063 415 2114 DE
440 2063 592 2116 OFFICIO
617 2063 786 2115 SOLEMNI
812 2058 1081 2118 TENEBBABUM.

219 2250 290 2316 269.
312 2252 544 2330 Praeparanda.
581 2253 620 2316 In
637 2254 742 2316 Altari
759 2273 811 2316 sex
825 2255 906 2318 cerei
922 2274 1008 2318 cerae
1025 2253 1200 2316 communis
1216 2271 1271 2316 seu

178 2344 251 2409 flavi
265 2346 376 2408 coloris
390 2345 627 2408 accenduntur.¹
662 2345 719 2408 SS.
738 2347 986 2422 Sacramentum,
1001 2348 1027 2409 si
1044 2347 1087 2407 ibi
1100 2347 1194 2421 adsit,
1208 2344 1271 2407 alio

178 2437 344 2500 defertur.²
383 2440 432 2499 “A
450 2438 545 2501 latere
564 2436 755 2518 Epistolae,''
774 2439 827 2500 ubi
846 2460 865 2501 a
887 2439 1084 2501 Subdiacono
1103 2439 1180 2502 solet
1199 2458 1269 2499 can·

177 2531 249 2607 tari,
279 2532 429 2611 “ponitur
458 2530 680 2593 candelabrum
710 2529 904 2610 triangulare
934 2532 1201 2594 accommodatum
1230 2529 1270 2593 ad

177 2623 376 2685 sustinendos
394 2621 574 2704 quindecim
593 2644 695 2686 cereos
714 2643 800 2686 corae
819 2622 1039 2686 communis.''⁸
1080 2624 1181 2703 Prope
1200 2642 1270 2684 can-

177 2716 339 2778 delabrum
367 2715 469 2778 aderit
496 2717 585 2779 hasta
614 2735 686 2779 cum
715 2715 926 2780 exstinctorio.
976 2717 1017 2779 In
1045 2717 1149 2779 medio
1178 2717 1270 2779 choro

177 2809 306 2888 ponitur
332 2808 433 2889 legile.

220 2903 248 2963 2.
267 2901 308 2963 In
324 2899 500 2962 functione.
540 2902 675 2980 Vespere
693 2902 749 2964 fer.
768 2902 838 2978 lv,
856 2903 895 2965 V.
912 2908 943 2965 et
961 2903 1019 2965 VI.
1038 2902 1169 2981 majoris
1186 2900 1271 2963 Heb-

177 2994 328 3057 domadas
347 2993 543 3057 Matutinum
561 3015 632 3057 curn
649 2994 811 3056 Laudibus
828 2999 974 3056 cantatur
992 2996 1037 3058 ita
1053 3000 1090 3056 ut
1106 2999 1179 3058 ante
1198 2993 1271 3056 solis

178 3105 319 3149 occasum
337 3087 402 3149 iere
420 3089 621 3167 compleatur.
662 3087 778 3150 Omnes
795 3088 828 3148 in
845 3086 920 3149 locis
938 3088 1003 3149 suis
1019 3086 1176 3168 genuflexi
1195 3087 1271 3148 rcci-

179 3184 245 3242 tare
268 3184 399 3259 possunt
421 3179 521 3260 Aperi
541 3180 687 3242 Domine.
733 3178 854 3241 Deinde
878 3183 996 3241 stantes
1020 3180 1130 3241 dicunt
1155 3183 1271 3241 secreto

177 3272 283 3348 Pater,
298 3272 365 3336 Ave
381 3276 412 3336 et
429 3272 537 3335 Credo.
575 3273 625 3334 Ad
644 3273 829 3335 Officiatoris
847 3278 960 3334 nutum
977 3276 1118 3334 cantores
1136 3274 1270 3352 primam

176 3365 383 3446 antiphonam
401 3369 542 3441 cantant,
558 3364 614 3426 sub
631 3385 692 3445 qua
716 3367 769 3444 (ut
783 3365 880 3427 etiam
899 3365 992 3428 initio
1008 3366 1150 3427 omnium
1170 3365 1271 3426 Hora-

179 3478 248 3519 rum
274 3458 370 3537 lrnjus
395 3457 521 3535 tridui)
551 3476 658 3519 omnes
681 3477 712 3518 se
736 3458 861 3536 signant
887 3458 977 3537 signo
1001 3457 1134 3519 (laucis.⁴
1181 3456 1272 3517 'lunc

178 3551 240 3613 duo
262 3571 299 3614 ex
319 3550 498 3613 cantoribus
520 3549 676 3630 psalmum
700 3551 856 3623 intonant,
878 3554 909 3612 et
930 3568 1037 3611 omnes
1061 3548 1178 3611 sedent.
1221 3548 1270 3608 ml

179 3644 272 3708 linem
292 3645 443 3723 cujusque
463 3642 586 3723 psalmi,
612 3644 663 3719 (co
683 3644 763 3722 quod
787 3643 894 3704 Gloria
912 3641 1004 3704 Patri
1021 3643 1209 3719 omittitur,)
1236 3643 1269 3702 nt

177 3736 329 3817 quaedam
360 3734 487 3799 inflexio
516 3735 607 3798 vocis.
659 3736 809 3798 Castores
839 3739 985 3815 repetunt
1015 3735 1213 3813 antiphonas,
1241 3740 1271 3795 et

178 3830 240 3893 dno
259 3834 400 3891 cantores
418 3832 564 3892 intonant
581 3827 725 3909 psalmos.

220 3924 248 3984 3.
273 3922 381 3984 Finito
406 3921 542 4001 quolibet
567 3920 697 4001 psalmo,
722 3928 786 3984 tam
814 3921 1049 3984 Nocturnorum
1074 3942 1167 4001 qraam
1191 3921 1272 3982 Lau·

178 4015 265 4089 dum,
281 4016 442 4094 acolythus
458 4014 587 4095 quidam
604 4015 778 4088 exstinguit
794 4034 917 4077 cereum
935 4014 968 4076 in
987 4015 1051 4076 ima
1067 4017 1156 4094 parte
1174 4013 1271 4075 trian-

177 4107 245 4189 guli
265 4107 303 4170 αι]
324 4108 406 4169 latus
426 4106 602 4185 Evangelii,
622 4105 735 4170 deindo
755 4126 878 4168 cereum
898 4108 952 4186 qni
974 4107 1013 4169 ad
1034 4109 1116 4170 latus
1136 4107 1272 4168 alterum

177 4202 257 4263 situs
274 4205 320 4263 est
338 4205 368 4263 et
386 4203 431 4263 ita
448 4219 541 4281 porro
558 4200 681 4279 praeter
698 4199 788 4260 illum
807 4199 861 4279 qui
878 4205 926 4263 est
944 4199 977 4260 in
995 4200 1133 4263 vertice.l

215 4357 312 4408 ¹Caer.
331 4358 381 4422 Ep.
400 4356 440 4406 II.
460 4358 501 4417 22,
520 4358 543 4406 4.
785 4357 924 4408 ⁴Gavant.
947 4357 1056 4417 Marati,
1079 4357 1119 4408 De
1140 4356 1237 4423 Carpo.

214 4432 283 4483 ²lta
301 4438 431 4483 auctores.
786 4434 883 4483 water.
903 4435 953 4497 Ep.
975 4434 1013 4483 ll.
1032 4436 1073 4493 22,
1093 4435 1116 4484 7.

213 4507 312 4560 ⁸Caer.
330 4509 380 4575 Ep.
397 4509 432 4560 ib.
