2804 4890
255 696 309 752 DE
330 697 473 754 CRUCIS
497 699 790 756 DENUDATIONE
813 700 864 755 ET
886 700 1158 760 ADORATIONE.
1199 694 1261 758 307

173 869 335 934 Lectiones
359 875 391 933 et
416 871 597 933 Passionem
622 877 708 934 stant
732 892 750 934 a
774 872 893 935 dextris
919 873 1123 950 Celebrantis,
1148 877 1196 937 uti
1221 876 1260 938 ad

172 964 362 1040 introitum3
379 965 418 1026 ad
439 967 603 1026 Orationes
620 986 655 1028 ae
674 966 865 1030 Monitiones
889 967 1039 1046 (Oramus
1057 967 1263 1042 dilectissimi,

170 1056 245 1131 etc.)
271 1060 353 1117 retro
373 1060 443 1135 post
463 1055 688 1133 Celebrantcm,
708 1057 755 1119 uti
776 1057 815 1118 ad
839 1058 1003 1120 Orationes
1023 1057 1146 1122 Missae.
1188 1059 1264 1123 Post

175 1144 307 1206 Oramus
330 1143 488 1206 Diaconus
511 1152 617 1207 cantat
639 1147 818 1209 Flectanraa
840 1168 952 1228 penna,
975 1168 1141 1228 omnesque
1164 1168 1260 1229 genu-

175 1236 315 1311 flectunt,
345 1245 472 1318 excepto
503 1238 708 1314 Celebrante,¹
741 1239 956 1304 Subdiaconus
984 1242 1110 1314 Levata,
1140 1261 1260 1304 omnes·

173 1351 232 1410 que
248 1338 392 1411 surgunt.

214 1428 243 1487 4.
267 1425 388 1499 Lector,
420 1426 643 1506 superpelliceo
675 1426 816 1502 indutus,
847 1432 953 1490 cantat
984 1428 1198 1508 Prophetiam,
1230 1432 1262 1492 et

174 1518 389 1580 Subdiaconns
412 1520 591 1582 lectionem
614 1526 687 1583 tono
710 1520 886 1600 Epistolae3
909 1540 1020 1601 nempe
1042 1521 1096 1581 “in
1118 1521 1184 1583 loco
1207 1521 1260 1583 ubi

174 1611 289 1691 legitur
318 1611 490 1691 Epistola‚'’
520 1613 706 1693 accipientes
736 1612 852 1674 librum
879 1634 898 1675 a
927 1613 1177 1677 Caeremoniario
1207 1615 1259 1694 qui

174 1705 255 1784 ipsos
275 1705 454 1777 comitatur,
473 1711 504 1769 ct
523 1705 767 1785 genuflectentes
788 1707 820 1767 in
840 1706 943 1768 medio
963 1712 1036 1770 ante
1056 1711 1187 1788 etpost,
1208 1706 1260 1769 sed

172 1798 285 1877 absque
306 1798 493 1861 salutatione
514 1800 599 1860 chori
622 1806 651 1862 et
673 1799 778 1862 osculo
799 1819 910 1861 manua
933 1799 1136 1862 Celebrantis.
1182 1798 1260 1861 Sub

173 1889 321 1952 diaconus
338 1898 410 1953 ante
427 1891 605 1954 Lcctioncrn
623 1891 780 1971 planetam
798 1892 946 1972 plicatam
963 1892 1133 1972 adjuvante
1151 1891 1259 1954 Caere·

173 1984 326 2047 moniario
342 1984 381 2045 ad
398 2005 560 2046 scamnum
577 1985 706 2065 deponit
722 1990 754 2047 et
770 1990 875 2066 postea
893 1987 1034 2048 resumit.

214 2081 240 2137 5.
265 2077 311 2139 Do
340 2077 486 2141 l'aasione
515 2078 584 2141 vide
611 2100 642 2141 n.
674 2078 955 2153 lll.-Diaconm,
983 2084 1151 2159 antequam
1178 2078 1263 2141 dicat

171 2170 206 2230 Μ
209 2170 293 2233 unda
313 2192 365 2233 cor
387 2193 499 2244 tracum,
519 2178 588 2247 etc,
607 2171 737 2252 deponit
755 2171 915 2252 planetam
934 2171 1082 2252 plicatam
1104 2177 1136 2234 et
1158 2171 1264 2233 induit

173 2263 284 2324 stolam
305 2264 457 2336 latiorem,
477 2284 569 2343 quam
590 2270 659 2344 post
680 2263 940 2325 Communionern
962 2264 1155 2325 Celebrantis
1175 2264 1260 2324 infra

172 2356 364 2418 ablutionem
387 2362 456 2431 (scu
476 2359 506 2418 in
526 2358 586 2417 fine
604 2357 721 2434 Officii)
744 2361 847 2418 mutat
863 2377 933 2418 cum
951 2356 1076 2438 planeta
1093 2357 1217 2438 plicata.

215 2453 243 2510 6.
267 2450 387 2512 Chorus
406 2449 489 2512 sedet
509 2450 547 2510 ad
566 2450 739 2524 lectiones,
756 2454 820 2512 atat
837 2449 875 2510 ad
896 2449 1061 2512 Orationes
1078 2453 1109 2510 et
1126 2448 1165 2510 ad
1186 2448 1259 2510 Pas·

174 2542 301 2604 sionem.
349 2542 586 2603 Thuriscrarius
611 2546 642 2604 ct
667 2542 802 2620 acolythi
828 2541 998 2603 manebunt
1024 2541 1107 2621 apud
1134 2540 1259 2602 creden-

174 2637 269 2710 tia1n;
302 2638 384 2697 circa
418 2635 599 2698 Orationem
632 2655 688 2716 pro
720 2635 884 2697 haereticis
916 2634 1051 2713 acolythi
1086 2633 1260 2695 extendunt

175 2739 276 2809 tapete
293 2750 364 2790 curn
384 2729 513 2809 pulvillo
531 2733 563 2790 et
579 2728 645 2792 rclo
664 2748 720 2808 pro
739 2728 837 2790 Cruce
855 2727 1023 2790 adoranda.

217 2826 244 2884 7.
268 2823 350 2884 Ante
397 2822 580 2884 Orationem
627 2841 684 2902 pro
731 2820 862 2883 Judaeis
909 2820 1070 2883 omittitur
1117 2821 1260 2893 Oramus,

173 2917 201 2977 F
201 2917 350 2978 lectamua
371 2916 497 2995 penae?

612 3235 726 3305 ART.
752 3233 817 3305 IV.

296 3417 347 3468 DE
366 3417 497 3468 CRUCIS
517 3416 793 3467 DENUDATIONE
816 3415 862 3464 ΕΤ
884 3413 1137 3465 ΑΒΟΒΑΤῙΟΝΕ.

416 3589 453 3650 Δ.
486 3587 531 3650 De
550 3586 654 3649 officio
672 3586 789 3663 absque
808 3603 831 3646 a.
849 3582 1017 3647 liniatria.

219 3775 287 3838 191.
311 3775 504 3856 “completis
523 3772 725 3836 Orationibus
744 3769 931 3833 Celebrans''
947 3769 986 3832 de
1002 3768 1106 3830 Altari
1123 3788 1179 3848 per
1194 3787 1263 3845 gra·

176 3870 234 3932 dus
251 3869 393 3933 laterales
408 3866 568 3930 descendit
582 3870 613 3928 et
628 3868 735 3927 “stans
752 3866 783 3925 in
800 3863 907 3928 elidem
922 3882 1019 3924 cornu
1037 3861 1196 3942 Epistolae
1212 3860 1263 3921 de-

178 3966 265 4044 ponit
292 3964 448 4044 planetam
477 3966 611 4021 tantum.
666 3957 787 4020 Deinde
812 3954 996 4036 genuflectit
1022 3955 1054 4016 in
1082 3951 1204 4015 medio''
1230 3953 1263 4013 in

215 4141 295 4205 ¹Qni
315 4156 368 4190 non
388 4137 545 4204 genuflectit
566 4135 618 4185 nial
639 4136 696 4200 ipsa
748 4133 871 4183 Ecclesia
910 4133 946 4183 ad
987 4131 1102 4183 officium
1144 4130 1265 4181 divinum

178 4220 250 4268 «licat
271 4217 425 4266 auferamus
442 4229 468 4275 q.
747 4212 912 4260 cantandum
946 4214 1011 4259 aunt
1045 4208 1179 4273 deputati.
1233 4206 1265 4255 ln

214 4301 225 4333 2
245 4295 323 4358 Quia,
340 4289 695 4357 inquitnlcuinus,.1udaai
750 4287 867 4338 Psalmi·
884 4287 1008 4347 confiteri
1024 4292 1051 4338 et
1071 4285 1187 4348 psallere
1205 4289 1265 4334 sunl

180 4373 255 4420 llexia
272 4371 386 4432 genibus
401 4369 510 4419 Christo
528 4367 679 4417 illuserunt.
750 4379 827 4415 rocca
846 4379 1019 4427 synonymae.

216 4449 267 4497 Por
286 4447 462 4509 Fenseaaorea
480 4446 508 4493 in
527 4443 613 4494 tertia
631 4441 697 4493 Ora·
786 4441 903 4491 Monitio
920 4446 946 4492 et
966 4440 1063 4491 Oratio
1081 4452 1130 4502 pm
1151 4438 1268 4503 Impera-

180 4527 253 4577 tione
291 4524 309 4575 ii
348 4523 548 4589 intelliguntur,
585 4518 631 4587 qui
671 4518 696 4571 in
750 4523 809 4572 tore
826 4518 947 4572 Romano
964 4522 1004 4571 eat
1022 4515 1183 4568 omittenda.
