2804 4890
144 679 207 743 362
384 687 437 743 ΒΕ
461 687 592 743 CULTU
617 686 670 742 SS.
695 685 1008 743 EUCHARISTIAE.

147 849 221 914 dam
251 849 497 931 sexagesimae?
541 850 628 914 Haec
656 857 703 914 est
729 852 822 914 unica
850 852 1047 915 Venerabilis
1074 850 1239 932 expositio,

147 963 225 1025 quae
239 944 350 1007 iisdem
364 944 538 1024 privilegiis
551 965 585 1006 ac
599 945 740 1007 triduum
756 945 885 1007 fruitur.
921 946 955 1007 Si
970 946 1041 1008 aliis
1055 946 1164 1009 diebus
1180 943 1238 1007 SS.

147 1037 387 1101 Sacramentum
399 1057 455 1118 per
468 1037 556 1099 XIII
569 1038 661 1100 horas
673 1038 840 1117 exponitur
858 1038 997 1119 [qualem
1010 1038 1236 1119 expositionem

148 1130 331 1212 Episcopus,
348 1133 386 1190 ut
403 1134 500 1210 patet,
518 1130 699 1211 permittere
716 1130 849 1211 potest]‚
867 1131 944 1194 talis
958 1132 1111 1212 expositIo
1129 1150 1238 1211 supra-

147 1223 241 1287 dictis
259 1223 432 1304 privilegiis
450 1243 514 1285 non
531 1223 657 1303 gautlet,
674 1223 736 1285 nisi
754 1225 784 1285 vi
803 1224 927 1285 Indulti
946 1224 1121 1305 Apostolici
1144 1224 1188 1305 (v.
1206 1244 1237 1305 g.

147 1316 366 1380 Archidoecesi
383 1314 491 1379 Colon.
508 1316 559 1379 die
576 1319 613 1376 21
632 1317 722 1380 Febr.
741 1320 819 1378 1861
837 1317 1005 1396 concessi).

183 1413 218 1472 Α2.
242 1410 340 1472 Missa
356 1409 503 1472 solemnis
521 1410 675 1472 cantanda
693 1416 739 1473 est
756 1431 841 1472 more
860 1411 962 1473 votivo
980 1410 1018 1473 de
1037 1411 1146 1474 SSmo.
1166 1431 1238 1473 cum

149 1503 265 1577 Gloria,
294 1524 348 1565 un.
379 1506 457 1567 orat.
490 1504 600 1578 Credo,
630 1504 734 1565 Praei.
766 1503 883 1579 Nativ,
913 1507 962 1568 Ite
992 1509 1023 1566 et
1052 1505 1171 1585 Evang.
1205 1505 1237 1566 S.

147 1597 170 1660 J
171 1597 427 1674 oannis-modo
443 1618 505 1659 non
522 1598 639 1659 festum
655 1597 780 1677 aliquod
797 1598 823 1658 I.
840 1598 885 1660 vel
904 1598 949 1660 ΙΙ.
967 1620 991 1661 c.
1008 1603 1161 1673 occurrat,
1176 1618 1237 1678 quc

144 1692 178 1753 in
199 1711 271 1755 casu
292 1691 432 1754 canenda
454 1697 500 1754 est
521 1692 619 1754 Missa
640 1692 703 1753 diei
726 1712 844 1756 occurr.
864 1713 936 1755 cum
959 1693 1046 1756 Orat.
1071 1692 1129 1755 SS.
1152 1692 1237 1755 Sacr.

143 1783 200 1846 sub
220 1804 282 1845 una
302 1783 447 1858 conclus,
467 1783 589 1847 omissis
608 1784 753 1847 omnibus
772 1783 843 1848 aliis
863 1784 1233 1846 commemorationibus.²

188 1881 216 1939 3.
240 1876 445 1957 Indulgentia
474 1877 614 1958 plenaria
644 1876 836 1952 conceditur,
866 1878 1010 1939 “etiamsi
1046 1876 1231 1958 [expositio]

144 1969 364 2034 tantummodo
380 1971 414 2032 in
429 1969 509 2032 feria
525 1969 563 2032 V.
580 1969 666 2031 infra
682 1968 823 2032 hebdom.
842 1969 952 2050 Sexag.
970 1969 1192 2051 peragatur.''²

588 2170 795 2223 APPENDIX.

408 2304 451 2369 De
465 2305 614 2369 concione
628 2323 732 2367 coram
746 2306 795 2368 SS.
810 2308 970 2385 Exposita.

186 2447 257 2514 2³0.
282 2450 380 2511 Nulla
414 2451 480 2530 lege
515 2448 653 2529 generali
686 2450 869 2529 prohibetur
904 2452 1010 2513 concio
1046 2472 1149 2512 coram
1187 2450 1234 2512 Ss.

144 2545 293 2625 exposito.
333 2544 537 2622 Praeceptum
555 2563 616 2603 aon
635 2543 835 2622 praedicandi
853 2549 991 2624 ternpore
1008 2545 1159 2606 orationis
1176 2545 1236 2605 XL

144 2640 293 2700 horarum
315 2639 349 2698 in
372 2638 584 2699 Instructione
609 2637 807 2699 Clementina
829 2642 1022 2712 contentum,
1046 2637 1235 2717 particulare

143 2737 191 2795 est
208 2750 264 2812 pro
284 2731 392 2791 Urbe⁸
438 2728 620 2792 Nullimode
639 2750 710 2791 vero
728 2730 975 2810 permittendum
996 2735 1052 2805 est,
1072 2731 1234 2793 conciones

143 2825 211 2887 fieri
226 2824 264 2885 de
277 2824 338 2885 alio
353 2828 538 2902 argumento
553 2842 645 2902 quam
660 2823 698 2885 de
713 2823 909 2885 divinissima
925 2824 1134 2887 Euclraristia.

185 2920 214 2979 2.
240 2916 480 2989 Sermocinator‚
507 2916 648 2995 quamvis
674 2917 715 2978 sit
743 2917 916 2996 Regularis,
943 2916 1166 2998 superpelliceo
1192 2917 1234 2979 sit

103 3011 104 3014 ’
142 3010 284 3073 indutus.
327 3009 445 3071 Utrum
466 3008 546 3070 stola
566 3009 685 3088 imponi
706 3009 803 3089 possit
823 3030 929 3084 necne,
950 3011 1104 3090 dependet
1124 3032 1141 3072 a
1162 3031 1233 3072 con-

142 3104 317 3166 suetudine.
359 3103 466 3163 'Palem
487 3102 744 3164 consuetudinem
765 3102 878 3182 ubique
899 3105 929 3163 in
951 3104 1033 3165 hisce
1054 3104 1233 3183 regionibns

140 3207 255 3279 vigere,
273 3197 336 3259 dici
354 3196 472 3276 nequit.

184 3295 212 3353 3.
236 3291 399 3369 Tempore,
426 3309 486 3369 quo
512 3289 619 3351 concio
647 3288 692 3364 fit,
719 3287 821 3349 velum
848 3293 920 3350 ante
947 3310 969 3351 s.
999 3290 1231 3352 Euclraristiam

141 3384 264 3465 publice
281 3383 454 3462 expositam
472 3383 586 3462 apponi
605 3381 719 3442 debet.⁴

182 3482 211 3539 4.
236 3477 308 3538 Non
330 3476 402 3537 licet
423 3475 533 3538 habere
555 3476 733 3536 concionem
755 3474 856 3554 capite
876 3479 957 3537 tecto
979 3481 1052 3539 ante
1074 3478 1230 3539 sanctissi-

140 3592 227 3633 mum
246 3570 483 3632 Sacramentum
501 3569 602 3647 palam
622 3569 808 3647 expositum,
825 3568 965 3647 quanu'is
983 3569 1048 3630 velo
1066 3571 1161 3631 serico
1179 3570 1230 3631 ob-

139 3665 295 3726 ductum.⁶
366 3662 477 3724 Velato
507 3662 718 3728 Sacramenta.
747 3660 856 3724 Clerus
884 3682 953 3722 vero
982 3665 1098 3741 poterit
1126 3663 1231 3725 sedere

138 3762 221 3820 tecto
236 3758 337 3836 capite
352 3777 424 3818 cum
438 3756 537 3818 bireto
546 3773 555 3829 ;
570 3754 623 3816 sed
638 3753 814 3815 laudandus
829 3760 918 3829 esset,
933 3755 959 3814 si
975 3753 1094 3817 sederet
1109 3755 1231 3818 detecto

138 3851 265 3931 capite.⁰

181 3948 209 4006 5.
234 3943 329 4005 Decet
342 3948 378 4005 ut
390 3943 591 4003 concionator
605 3947 728 4003 maneat
742 3940 909 4015 incomta,
923 3941 976 4021 qui
991 3943 1230 4004 circumstantes

138 4057 203 4100 non
227 4036 363 4099 adducat
388 4036 427 4097 ad
454 4040 541 4098 actus
568 4034 797 4109 irreverentiae,
823 4038 911 4113 terga
938 4034 1085 4098 vertendo
1112 4036 1150 4097 ad
1181 4036 1228 4098 Ss.

140 4130 387 4192 Sacramentum.

172 4278 182 4310 ¹
203 4270 309 4322 Decret.
332 4271 380 4320 I'r.
403 4276 430 4319 et
453 4269 497 4320 Or.
524 4270 597 4319 1852.
744 4274 754 4306 ⁴
776 4269 807 4318 D.
829 4270 867 4318 10.
888 4269 953 4320 Mai.
976 4271 1050 4330 1890,
1069 4286 1094 4319 n.
1114 4271 1190 4321 3728.
1203 4273 1226 4322 2.

172 4354 184 4386 ²
203 4348 230 4398 S.
253 4348 280 4398 0.
303 4348 412 4409 Indulg.
436 4348 476 4396 23.
499 4346 555 4397 Jai.
580 4348 653 4395 1765.
744 4352 755 4383 ὅ
776 4346 807 4396 Ι).
827 4346 867 4396 23.
886 4345 960 4411 Sept.
980 4349 1054 4405 1837,
1072 4363 1097 4397 n.
1115 4348 1225 4399 2769.2.

172 4431 184 4465 ³
203 4425 246 4475 (71.
265 4426 333 4490 Epo.
352 4425 405 4474 Iit.
424 4424 533 4473 xxiii.
552 4441 576 4488 p.
596 4425 653 4472 212.
743 4429 754 4459 ⁰
775 4423 807 4472 Ι),
827 4425 865 4472 lli.
884 4423 958 4488 Sept.
979 4426 1053 4486 1796,
1070 4440 1095 4474 n.
1114 4426 1225 4477 25521.
