2804 4890
428 701 515 761 APP.
539 700 581 761 ΙΙ.
621 700 674 760 DE
698 701 959 760 ANTIPENDIO.
1181 694 1240 762 589

188 868 218 931 2.
238 867 393 933 Strictum
411 870 611 950 praeceptum
631 885 648 931 e
667 865 768 929 verbis
786 866 893 930 citatis
911 885 976 930 non
995 869 1098 950 potest
1116 865 1240 944 deduci,

145 965 286 1025 attamen
306 965 423 1038 errant,
442 962 497 1043 qui
516 959 748 1042 Antipendium
769 958 969 1023 considerant
987 968 1135 1025 ornatum
1154 961 1239 1024 abso

145 1052 212 1118 luta
226 1052 370 1117 liberum
406 1053 546 1116 Ecclesia
559 1053 645 1116 enirn
659 1053 790 1130 insistit,
803 1057 840 1117 ut
854 1052 963 1131 altare,
978 1055 1060 1136 quod
1076 1053 1240 1117 Christum

146 1152 369 1228 repraesentat,
387 1166 509 1229 semper
526 1165 701 1226 congruum
719 1146 862 1210 decorem
880 1147 1001 1211 habeat.
1042 1146 1130 1210 Talis
1149 1146 1241 1210 decor

146 1245 253 1304 autern
271 1241 407 1322 praecise
425 1238 657 1322 Antipendium
676 1242 733 1303 est.
772 1240 848 1304 Ideo
867 1241 980 1305 merito
998 1240 1078 1303 dicit
1096 1241 1169 1303 Van
1186 1240 1241 1304 der

148 1330 321 1415 Stappen:⁸
353 1332 608 1415 “Antipendium
636 1332 859 1414 apponendum
888 1339 937 1397 est
964 1333 1004 1396 ad
1034 1334 1241 1416 quodcunque

147 1426 255 1501 altare,
276 1426 339 1489 nisi
362 1427 429 1507 ipsa
452 1430 610 1489 structura
633 1427 753 1504 altaris,
776 1426 899 1508 lapidea
921 1427 969 1490 vel
993 1428 1109 1508 lignea,
1132 1428 1240 1491 decore

147 1524 258 1582 ornata
282 1520 325 1582 sit
347 1518 485 1596 metallo,
511 1519 559 1582 vel
584 1519 688 1601 lapide
712 1520 860 1603 pretioso,
886 1519 933 1583 vel
959 1519 1080 1601 figuris,
1105 1525 1161 1582 aut
1185 1538 1241 1601 per

146 1610 276 1674 modum
306 1610 433 1675 tumbae
464 1612 506 1675 sit
537 1612 689 1676 coniecta.
740 1612 892 1676 Attamen
924 1614 957 1675 in
988 1612 1240 1676 sollemnioribus

147 1703 373 1769 festivitatibus
406 1706 502 1768 etiam
535 1725 592 1786 pro
625 1705 810 1785 hujusmodi
841 1707 935 1769 altari
969 1707 1152 1788 requiritur,
1186 1709 1242 1767 aut

147 1796 259 1860 saltem
282 1798 427 1861 convenit
452 1796 542 1878 pallii
567 1799 760 1879 pretiosioris
785 1798 945 1863 ornatus.''

189 1891 219 1953 3.
242 1887 289 1953 De
308 1891 440 1953 materia
459 1889 647 1971 Antipendii
668 1893 808 1955 rubricae
828 1892 908 1954 nihil
930 1896 1073 1955 accurate
1092 1890 1241 1972 praescri·

147 1981 236 2045 bunt.
278 1981 496 2046 communiter
512 2003 529 2047 e
548 1984 645 2048 serico
663 1983 838 2061 conficitur,
856 1985 909 2047 sed
929 2005 991 2046 non
1011 1984 1088 2048 adeo
1105 1985 1242 2064 rigorose

147 2073 360 2138 adhibendum
382 2080 429 2138 est
449 2095 485 2138 ac
506 2095 563 2156 pro
586 2076 779 2138 indumentis
801 2076 1053 2140 sacerdotalibus.

189 2171 218 2231 4.
242 2166 334 2231 Circa
356 2167 490 2231 colorem
516 2167 640 2230 rubrica
664 2168 803 2230 Missalis
828 2169 975 2231 Romani⁴
1001 2172 1127 2232 tantum
1153 2169 1241 2244 dicit,

149 2260 288 2323 Pallium
309 2258 419 2325 debere
440 2280 505 2324 esse
526 2280 701 2340 congruum
726 2262 817 2323 Festo
840 2262 886 2324 vel
911 2261 1028 2325 Officio
1073 2262 1242 2323 Decretum

149 2354 277 2435 insuper
296 2351 429 2417 habetur
450 2353 482 2416 S.
504 2353 637 2416 Rituum
659 2352 747 2429 Con,
768 2353 849 2433 quod
870 2374 927 2434 pro
947 2354 1051 2428 altari,
1071 2354 1104 2415 in
1125 2373 1185 2434 quo
1205 2353 1243 2414 fit

149 2446 313 2526 Expositio
335 2445 393 2509 88.
417 2445 623 2522 Sacramenti,
646 2445 831 2527 praeseribit
853 2445 1084 2525 Antipendium
1108 2446 1172 2509 albi
1194 2466 1242 2509 co·

148 2538 234 2614 loris,
251 2543 283 2601 et
300 2537 398 2614 aliud,
417 2537 499 2620 quod
518 2542 611 2613 vetat,
629 2539 797 2618 quominus
816 2539 849 2599 in
869 2537 973 2614 altari,
993 2539 1046 2599 ubi
1066 2542 1243 2600 asservatur

154 2629 328 2712 (inclusum
345 2631 380 2693 in
396 2630 627 2709 Tabernaeulo)
651 2631 709 2693 88.
728 2631 977 2706 Sacramentum,
994 2651 1133 2710 unquam
1150 2631 1241 2692 Anti·

149 2724 299 2804 pendium
316 2723 402 2804 nigri
418 2723 530 2787 coloris
544 2724 697 2802 affigatur.
738 2724 776 2784 In
796 2723 1012 2785 functionibus
1031 2723 1242 2802 Exequiarum

150 2821 226 2880 tunc
246 2813 330 2879 color
349 2814 502 2878 violaceus
523 2817 584 2879 erit
604 2813 809 2878 adhibendus.

191 2911 221 2973 ὅ.
240 2906 350 2984 Quoad
370 2912 517 2973 ornatum
537 2907 726 2988 Antipendii
747 2927 868 2988 semper
888 2929 1002 2989 magna
1023 2908 1152 2972 libertas
1171 2928 1243 2971 con·

149 3021 233 3066 cessa
253 3001 327 3064 fuit.
370 3000 535 3077 Convenit,
556 3005 594 3063 ut
613 3001 729 3064 fasciae
749 3002 918 3064 trahantur
938 3000 1183 3082 longitudinales
1209 3002 1244 3080 (a

149 3113 247 3157 comu
266 3093 426 3174 Epistolae
443 3112 541 3174 usque
559 3093 599 3155 ad
616 3113 713 3155 cornu
734 3094 931 3173 Evangelii),
951 3114 1071 3158 necnon
1091 3095 1124 3157 in
1144 3100 1243 3157 extre-

150 3185 314 3250 mitatibus
333 3185 525 3262 lateralibus,
544 3205 623 3266 quae
644 3187 758 3249 fasciae
777 3189 894 3266 optime
913 3207 989 3250 auro
1010 3187 1056 3250 vel
1076 3207 1168 3267 opere
1186 3206 1243 3250 acu

151 3279 235 3360 picto
271 3281 303 3343 et
339 3278 434 3342 variis
470 3276 625 3340 coloribus
662 3278 878 3341 conficiantur.
939 3278 1093 3343 Planities
1127 3278 1244 3360 poterit

151 3371 291 3435 decorari
323 3369 462 3447 floribus,
494 3369 694 3450 imaginibus,
726 3370 962 3433 emblematibus
997 3372 1118 3434 diverso
1152 3371 1244 3433 modo

151 3463 322 3544 dispositis,
342 3462 396 3526 sed
417 3463 531 3528 fasciae
551 3461 699 3524 videntur
718 3481 782 3525 esse
803 3464 903 3541 magis
924 3462 1099 3526 conformes
1121 3463 1244 3542 liturgi-

150 3558 195 3620 cis
218 3555 336 3619 usibus.
381 3555 417 3618 Si
440 3554 593 3635 imagines
616 3558 816 3634 apponantur
840 3555 901 3629 hic,
926 3556 1045 3617 intuitu
1076 3557 1167 3618 istius
1185 3555 1244 3616 cir·

151 3649 369 3724 cumstantiae‚
384 3648 466 3728 quod
484 3649 582 3711 altare
600 3652 811 3728 repraesentat
829 3647 1002 3724 Christum,
1019 3650 1076 3711 bae
1093 3647 1246 3728 imagines

152 3762 273 3823 semper
290 3739 474 3804 relationem
491 3739 626 3803 habeant
644 3741 682 3803 ad
704 3740 761 3802 88.
782 3741 1031 3819 Redemptorem‚
1048 3743 1117 3820 ojus
1137 3743 1245 3812 vitam,

152 3835 395 3897 eucharisticum
421 3832 610 3895 sacrificium
637 3836 666 3895 et
695 3835 878 3913 passionem.
929 3833 1087 3911 imagines
1115 3833 1244 3897 Sancto·

153 3949 224 3990 rum
248 3927 355 3989 minus
379 3932 566 4006 congruunt.
609 3924 693 3986 Addi
718 3931 850 4004 oportet,
876 3947 938 3989 non
965 3925 1057 3989 licere
1084 3927 1125 3987 ibi
1151 3947 1244 4006 appo

152 4042 225 4086 nere
245 4020 378 4101 figuram
397 4023 524 4082 tanturn
543 4017 654 4081 Gordia
673 4018 750 4079 Jcsu
770 4040 788 4080 a
808 4038 938 4101 persona
958 4017 1076 4081 Christi
1099 4020 1244 4099 separati.

154 4114 196 4177 Et
213 4113 297 4177 idem
314 4111 396 4175 valet
410 4112 448 4175 de
466 4109 524 4175 88.
542 4110 643 4174 Corde
660 4111 695 4173 B.
712 4111 756 4173 Μ.
774 4111 813 4173 V.
833 4111 915 4173 Nam
935 4111 967 4174 8.
986 4112 1117 4174 Rituum
1137 4112 1245 4193 Cong,

153 4208 245 4288 juxta
270 4205 439 4268 Decretum
463 4207 492 4267 5.
516 4202 638 4284 Aprilis
664 4206 743 4264 1879
769 4203 808 4266 ad
832 4205 1045 4283 quaestionem
1071 4225 1164 4286 super
1188 4206 1246 4267 hoc

152 4299 346 4381 propositam
376 4295 628 4388 respondendum
659 4296 798 4359 censuit:
841 4297 1027 4377 “Ejusmodi
1058 4298 1243 4362 emblemata

154 4394 276 4473 privata
295 4412 333 4454 er
353 4390 516 4454 devotione
536 4389 679 4470 permitti
698 4407 796 4468 posse.
818 4387 988 4452 dummodo
1008 4389 1161 4455 altaribus
1182 4411 1244 4456 non

237 4525 422 4594 aurosa
757 4525 835 4578 vrit.
854 4525 916 4579 xx.
