2804 4890
193 665 250 728 126
289 674 341 729 DE
364 673 457 728 RITU
482 671 752 727 MINISTRANDI
776 671 816 726 IN
842 671 961 728 misse
986 672 1168 730 PRIVATA.

514 865 621 902 ruimus
853 864 1005 903 SECUNDUS
1116 862 1225 901 UNICUS
1234 862 1282 900 CA·

474 940 669 978 CAPELLANUS.
832 938 1027 977 carentanos
1116 937 1274 976 PELLANUS.

189 1015 232 1067 25.
250 1012 346 1067 Purifi·
424 1014 567 1070 Canonem
595 1015 622 1068 in
648 1014 740 1069 medio
799 1015 932 1069 Pileolum
965 1014 993 1069 in
1025 1014 1100 1081 capi·
1151 1013 1191 1067 Ut
1240 1030 1283 1067 se·

242 1088 352 1143 catioet
406 1090 503 1157 Alteri,
526 1097 555 1143 et
577 1089 690 1144 Missale
712 1091 739 1143 in
764 1097 793 1146 te
814 1090 943 1158 Episcopi
979 1088 1097 1157 reponit.
1114 1087 1230 1142 condus.

242 1162 357 1217 ablutio.
405 1165 477 1231 legili
489 1166 599 1233 reponit
610 1171 639 1218 et
651 1172 740 1218 trans·
763 1166 988 1220 Purificationem
1004 1170 1034 1219 et
1049 1163 1099 1219 ab·

406 1241 461 1295 iert
480 1241 508 1293 in
529 1257 613 1294 cornu
629 1239 741 1307 Episto·
763 1241 897 1296 tutionem
948 1239 1097 1294 ministrat.

406 1314 449 1370 lae
465 1315 548 1370 simul
565 1333 628 1369 cum
646 1313 739 1382 bugin,
764 1316 829 1369 Duo
849 1315 988 1370 intortitia
1010 1313 1099 1369 extin-
1161 1312 1274 1368 Missaie

407 1390 595 1456 genuflectens
612 1389 639 1443 in
657 1390 741 1457 plano
763 1389 873 1456 guenda
885 1395 973 1445 curat.
1113 1388 1279 1455 supertegile

406 1472 473 1520 ante
485 1464 606 1519 medium
619 1464 723 1519 Altare.
1113 1465 1278 1530 repositum

188 1540 233 1592 26.
253 1539 335 1593 lotio
446 1540 566 1606 Quando
584 1538 741 1607 Episcopus
791 1543 902 1608 Aquam
910 1539 1095 1605 administrat,
1114 1545 1142 1590 et
1168 1538 1280 1605 bugiam

241 1629 339 1666 manu·
407 1614 435 1668 in
474 1615 559 1669 latere
598 1614 740 1682 Epistolae
762 1613 1098 1682 nisipertertiumCapei·
1115 1613 1264 1668 transfert.-

240 1704 298 1742 um.
406 1706 506 1745 manua
533 1688 619 1755 lavat,
648 1689 740 1744 detra·
763 1690 858 1744 lanum
874 1690 918 1743 vel
934 1688 1097 1744 familiarem
1137 1688 1282 1743 Ministrat

406 1764 449 1819 hit
464 1763 607 1829 annulum,
625 1763 739 1832 porrigit
763 1763 894 1832 Episcopi
907 1765 965 1818 fiat.
1113 1769 1281 1830 aquamptc.

407 1838 521 1893 mantile
531 1845 560 1892 et
570 1840 679 1906 reponit
690 1856 740 1892 an-

405 1914 510 1969 nulum.

441 1989 554 2044 Assistit
577 1989 613 2046 ad
638 1989 739 2045 librum
799 1990 843 2044 Ad
864 1990 960 2045 Altnre
981 1988 1097 2055 accedit,
1151 1988 1191 2042 Ut
1240 2005 1282 2042 se-

405 2069 504 2119 tonens
521 2064 633 2129 bugiam
651 2071 680 2119 et
699 2064 740 2118 in·
763 2066 881 2131 extergit
891 2065 1012 2131 calicem,
1023 2082 1098 2119 oom-
1114 2065 1230 2119 cundus.

287 2177 294 2191 .
405 2139 482 2194 dicat
507 2138 739 2194 communionem
764 2141 850 2208 plicat
884 2139 1033 2207 corporale,
1068 2147 1099 2194 et

405 2219 435 2268 et
447 2213 601 2269 Orationes.
764 2215 876 2271 calicem
938 2220 1097 2271 contectum

764 2309 827 2345 cum
855 2290 931 2345 omni
959 2297 1098 2358 apparatu

764 2366 800 2421 sd
817 2365 986 2421 credentiam
1004 2366 1096 2434 refert,
1115 2364 1224 2419 Deinde
1245 2363 1281 2420 ad

763 2446 794 2495 et
814 2441 849 2496 od
870 2439 1010 2495 sinistram
1031 2439 1099 2507 Epi·
1114 2439 1215 2494 librum
1240 2456 1283 2494 es·

762 2517 839 2583 scopi
851 2515 931 2570 redit.
1114 2514 1231 2580 sistit,
1253 2520 1282 2568 et

186 2591 231 2644 28.
258 2588 346 2644 Bene·
441 2590 612 2648 Genuiiectit
639 2591 666 2645 in
695 2609 740 2646 su·
799 2589 969 2645 Genuflectit
996 2588 1024 2644 in
1053 2609 1099 2646 su-
1113 2589 1220 2656 reiiqua
1249 2595 1282 2643 ut

240 2663 334 2718 dictio.
406 2682 502 2734 premo
513 2666 699 2734 suppedaneo.
764 2682 858 2734 premo
870 2666 1056 2733 suppedaneo.
1113 2665 1283 2732 primusper-

186 2815 231 2868 29.
252 2812 346 2868 Evan-
441 2815 559 2882 Bugiam
592 2834 610 2871 a
642 2815 740 2871 dextra
799 2814 942 2871 Canonem
956 2815 1099 2871 asinistro

240 2887 350 2953 getium.
405 2890 535 2960 Episcopi
548 2898 634 2945 tenet.
763 2891 894 2959 Episcopi
906 2891 1033 2945 sustinet.
1139 2888 1282 2944 Canonem

1114 2971 1143 3020 et
1169 2963 1281 3031 bugiam

187 3038 222 3092 Et
242 3038 345 3092 cabum
442 3039 688 3109 Nongenuflectit.
801 3040 866 3096 Non
878 3040 1046 3108 genuflectit.
1115 3045 1201 3095 tenet.

239 3112 294 3178 cs.

206 901 327 940 'rums

186 3191 223 3242 30
442 3190 515 3246 Cum
534 3191 672 3260 Episcopo
692 3191 740 3246 de·
800 3190 873 3247 Cum
894 3191 1033 3260 Episcopo
1052 3191 1100 3245 de-
1151 3191 1192 3244 Ut
1227 3191 1282 3257 pri·

407 3265 514 3321 scendit
542 3274 571 3321 et
599 3266 627 3319 in
657 3266 740 3334 plano
764 3267 872 3322 scendit
900 3273 929 3321 et
958 3266 986 3319 in
1016 3265 1100 3334 plano
1116 3283 1186 3320 mus.

407 3340 574 3407 genuflectit.
764 3342 933 3408 genuflectit.

442 3416 527 3470 Exuit
570 3415 739 3485 Episcopum
801 3416 927 3483 Adiuvat
949 3417 978 3471 in
1000 3434 1099 3471 exuen-

406 3491 486 3559 eique
512 3499 663 3547 mozettam
690 3492 741 3545 im·
764 3492 808 3546 dis
836 3492 1006 3559 paramentis
1033 3491 1099 3558 Epi-

407 3567 528 3634 ponitet
541 3567 658 3622 Crucem
678 3585 741 3634 pcc·
764 3567 840 3634 scopi
885 3583 972 3634 esque
1016 3582 1100 3633 super

407 3640 522 3696 totalem
535 3641 682 3711 porrigit.¹⁴
764 3642 860 3697 Altero
872 3640 996 3709 deponit.

441 3715 554 3771 Assistit
562 3717 700 3785 Episcopo
708 3723 741 3772 ut
801 3717 841 3771 Ut
868 3717 974 3784 primus
999 3714 1100 3785 Capel-

406 3796 473 3846 ante
495 3791 611 3846 Missam
636 3795 674 3856 (v.
696 3794 739 3857 78,
764 3791 854 3847 lenus.

405 3867 436 3930 2)
449 3883 569 3933 eumque
580 3865 616 3922 ad
630 3874 739 3935 portam

405 3939 543 3996 Ecclesiae
578 3942 623 3995 vel
657 3941 740 3996 socri·

410 4016 480 4069 stiae
493 4016 650 4070 comitatur.

186 4251 196 4306 ¹
226 4181 252 4215 ¹⁴
271 4175 423 4240 Episcopus
438 4190 491 4225 non
508 4175 584 4227 lavat
600 4190 705 4241 manns,
725 4178 790 4244 quis
805 4194 852 4231 aas
868 4180 937 4231 larit
952 4183 1016 4248 post
1032 4179 1182 4246 digitorum
1199 4178 1246 4231 ab·

197 4253 325 4304 utionam.
