2804 4890
226 700 280 758 na
302 701 424 759 mssa
444 698 592 759 voaivs
612 698 688 755 rso
712 696 862 755 sponso
885 694 936 753 nr
959 695 1121 754 srouss.
1164 683 1226 751 487

151 875 203 933 17.
227 871 386 933 Parochus
409 870 561 933 “Missam
580 890 636 951 pro
659 888 771 950 sponso
791 873 823 932 et
844 864 976 950 sponsa''
997 866 1039 929 ad
1060 865 1156 929 aliam
1177 864 1225 927 in·

134 965 306 1026 tentionem
325 965 482 1045 applicare
504 970 616 1045 potest,
636 964 663 1024 si
684 984 702 1024 a
723 962 845 1042 sponsis
865 960 965 1042 petita
986 979 1050 1022 non
1070 959 1121 1021 sit.

176 1056 214 1116 In
245 1057 353 1120 eadem
383 1057 479 1118 Missa
508 1057 614 1137 plures
644 1056 749 1136 sponsi
779 1052 919 1117 benedici
949 1054 1091 1136 possunt,
1120 1070 1226 1132 preces

134 1156 238 1211 tamen
254 1170 316 1211 non
331 1149 481 1211 dicuntur
498 1151 529 1210 in
545 1147 672 1229 plurali,
687 1149 740 1210 sed
756 1153 850 1228 prout
866 1148 899 1209 in
916 1145 1037 1207 Missali
1053 1149 1225 1226 ponuntur.

175 1245 203 1302 8.
226 1242 290 1304 Pro
320 1241 531 1304 matrimoniis
560 1241 667 1303 mistas
698 1239 768 1304 vide
799 1240 944 1321 Excerpt.
977 1239 1041 1302 Rit.
1072 1239 1161 1302 Rom.
1191 1237 1226 1300 in

133 1335 312 1415 appendice.
363 1334 567 1396 Matrimonia
596 1334 695 1396 mixta
724 1332 881 1395 ordinarie
909 1337 998 1395 extra
1026 1330 1225 1393 Ecclesiam¹⁴

133 1427 246 1507 absque
264 1425 329 1489 ullo
346 1428 412 1489 ritu
429 1425 636 1490 ecclesiastico
654 1425 865 1489 contrahenda
881 1432 966 1500 sunt,
985 1428 1041 1487 “ut
1059 1426 1092 1487 in
1112 1423 1225 1486 Catho

135 1519 265 1582 licorum
284 1520 399 1581 animis
418 1538 579 1599 nunquam
599 1518 783 1582 obliteratur
800 1518 950 1579 memoria
969 1522 1040 1579 tum
1059 1535 1226 1591 canonum,

131 1612 185 1692 qui
207 1611 385 1674 istiusmodi
411 1613 510 1673 mixta
532 1612 734 1673 matrimonia
758 1610 965 1686 detestantur,
988 1614 1058 1672 tum
1081 1611 1225 1672 constan·

134 1706 248 1766 tissimi
268 1704 354 1767 illius
373 1703 483 1780 studii,
502 1724 561 1785 quo
583 1705 615 1767 S.
637 1704 740 1767 Mater
760 1703 898 1765 Ecclesia
920 1723 1082 1784 nunquam
1102 1701 1226 1765 destitit

133 1796 214 1857 filios
233 1817 304 1858 suos
321 1799 458 1859 avertere
476 1817 510 1859 ac
529 1797 683 1859 deterrere
702 1797 739 1858 ab
759 1795 869 1857 iisdem
887 1796 996 1858 mixtis
1014 1794 1173 1876 conjugiis
1192 1793 1225 1855 in

133 1910 239 1951 eorum
262 1894 293 1951 et
316 1889 443 1951 futurae
465 1887 562 1969 prolis
584 1887 756 1969 perniciem
777 1886 1037 1951 contrahendis.¹⁶

258 2240 307 2290 DE
328 2241 443 2292 Missa
463 2242 605 2291 votiva
625 2242 697 2292 PRO
718 2241 860 2291 SPONSO
880 2243 927 2292 ET
948 2242 1101 2294 SPONSA.

175 2364 245 2427 299.
276 2367 373 2428 Missa
403 2368 505 2428 sotira
535 2387 591 2447 pro
621 2387 732 2448 sponso
761 2373 792 2430 et
822 2388 934 2448 sponsa
964 2369 1161 2449 permittitur
1190 2368 1224 2428 in

133 2458 321 2538 duplicibus,
346 2460 442 2520 etiarn
467 2458 657 2537 majoribus;
682 2459 864 2540 prohibetur
888 2464 1011 2523 autem:

181 2553 230 2629 (ol
260 2551 299 2611 In
324 2550 499 2612 Dominicis
520 2558 552 2614 ct
576 2552 665 2614 festis
686 2552 725 2615 de
749 2556 912 2632 praecepto
920 2573 930 2629 ;

181 2645 232 2721 (h)
261 2643 301 2704 In
324 2643 503 2723 duplicibus
526 2647 572 2703 1⁸⁰
594 2650 624 2706 et
648 2647 695 2704 2⁸⁶
717 2643 823 2706 classis
832 2647 854 2719 3¹

179 2736 228 2815 (c)
257 2735 318 2798 Per
358 2739 480 2797 octavas
523 2736 719 2816 Epiphaniae
762 2736 960 2800 Pentecostes
1002 2744 1034 2802 et
1078 2739 1226 2821 Corporis

133 2828 263 2904 Christi,
293 2829 326 2889 in
353 2828 459 2908 vigilia
489 2830 686 2893 Pentecostes
713 2830 844 2909 aliisque
872 2830 981 2894 dicbus
1009 2831 1149 2913 duplicia
1177 2835 1225 2893 2⁸⁰

131 2922 237 2982 classis
259 2921 504 2983 excludentibus.

179 3014 233 3091 (d)
262 3013 301 3074 In
321 3014 400 3077 feris
422 3014 642 3092 Rogationum,
662 3015 687 3075 si
708 3021 831 3095 praeter
853 3016 981 3077 Missam
1000 3018 1225 3097 praescriptam

134 3106 343 3181 Rogatianum
365 3106 426 3167 alia
448 3105 544 3167 blissa
567 3107 714 3167 celebrari
735 3127 797 3168 non
820 3108 942 3189 possit.²

167 3228 265 3278 ¹⁴Non
281 3229 309 3278 in
324 3229 452 3281 sacristia
467 3231 514 3280 sed
532 3230 558 3279 in
575 3231 653 3281 ‹lomo
701 3245 746 3294 my
770 3233 844 3282 word
869 3233 923 3283 and
949 3234 1042 3297 bonor,
1067 3235 1129 3286 that
1152 3261 1224 3272 —

132 3305 283 3369 parochiali
318 3306 405 3356 aliove
439 3305 498 3355 loco
532 3306 652 3356 honesto.
700 3306 771 3356 shall
795 3307 828 3358 be
853 3309 1001 3373 permitted
1025 3310 1071 3360 the
1097 3310 1156 3362 free
1179 3327 1222 3362 ex-

132 3380 172 3429 De
188 3380 286 3443 Herdt,
302 3379 358 3431 ΠΙ.
375 3380 433 3432 284.
700 3382 785 3433 ercisc
814 3383 846 3433 of
874 3384 989 3449 religion
1018 3386 1166 3451 according
1194 3391 1223 3437 to

167 3462 193 3495 ¹⁵
208 3456 290 3506 lustr.
323 3455 349 3506 S.
383 3455 462 3508 Sedis
492 3458 528 3508 ad
562 3472 654 3508 omnes
702 3458 885 3519 -beliet3
902 3461 956 3510 and
971 3461 1032 3511 that
1048 3461 1086 3512 all
1101 3462 1223 3513 children

132 3533 365 3597 Archiepiscopos,
412 3532 561 3597 Episcopus
605 3532 652 3584 ali·
701 3533 734 3583 of
754 3535 841 3585 either
864 3551 909 3585 sex
932 3537 999 3586 born
1023 3537 1055 3586 of
1076 3537 1132 3586 this
1154 3552 1222 3589 mar·

132 3623 212 3672 osque
241 3610 358 3658 locorum
387 3606 555 3659 Ordinarios.
606 3609 653 3672 (15
701 3610 777 3673 riage
796 3611 866 3660 shall
885 3611 918 3661 lie
938 3611 1066 3676 baptized
1086 3613 1141 3663 and
1160 3615 1223 3665 edu-

133 3684 200 3735 Nos.
224 3684 314 3745 1858.)
701 3687 780 3736 cated
800 3686 826 3735 in
846 3688 892 3737 the
912 3688 985 3738 {aith
1004 3689 1057 3738 and
1077 3689 1224 3754 according

168 3760 323 3824 Aliquando
347 3775 380 3812 ax
404 3760 464 3824 legs
487 3758 655 3812 Dioecesana
702 3765 730 3811 to
755 3762 801 3811 the
825 3763 967 3825 reschinps
992 3763 1025 3813 of
1048 3764 1094 3814 the
1120 3764 1223 3816 Roman

132 3851 246 3901 sequens
272 3837 314 3886 rel
341 3836 439 3886 similia
466 3836 610 3902 promissio
637 3850 655 3886 a
701 3837 823 3888 catholic
851 3838 965 3890 Church.
1012 3840 1075 3890 And
1104 3840 1223 3892 further-

131 3918 211 3978 parte
229 3913 382 3964 acatholica
398 3916 440 3964 est
457 3912 607 3977 signanda:
701 3928 782 3977 more,
817 3915 879 3965 that
911 3931 945 3965 no
977 3917 1055 3967 other
1086 3917 1223 3981 marriage

168 3989 191 4051 Ι,
207 3991 254 4040 the
270 3989 462 4054 undersigncd,
479 3992 526 4040 not
542 4004 560 4040 a
575 4004 654 4039 mam·
701 4004 843 4053 ceremony
870 3992 936 4042 than
964 3993 1026 4043 that
1054 3993 1150 4045 before
1176 3995 1223 4046 the

133 4066 180 4117 ber
198 4065 230 4115 of
246 4067 292 4116 the
308 4065 431 4117 Catholic
447 4065 561 4127 Ohurch,
577 4065 654 4115 wish·
700 4064 824 4117 Catholic
838 4066 923 4132 priest
939 4068 1009 4119 shall
1023 4069 1087 4120 take
1101 4069 1187 4135 placa.

135 4143 182 4204 ing
211 4147 239 4192 to
269 4146 393 4193 contract
422 4140 560 4205 marriage
587 4140 656 4191 with
1031 4171 1102 4180 —
1118 4170 1190 4180 —

133 4245 210 4280 —-‚
237 4233 254 4269 a
279 4219 397 4270 member
422 4217 455 4269 of
479 4219 525 4268 the
550 4218 654 4268 Roman
736 4217 838 4283 sigred
857 4219 883 4268 in
902 4221 947 4271 the
962 4235 1089 4286 presence
1106 4221 1224 4272 of—

133 4295 256 4345 Catholic
271 4295 385 4357 Cburch,
401 4309 516 4360 propoae
531 4297 560 4344 to
576 4294 610 4344 do
625 4308 655 4344 so
700 4319 778 4351 —-.
800 4295 856 4344 this
876 4322 947 4331 —
967 4297 1021 4360 day
1041 4296 1074 4347 of
1091 4322 1170 4349 —.

133 4372 199 4421 with
220 4373 265 4422 the
288 4370 506 4433 understanding
526 4370 587 4421 that
609 4370 655 4420 the.
737 4371 792 4420 ¹1).
812 4371 888 4421 3016.
908 4374 930 4423 1.

738 4446 803 4495 ²('f.
825 4446 946 4499 111120Ω

132 4529 194 4590 cept
218 4524 256 4588 by
279 4523 370 4585 death,
393 4522 450 4574 and
471 4522 597 4588 promise,
620 4539 655 4574 on
