2804 4890
151 659 190 719 42
338 666 391 722 DE
414 664 609 722 PARTIBUS
632 665 779 722 MISSAE
802 666 1035 724 MOBILIBUS.

594 887 708 958 ΛΒΤ.
734 887 799 959 IV.

262 1072 312 1122 DE
340 1072 576 1122 OPFER'I'ORIO
605 1072 727 1136 USQUE
755 1073 806 1123 AD
834 1073 1132 1126 COMMUNIONEM.

195 1237 245 1299 24.
270 1238 437 1316 Offertorio
461 1244 599 1316 tempore
623 1238 766 1299 Paschali
788 1238 918 1300 additur
938 1240 1081 1319 alleluja
1102 1239 1158 1301 ubi
1181 1260 1244 1302 non

153 1331 293 1394 habetur.

195 1424 320 1498 “Quum
336 1425 481 1505 pulsatur
496 1425 669 1503 Organum,
686 1427 718 1486 in
735 1426 833 1487 Missa
847 1430 974 1488 cantata
990 1425 1198 1489 Offartorium
1212 1433 1244 1489 et

153 1519 341 1580 Communio
364 1518 425 1579 dici
449 1522 579 1598 possunt
600 1519 753 1579 submissa
775 1540 845 1580 voce
873 1517 1081 1598 [recitando],
1104 1520 1158 1582 sed
1180 1540 1243 1582 non

153 1611 312 1675 omitti.''¹

195 1710 222 1767 2.
247 1707 390 1769 Sacratae
419 1705 569 1766 dicuntur
597 1706 703 1768 eodem
731 1726 862 1770 numero
890 1711 921 1768 θῖ
949 1707 1059 1769 ordine
1088 1708 1136 1769 uti
1168 1709 1242 1770 Ora-

153 1802 253 1863 tiones
268 1805 340 1862 ante
356 1798 541 1879 Epistolam,
557 1800 610 1861 sed
625 1799 739 1878 ubsque
754 1802 895 1862 Oramus.

195 1898 223 1957 3.
246 1895 464 1974 Praefationcs
487 1893 637 1954 dicuntur
660 1900 696 1955 ut
720 1895 753 1952 in
777 1892 896 1955 Ordine
919 1894 1034 1955 Missae
1056 1901 1242 1957 annotatum

153 1993 208 2050 θεῖ.
254 1987 437 2065 Soligendae
458 1992 532 2049 sunt
554 1988 609 2049 hoe
630 1988 755 2047 ordine:

201 2083 251 2161 (a)
280 2081 413 2160 Propria
428 2080 552 2153 Missae,

201 2176 252 2255 (d)
282 2175 415 2254 Propria
432 2174 532 2235 Officii
549 2173 740 2236 occurrentis

201 2271 249 2347 (a)
284 2269 416 2347 Propria
439 2268 582 2342 Octavae,

201 2364 254 2441 (d)
284 2362 329 2423 De
345 2366 493 2442 tempore,

201 2458 249 2533 (a)
283 2454 476 2516 Communis.

196 2551 323 2629 Itaque:
353 2550 403 2627 (a)
434 2549 594 2610 Praefatio
618 2549 744 2628 propria
767 2548 899 2610 dicenda
921 2552 978 2622 θεῖ,
1001 2549 1028 2610 si
1052 2548 1150 2610 Missa
1173 2569 1241 2629 pro

154 2645 255 2722 prium
277 2644 405 2715 habeat3
426 2642 582 2720 excipitur
603 2643 719 2704 festum
742 2643 772 2701 S.
795 2642 939 2716 Joannis,
960 2645 999 2703 27
1022 2641 1106 2716 Deo,
1127 2640 1242 2703 habens

157 2736 259 2797 Praei.
276 2736 314 2797 de
331 2736 506 2797 Nativitate
522 2734 560 2795 D.

196 2829 236 2890 In
264 2828 370 2889 Missis
398 2829 435 2890 de
463 2829 630 2890 Dominico
658 2828 835 2891 adhibenda
863 2833 910 2891 θεῖ
939 2828 1099 2892 Praefatio
1127 2829 1166 2891 de
1195 2829 1241 2890 Ss.

154 2925 322 2996 Trinitate,
340 2926 449 3003 utpote
468 2922 651 2984 Dominicac
670 2923 806 3001 propria,
825 2923 885 2983 nisi
904 2921 987 2985 adsit
1005 2922 1133 3002 propria
1152 2923 1242 2984 Tem-

153 3017 238 3096 poris
261 3016 532 3094 Quadragesimue,
556 3014 724 3088 Passionis,
749 3015 907 3075 Paschalis
931 3014 976 3075 vel
1000 3021 1125 3077 octavae
1148 3014 1243 3077 alicu·

153 3113 205 3189 jus
221 3111 293 3171 festi
311 3109 464 3170 Domini²
1252 3128 1255 3133 ·

195 3204 235 3264 In
254 3204 359 3263 Missis
378 3203 415 3263 de
432 3202 513 3284 scria
532 3209 669 3281 tompore
688 3202 960 3280 Quadragosimae,
981 3202 1150 3276 Passionis,
1170 3202 1242 3263 Pas-

154 3297 234 3358 chali
268 3296 399 3357 dicunda
431 3300 477 3355 θεῖ
511 3296 670 3355 Praefatio
702 3296 851 3373 temporis
882 3314 944 3354 non
978 3295 1050 3356 festi
1083 3296 1240 3375 propriam

153 3392 319 3453 habentis³

200 3486 252 3561 (b)
282 3484 315 3543 Si
338 3484 433 3545 Missa
455 3502 516 3544 non
539 3483 648 3543 habeat
671 3482 828 3561 propriam
855 3482 1097 3557 Praefationem,
1118 3482 1244 3544 dicatur

155 3578 313 3639 Praefatio
335 3578 460 3657 propria
482 3576 573 3636 officii
595 3576 796 3648 occurrentia,
817 3574 889 3636 licet
912 3579 1036 3635 tantum
1057 3595 1241 3636 commemo·

154 3674 263 3733 retur.⁴
321 3671 358 3733 In
391 3690 519 3731 occursu
553 3668 693 3749 plurium
727 3667 1059 3730 commemorationum
1091 3667 1242 3729 sumenda

151 3772 198 3827 est
216 3767 254 3827 de
275 3766 382 3826 Officio
402 3766 489 3844 prius
509 3763 774 3824 oomrncmoruto⁵

199 3861 248 3936 (a)
278 3859 312 3919 Si
342 3858 502 3920 Praefatio
530 3856 628 3919 officio
656 3856 782 3934 propria
810 3855 901 3929 desit,
928 3855 1053 3916 dicatur
1081 3854 1241 3917 Praefatio

152 3953 279 4033 propria
294 3957 428 4023 octavae,
445 3951 586 4030 quamuis
603 3948 690 4009 nulla
707 3949 762 4009 fiat
778 3949 1032 4011 commemoratio
1048 3953 1183 4012 octavae.

199 4047 252 4125 (d)
282 4044 399 4119 Quodsi
424 4044 497 4105 talis
522 4046 629 4103 octava
653 4061 716 4103 non
742 4047 894 4117 occurrat,
918 4041 1050 4104 dicenda
1075 4046 1122 4103 est
1149 4041 1241 4103 Prae

187 4238 196 4268 1
218 4231 249 4280 D.
272 4231 348 4279 2994.
371 4230 394 4279 2.
758 4234 769 4265 ⁴
790 4227 881 4277 Etiam
905 4227 938 4277 de
960 4227 1057 4289 Beata,
1080 4226 1103 4276 si
1127 4227 1154 4275 in
1177 4226 1242 4278 Sab-

186 4313 197 4344 2
217 4306 285 4356 Nov,
309 4306 391 4354 Rubr.
414 4305 448 4354 X.
470 4306 500 4365 4;
524 4308 552 4353 et
573 4302 605 4352 D.
628 4303 669 4353 30.
721 4303 787 4353 bato
811 4303 934 4353 Officium
959 4303 989 4354 B.
1015 4303 1052 4354 M.
1076 4302 1110 4354 V.
1134 4307 1242 4369 agatur.

151 4382 213 4433 Dec.
236 4382 310 4443 1911,
331 4397 357 4431 n.
378 4383 454 4431 4283.
723 4380 754 4430 D.
775 4381 813 4430 19.
831 4380 897 4444 Apr.
916 4381 990 4430 1912.

184 4458 249 4510 ΙΙ).
276 4458 315 4509 19.
342 4459 407 4521 Apr.
434 4459 508 4507 1912.
533 4459 568 4508 ad
596 4459 634 4506 12.
758 4457 820 4506 ⁵1).
847 4457 888 4505 24.
915 4456 984 4520 Maj.
1014 4456 1088 4506 1912.
