2804 4890
493 1173 827 1257 seranum<
861 1174 935 1279 11.

228 1539 375 1599 Nonne:
402 1542 568 1602 BREVES
597 1544 1109 1603 HISTORICO-PRACTICAE
1139 1545 1196 1602 DE

484 1655 759 1713 PARAMENTIS
786 1655 939 1714 seems.

206 1795 554 1878 Nota—Conspectum
587 1799 709 1861 brevem
737 1798 1073 1879 lcistorico-praeticuen
1104 1798 1141 1862 de
1168 1816 1258 1880 paen·

166 1888 280 1951 mentis
297 1890 395 1953 sacris
412 1890 447 1952 in
467 1894 524 1954 boc
543 1891 713 1973 appendice
731 1892 965 1972 sabjnnytmue,
984 1890 1130 1973 quoniam
1151 1892 1257 1973 opino·

166 2003 246 2052 mur,
281 1983 458 2061 jucundam
493 1985 561 2064 sore
596 1984 818 2056 sacerdotibus,
850 1983 1033 2066 praesertim
1067 1983 1258 2064 junioribus,

164 2072 273 2136 audire
299 2094 399 2156 pauca
424 2075 462 2137 de
489 2076 590 2147 ruodo,
617 2095 676 2157 qao
702 2080 896 2158 paramenta,
921 2076 1033 2158 quibas
1058 2075 1197 2159 quotidie
1222 2074 1256 2138 in

163 2165 382 2247 sanctionibus
404 2166 560 2248 liturgicis
581 2173 727 2239 aluntur,
747 2169 913 2250 paullatim
934 2169 974 2231 od
994 2171 1142 2250 feroram,
1165 2189 1256 2250 quam

164 2279 249 2322 nuere
268 2259 393 2331 baberet,
416 2261 548 2322 decursu
570 2265 744 2347 terrrporune
767 2260 967 2323 excreverint.
1000 2259 1106 2323 Simul
1128 2260 1256 2343 patebit,

165 2357 282 2434 quanta
308 2352 449 2416 sollertia
479 2350 620 2415 Ecclesia
647 2373 770 2434 semper
800 2351 1021 2433 invigilaverit,
1054 2358 1089 2415 ut
1119 2373 1138 2416 a
1169 2354 1257 2416 cultu

165 2445 270 2508 diuino
291 2445 528 2527 profanat-iones
547 2448 577 2507 et
599 2444 752 2508 vanitates
774 2443 851 2508 istae
873 2451 1048 2518 arceantur,
1071 2444 1183 2528 quibus
1204 2446 1256 2511 bo

165 2538 264 2600 ueiens
288 2538 370 2600 circa
392 2541 489 2600 uestes
512 2558 584 2600 suras
606 2558 638 2600 se
663 2538 773 2601 dedere
796 2539 926 2601 soleant.
970 2538 1158 2620 Lrependnrn
1182 2559 1255 2602 sane

164 2636 219 2703 cst,
247 2630 329 2712 quod
356 2629 451 2692 multi
474 2652 489 2693 e
516 2631 596 2693 clero
623 2627 822 2711 decipiantur
847 2631 895 2693 uel
922 2630 1025 2714 decipi
1048 2652 1080 2694 sc
1105 2629 1212 2694 sinant
1237 2652 1257 2694 o

164 2723 412 2801 fabricatoribus,
440 2721 556 2805 quiin
583 2721 778 2785 vestimen-lis
804 2722 901 2786 sacrm
929 2720 1130 2802 conficiendis
1155 2724 1256 2803 inopis

162 2820 273 2898 pastus
288 2836 360 2880 snos
374 2816 550 2899 personales
566 2813 655 2897 sequi
668 2813 845 2888 uideantur,
860 2836 953 2897 qaam
970 2818 1053 2898 lepes
1069 2821 1099 2879 et
1115 2814 1255 2880 rubricas

162 2910 392 2974 ecclesiasticos.

203 3003 304 3065 Notae
332 3005 388 3066 trae
419 3023 532 3082 rrropna
557 3023 594 3064 ee
620 3005 709 3083 parte
737 3001 918 3082 desumptae
944 3006 1020 3065 snrrt
1046 3022 1084 3065 ee
1109 2999 1254 3083 operibus

163 3093 293 3176 copiosis
316 3095 442 3176 scriptis
466 3116 485 3156 a
507 3096 541 3158 J.
565 3096 600 3158 ll.
630 3095 697 3157 Van
722 3094 778 3157 der
801 3098 952 3175 Stappen,
977 3095 1074 3157 Sacra
1097 3093 1254 3175 Litarpio,

163 3193 180 3249 5
201 3188 286 3259 tomi,
307 3192 336 3250 et
356 3188 390 3250 J.
410 3187 529 3259 Brenn,
549 3186 628 3258 Sa„
648 3185 708 3249 Die
728 3185 911 3264 litnrpiscbe
932 3185 1143 3267 Geuandunp.
1185 3184 1253 3249 Alii

162 3280 244 3352 libri,
271 3279 326 3361 qui
350 3278 475 3342 utiliter
501 3277 563 3358 lepi
584 3282 746 3361 poterant,
770 3283 846 3341 sunt
869 3281 1049 3359 sequentes:
1073 3280 1106 3341 J.
1133 3279 1251 3347 Brenn.

160 3372 339 3435 llandbacb
365 3373 421 3434 der
444 3369 666 3441 Paramentile;
689 3370 806 3442 Kraus,
830 3370 1173 3451 Real-Encplrlopaedie
1198 3371 1254 3434 der

160 3464 370 3527 Cbristlieben
392 3464 624 3534 deterrumum
642 3461 676 3524 J.
699 3461 845 3534 O'Brien,
867 3462 1001 3545 History
1020 3461 1057 3544 of
1076 3461 1129 3527 ileo
1147 3462 1252 3537 Mass}

162 3556 200 3620 N.
225 3556 312 3629 aibr,
335 3555 401 3619 Tbe
423 3554 508 3636 Holp
529 3551 675 3634 Sacrifica
696 3555 731 3636 ot
752 3553 803 3618 tbe
823 3552 920 3619 Mau.

544 3780 861 3846 INTRODUCTIO.

197 3943 266 4006 337.
291 3942 436 4006 Christus
460 3938 615 4004 Dominus
641 3935 812 3999 Ecclesiam
835 3933 986 4011 institnit,
1009 3938 1048 3998 nt
1068 3953 1125 4017 ope
1150 3933 1249 4016 ipsius

155 4039 296 4100 homines
323 4034 428 4099 ordini
455 4033 575 4113 gratiae
602 4051 656 4094 seu
684 4027 917 4109 supernaturali
944 4031 1188 4108 aggregarentur
1217 4032 1249 4092 et

155 4133 200 4193 ita
215 4131 328 4194 ultimo
345 4129 429 4190 illam
447 4129 543 4189 vitam
557 4124 675 4203 gloriae
691 4121 878 4197 obtinerent,
894 4141 986 4201 quam
1005 4120 1088 4183 Deus
1103 4119 1248 4184 omnibus

154 4225 309 4306 proruisti,
322 4224 374 4303 (ruri
391 4224 423 4282 in
439 4240 494 4282 suo
507 4219 634 4281 servitio
647 4216 753 4279 fideles
767 4214 1005 4296 permanserint.
1041 4211 1127 4275 Ordo
1141 4216 1247 4276 autem

154 4320 273 4397 gratiae
295 4317 414 4378 cultum
439 4313 617 4389 religiosum
642 4307 791 4390 requirit3
813 4307 882 4369 ideo
906 4308 938 4368 in
961 4305 1098 4369 Ecclesia
1122 4304 1246 4367 Sacrifi-

154 4414 237 4476 cium
255 4410 370 4471 Missae
387 4424 505 4469 necnon
527 4407 728 4466 Seirrnmenta
745 4400 904 4466 habemus.

1088 4510 1140 4561 549
