2804 4890
447 1283 608 1431 §aaa
639 1283 916 1410 battuta

330 1534 413 1609 Du
455 1534 723 1611 OFFIOIO
766 1536 1019 1615 DIVINO.

544 1929 735 2008 CAPUT
762 1933 797 2009 I.

288 2112 345 2167 nn
374 2112 505 2168 rioms
533 2112 765 2169 canomcrs
794 2112 1061 2172 nncrrannrs.

596 2285 709 2355 ΛΒΤ.
736 2286 765 2356 Ι.

343 2447 710 2500 ammanvnnsronss
732 2447 968 2500 nrsronrcan.

170 2609 247 2674 231.
269 2610 379 2675 Altera
404 2632 476 2693 pars
502 2612 533 2674 S.
557 2612 721 2692 Liturgiae
751 2612 859 2690 (sensu
883 2611 1007 2692 latiori)
1037 2611 1077 2675 ad
1099 2609 1221 2674 cultum

129 2705 187 2770 Dei
209 2705 389 2769 immediate
409 2712 552 2786 spectans
571 2711 617 2768 est
638 2705 781 2784 Officium
805 2704 958 2780 divinum,
979 2706 1060 2786 quod
1081 2710 1112 2771 et
1132 2706 1221 2788 Opus

128 2798 198 2869 Dei,
226 2799 365 2861 Possum
394 2797 564 2869 servitulis,
595 2798 712 2859 Cursus
740 2796 928 2878 appellatur,
956 2797 1122 2878 praecipue
1150 2817 1221 2862 vero

128 2891 235 2953 Horae
264 2889 439 2962 canonicae,
468 2891 541 2970 quia
567 2890 695 2954 statutis
723 2889 785 2951 diei
815 2891 862 2953 vel
890 2889 992 2952 noctis
1018 2890 1102 2954 boris
1130 2891 1221 2972 juxta

127 3004 260 3046 conones
281 3003 334 3045 seu
356 2983 438 3062 leges
460 2982 615 3044 Ecclesiae
636 2986 683 3043 est
705 2981 910 3044 recitandum.

171 3079 199 3139 2.
222 3074 467 3138 “Precationum
484 3075 704 3137 canonicarum
722 3073 920 3138 adumbratio
937 3075 971 3137 in
988 3074 1097 3139 Veteri
1115 3075 1221 3138 Testa·

127 3172 234 3232 mento
251 3170 427 3249 praecessit.
469 3167 643 3248 Prophetae
662 3167 765 3231 etalii
786 3188 874 3230 verae
895 3169 1068 3249 Religionis
1087 3168 1221 3232 cultores

127 3268 251 3342 praeter
285 3261 479 3322 matutinum
517 3269 548 3323 ct
588 3260 799 3340 vespertinum
836 3265 960 3341 tempus
999 3261 1221 3342 impendebant

127 3356 236 3417 horam
251 3354 389 3430 tertiam,
404 3356 522 3416 sextam
538 3357 570 3415 et
584 3372 699 3414 nonam
716 3354 748 3413 in
765 3354 907 3434 precibus
923 3352 988 3416 Deo
1004 3353 1220 3417 fundendis.'’¹

129 3446 297 3508 Psalmista
330 3446 393 3508 ait:
428 3444 572 3525 “Septies
608 3447 640 3505 in
677 3443 728 3506 die
764 3444 888 3506 laudem
923 3444 989 3506 dixi
1025 3445 1083 3508 tibi
1093 3445 1137 3521 ;’'²
1172 3448 1220 3509 et:

127 3539 254 3601 “Media
275 3547 365 3601 nocte
386 3537 549 3618 surgebam
570 3538 609 3598 ad
632 3537 845 3599 confitendum
867 3536 971 3600 tibi.''⁸

169 3636 196 3692 3.
220 3630 443 3711 Apostolorum
462 3638 600 3710 tempore
618 3630 694 3692 hora
711 3631 814 3703 tertia,
832 3633 928 3704 serta,
946 3648 1030 3694 noua
1046 3634 1137 3693 erant
1154 3651 1220 3694 ora-

126 3724 223 3786 tionis
241 3724 352 3799 horae;
372 3724 448 3785 item
467 3725 533 3803 jam
552 3723 652 3785 oratio
672 3724 839 3784 nocturna⁴
859 3723 951 3801 juxta
970 3721 1099 3784 Domini
1119 3743 1219 3786 exem·

125 3818 225 3898 plum,
241 3816 295 3897 qui
311 3818 400 3879 “erat
415 3819 601 3896 pernoctans
619 3815 652 3875 in
667 3815 808 3877 oratione
825 3812 929 3877 Dei.''⁸

168 3909 257 3973 Idem
276 3908 433 3990 prioribus
450 3914 519 3988 post
539 3907 703 3968 Christum
720 3905 850 3971 saeculis
869 3906 1105 3970 observabatur:
1124 3907 1219 3970 “Pro

125 4004 262 4065 cationes
288 4002 383 4064 facite
411 4021 512 4074 mane,
539 4001 642 4069 tertia,
668 4005 765 4072 sexta,
792 4019 884 4074 nona,
911 4019 1035 4079 vespere
1061 4004 1153 4081 atque
1180 3999 1218 4062 ad

123 4095 199 4176 galli
227 4091 401 4157 cantum.''⁶
450 4092 482 4156 S.
508 4091 693 4153 Ambrosius
720 4096 809 4154 notat
837 4090 1086 4171 Complatorium
1111 4112 1129 4155 a
1157 4092 1218 4154 Ve-

160 4217 290 4268 lblerati.
733 4214 817 4262 ⁴Act.
838 4214 878 4276 lo,
897 4214 939 4263 25.

160 4293 227 4344 ²Ps.
259 4294 316 4355 118,
347 4292 405 4343 164.
732 4288 861 4352 ⁶Luc6,
879 4289 918 4339 12.

161 4369 228 4420 ³Ps.
256 4370 313 4432 118,
338 4370 380 4418 62.
732 4363 846 4415 ⁸Conat.
865 4364 918 4431 Ap.
935 4363 982 4416 lib.
999 4366 1025 4418 8.

641 4472 695 4526 363
