2804 4890
173 656 236 718 222
281 666 497 724 LITURGIAE
520 665 672 723 SACRAE
697 666 910 723 EXPOSI'PIO
933 669 1162 727 HISTORICA.

511 1152 560 1201 Da
583 1152 736 1200 Mlssnut
759 1152 924 1201 ROMANO.

218 1288 286 1350 125.
310 1289 396 1351 Olim
416 1295 550 1368 quatuor
570 1290 642 1349 libri
664 1290 696 1348 in
717 1289 921 1350 celebratione
942 1289 1056 1352 Missae
1075 1289 1262 1352 adhibeban-

173 1388 242 1445 tur:

216 1478 240 1538 l.
265 1478 553 1541 Sacramentariuar
576 1498 628 1540 sen
652 1479 873 1557 Mysteriorum
898 1478 985 1553 liber,
1007 1479 1061 1558 qui
1084 1484 1187 1559 partes
1209 1478 1261 1540 Li-

171 1572 295 1650 targiae
321 1591 378 1651 pro
405 1571 470 1633 solo
497 1570 680 1633 Celebrante
706 1570 895 1644 continebat,
923 1591 1042 1631 necnon
1071 1573 1177 1633 omnia
1203 1591 1260 1651 pro

171 1665 445 1728 administratione
474 1667 758 1739 Sacramentornnr,
784 1667 1014 1729 consecratione
1043 1668 1074 1728 S.
1103 1667 1260 1741 Oleorunr,

171 1761 423 1822 reconciliatione
450 1760 691 1839 poenitentium,
718 1759 932 1822 benedictione
959 1761 1154 1841 nuptiarum.
1199 1760 1260 1821 Ex·

90 1930 94 1939 Ι
170 1857 240 1915 tant
258 1853 359 1915 adbuc

217 1949 267 2026 (a)
296 1947 583 2010 Sacramentan'urn
606 1948 812 2020 Leonianam,
835 1949 916 2029 quod
940 1970 1053 2013 nomen
1076 1950 1201 2030 quidem
1227 1950 1258 2013 S.

168 2041 281 2102 Leonis
306 2041 361 2120 Η»
381 2042 459 2119 461)
483 2040 632 2114 obtinuit,
651 2041 704 2102 sed
722 2040 760 2102 ab
779 2047 905 2103 auctore
923 2041 1045 2121 privato
1065 2046 1204 2122 tempore
1224 2043 1256 2102 S.

169 2134 282 2195 Felicis
301 2136 356 2212 Η»
370 2138 448 2213 492)
466 2136 673 2214 cornpositurn
686 2140 733 2196 est
742 2155 750 2208 ;
764 2139 847 2196 earet
863 2135 1063 2196 lectionibus
1076 2140 1107 2197 et
1121 2136 1255 2197 (lenone.

216 2231 267 2308 (b)
296 2229 583 2292 Sncrnnreatnriunr
614 2229 812 2290 Galerianum
841 2251 859 2292 a
888 2231 919 2291 S.
949 2230 1071 2292 Gelasio
1104 2233 1148 2309 (a.
1176 2235 1259 2290 492-

168 2326 260 2402 aaa).

236 2420 285 2499 (c)
313 2417 600 2481 Sacramealaa'am
625 2419 849 2497 Graporr'annrn
874 2441 892 2480 a
914 2420 945 2480 S.
969 2421 1118 2499 Gregorio
1141 2421 1258 2500 Magno

173 2514 365 2593 (sao-ona).

210 2607 317 2669 Canon
338 2609 451 2672 Missae
470 2610 637 2688 separatim
656 2607 850 2688 conscriptas
868 2609 901 2669 in
920 2609 1023 2672 medio
1041 2608 1144 2671 Altari
1163 2629 1256 2689 ponc·

167 2702 269 2777 batur,
294 2704 342 2764 uti
368 2704 470 2765 adbuc
495 2703 530 2763 in
556 2703 653 2763 Missa
679 2702 836 2782 Episcopi.
881 2703 929 2763 lla
957 2703 1044 2783 origo
1070 2703 1256 2765 tabellarum

166 2798 396 2858 canonicarum.

209 2890 254 2951 ΙΙ.
277 2889 557 2970 Antipboaarinor,
571 2912 624 2953 sen
638 2891 716 2952 liber
729 2887 953 2971 antiplronalis,
967 2913 1019 2955 seu
1036 2892 1255 2955 Cantatoriurn

167 2984 346 3047 continebat
368 2985 556 3064 antiphonas
578 2990 609 3046 et
630 2985 765 3065 psalmos
787 3006 843 3065 pro
866 2985 1055 3048 Cantoribns
1078 2986 1116 3045 ad
1140 2985 1255 3047 Introi-

166 3083 246 3151 tum,
265 3079 431 3153 Graduale,
451 3079 666 3154 Offertorinm,
685 3084 715 3140 et
735 3080 1004 3141 Oonrnrunionem.

210 3173 275 3234 Ill.
298 3172 529 3233 Lectioanrinnr
565 3194 617 3235 sen
652 3173 890 3253 Epistolarium,
922 3173 968 3234 vel
1001 3173 1170 3252 Apostolus
1202 3194 1255 3235 sea

167 3267 278 3329 Comes
294 3267 473 3330 continebat
489 3268 653 3330 Lectiones
669 3288 722 3328 sen
741 3267 907 3346 Epistolas.

209 3361 266 3423 ll'.
290 3360 545 3440 Eranquiarianr
569 3382 621 3423 sen
645 3361 931 3440 lla'angelistariran
952 3362 1131 3423 continebat
1154 3363 1255 3422 Eran-

165 3457 248 3535 gelia
268 3477 322 3536 per
342 3457 417 3517 antri
438 3457 601 3518 circulata.

209 3555 236 3612 2.
263 3551 373 3614 Postea
399 3555 533 3631 quatuor
561 3551 612 3612 isti
642 3550 712 3610 libri
741 3550 854 3610 Missae
883 3552 1095 3624 inservientes,
1123 3571 1255 3630 qarornrn

166 3647 296 3726 quisque
314 3644 481 3725 aliqnando
502 3645 595 3705 Liber
615 3644 751 3704 Missalis
770 3644 996 3723 appellabatur,
1018 3665 1079 3706 nno
1099 3645 1255 3705 volrnnine

166 3740 440 3818 conjungebantur
460 3739 586 3800 nomine
607 3736 746 3798 Missnlis
767 3737 918 3807 I’leaarii,
940 3738 987 3798 ael
1009 3743 1115 3817 postea
1135 3739 1254 3817 simpli·

165 3834 245 3895 citer
259 3830 407 3897 Miasalis.

208 3931 236 3989 3.
260 3927 395 3989 Ordines
407 3927 543 3988 Romani
556 3926 670 3988 vetusti
685 3929 760 3987 sunt
773 3926 856 3999 libri,
871 3926 923 4006 qui
937 3932 1007 4007 post
1022 3927 1053 3989 S.
1069 3926 1255 4007 Gregorium

165 4021 312 4085 exhibent
331 4023 428 4082 ritum
448 4041 504 4101 pro
525 4021 622 4082 Missa
640 4019 830 4091 pontificati,
852 4021 883 4082 S.
904 4021 1076 4082 Ordinibus
1094 4022 1254 4084 conferen-

164 4117 224 4194 dis,
251 4118 308 4180 etc.
359 4115 573 4181 Recensentur
599 4115 696 4178 etiam
723 4115 964 4192 Paenitentiale,
992 4115 1257 4191 Benedictionale,

165 4207 345 4288 Exequiale,
385 4207 526 4288 Agenda,
567 4207 746 4268 Passionale
792 4208 828 4284 (i.
869 4229 893 4267 e.
934 4214 1003 4268 acta
1044 4207 1253 4285 Martyrum),

166 4304 404 4377 Honriliarium,
424 4304 654 4367 Processionale
672 4309 729 4366 etc.

207 4403 236 4462 4.
260 4399 368 4462 Canon
397 4399 511 4460 Missae
538 4404 608 4479 post
637 4397 667 4458 S.
698 4395 884 4476 Gregorinnr
912 4397 1040 4459 omnino
1067 4396 1254 4459 immutatus

164 4495 325 4559 remansit.
372 4493 519 4576 Reliquae
541 4514 611 4555 sero
634 4491 747 4552 Missae
768 4494 872 4571 partes
893 4490 1093 4570 sequentibus
1114 4490 1254 4560 saeculis,
