2804 4890
420 742 473 798 DE
497 743 668 797 LEGIBUS
693 743 929 798 LITURGlClS.
1203 734 1223 792 5

130 917 222 978 nibus
236 920 268 979 et
282 915 416 996 singulis
438 964 445 976 .
472 963 479 976 .
507 963 514 977 .
536 916 569 977 in
586 916 703 978 virtute
718 920 842 978 sanetae
858 914 1051 977 obedientiae
1068 916 1218 996 praeeipi-

129 1016 226 1085 entes,
241 1015 278 1071 ut
299 1058 306 1070 .
334 1058 341 1070 .
369 1058 376 1072 .
398 1009 528 1071 Missam
543 1011 635 1090 juxta
651 1010 759 1085 ritum,
776 1009 904 1071 modum
921 1030 955 1070 ae
972 1029 1124 1083 nonnam,
1141 1028 1218 1088 quae

130 1125 185 1185 per
206 1104 332 1168 Missale
351 1105 408 1167 lroe
429 1125 447 1165 a
467 1104 565 1167 Nobis
586 1124 670 1166 nune
691 1105 839 1178 traditur,
859 1104 1026 1167 decantent
1046 1125 1081 1166 ae
1102 1103 1218 1183 legant,

129 1219 228 1279 neque
256 1199 288 1259 in
317 1199 431 1260 Missae
457 1199 662 1261 celebratione
689 1198 766 1260 alias
792 1198 1000 1260 caeremonias
1030 1199 1074 1260 vel
1104 1220 1218 1279 preces,

128 1313 222 1373 quarn
239 1313 318 1373 quae
336 1294 393 1355 hoe
413 1293 533 1354 Missali
553 1294 766 1368 eontinentur,
785 1293 897 1355 addere
917 1293 962 1354 vel
984 1294 1113 1355 recitare
1131 1313 1218 1372 prae-

128 1387 286 1448 sumant.’'
331 1387 477 1448 Urbanus
499 1387 595 1448 l'lII.
620 1408 674 1467 per
698 1388 729 1449 S.
754 1388 1034 1467 Congregationern
1057 1387 1217 1461 “mandat‚

129 1482 162 1542 in
183 1481 329 1544 omnibus
349 1487 381 1544 et
401 1501 455 1561 per
477 1483 582 1544 omnia
603 1483 718 1543 servari
742 1482 892 1543 llubrieas
914 1481 1050 1542 Missalis
1073 1482 1217 1556 Romani,

128 1594 190 1638 non
207 1575 349 1637 obstante
365 1594 558 1655 quocumque
574 1579 748 1656 praetextu,
763 1581 794 1639 et
809 1575 966 1638 contraria
982 1575 1217 1651 consuetudine,

128 1689 220 1749 quarn
252 1668 384 1729 abusum
414 1689 478 1730 esse
509 1668 678 1732 declarat.''
744 1670 931 1731 Benedietus
953 1670 1058 1731 XIV.l
1091 1669 1216 1730 scribit:

128 1762 223 1841 “Ipsa
240 1764 416 1824 communis
433 1765 576 1825 omnium
593 1764 750 1825 sententia
767 1765 866 1845 docet,
885 1763 1035 1825 Rubrieas
1053 1783 1117 1825 esse
1135 1764 1217 1842 leges

128 1858 349 1936 praeceptivae,
376 1876 452 1936 quae
480 1856 621 1937 obligant
648 1858 704 1918 sub
732 1857 857 1919 mortali
887 1880 922 1919 er
949 1879 1059 1938 pedere
1086 1878 1152 1929 suo,
1180 1860 1217 1917 ut

127 1950 301 2029 loquuntur
318 1951 486 2030 Theologi:
505 1952 550 2012 ita
567 1957 673 2014 tamen
691 1957 726 2012 ut
744 1952 895 2012 immunis
913 1952 954 2012 sit
972 1971 990 2012 a
1007 1950 1144 2024 mortali,
1162 1951 1216 2030 qui

126 2064 177 2106 eas
190 2065 254 2107 non
269 2049 369 2106 servet
383 2064 439 2124 per
453 2045 667 2106 invincibilem
683 2045 895 2107 omnimodam
913 2044 1169 2124 imprudentiam,
1185 2048 1217 2106 et

127 2137 295 2218 aliquando
310 2139 406 2200 etiam
422 2143 550 2219 propter
566 2140 753 2219 parvitatem
770 2137 949 2200 materiae.”

169 2234 197 2293 2.
221 2230 419 2294 Probabilius
433 2232 529 2294 etiam
546 2231 698 2293 Rubrieae
714 2253 770 2313 pro
785 2233 880 2293 saeris
896 2233 1054 2293 Ministris
1069 2232 1103 2292 in
1120 2231 1216 2293 Missa

127 2326 257 2388 solemni
277 2329 352 2387 sunt
369 2326 591 2406 praeceptivae.
636 2325 686 2385 Ad
704 2325 853 2387 dubium:
873 2327 945 2386 “An
966 2324 1143 2404 Regulares,
1162 2326 1214 2405 qui

127 2426 263 2481 utuntur
299 2418 420 2481 Missali
458 2420 598 2483 Romano
633 2420 667 2480 in
702 2419 907 2481 celebratione
945 2419 1114 2479 Missarum
1151 2424 1215 2480 tam

128 2514 321 2592 privatarum
336 2533 429 2593 quam
444 2512 642 2587 solemnium,
657 2513 738 2575 ritus
753 2514 785 2574 in
801 2513 923 2573 Missali
936 2514 1143 2595 praescriptos
1159 2512 1215 2572 im·

127 2614 248 2669 mutare
267 2608 387 2687 possint
406 2606 559 2682 addendo,
578 2608 624 2668 vel
644 2606 814 2668 minuendo
833 2607 947 2685 aliqua,
967 2627 1020 2668 seu
1039 2606 1120 2668 ritus
1139 2605 1216 2669 alios

127 2701 324 2780 subrogando
340 2701 373 2761 in
389 2700 502 2775 Choro,
517 2707 573 2763 aut
588 2701 621 2761 in
639 2701 741 2762 Altari
759 2700 815 2762 sub
831 2701 966 2778 alicujus
982 2701 1129 2780 antiquae
1144 2721 1215 2761 eon-

126 2795 303 2856 suetudinis
325 2799 506 2875 praetextu3
528 2815 568 2856 an
591 2795 695 2874 potius
718 2795 823 2856 omnia
846 2795 877 2855 in
901 2795 1008 2857 eodem
1031 2794 1162 2868 Missali,
1183 2797 1216 2855 et

127 2889 355 2950 Caeremoniali
380 2887 517 2968 [Epise]
542 2893 707 2969 praecepta
727 2889 765 2950 ad
787 2909 935 2967 unguem,
955 2889 1022 2950 sine
1042 2887 1108 2949 ulla
1127 2887 1214 2948 addi-

125 2984 222 3057 tione,
240 2982 463 3057 diminutione,
483 2982 529 3044 vel
551 2982 770 3043 immutatione
790 3002 910 3044 servare
930 2980 1104 3044 debeant?''
1126 2981 1157 3043 S.
1178 2981 1214 3043 Β.

127 3076 242 3155 Congr.
268 3096 365 3156 resp:
392 3076 505 3136 “Nihil
529 3076 614 3147 addi,
641 3075 751 3146 vainei,
779 3079 825 3138 ael
852 3077 1014 3137 irrnnutori
1039 3096 1136 3156 posse,
1162 3075 1214 3136 sed

126 3171 232 3231 onmia
254 3170 286 3230 in
308 3169 415 3231 eodem
438 3167 558 3230 Missali
580 3173 612 3232 et
634 3167 861 3231 Caeremoniali
883 3169 1075 3249 praescripta
1096 3168 1135 3230 ad
1158 3189 1215 3229 un-

123 3283 219 3343 guem
235 3262 386 3325 servanda
403 3261 522 3325 esse.''⁸

168 3361 196 3418 3.
220 3357 329 3430 Quoad
346 3356 545 3420 Breviorium
563 3358 739 3419 Romanum
760 3357 791 3417 S.
811 3356 887 3417 Pius
905 3357 960 3417 V.⁹
976 3358 1105 3419 statuit:
1125 3357 1215 3418 “Hoe

124 3456 269 3512 nostrum
294 3451 491 3513 Breviarium
514 3471 549 3512 ae
574 3451 721 3531 precandi
746 3450 961 3530 psallendique
986 3450 1156 3511 formulam
1182 3451 1215 3511 in

124 3544 271 3607 omnibus
289 3545 426 3606 universi
444 3545 527 3607 orbis
545 3544 692 3606 Ecclesiis
714 3543 791 3623 [nisi
810 3544 873 3606 sint
891 3545 929 3606 de
946 3542 1097 3624 exeeptis]
1127 3591 1134 3605 .
1164 3591 1171 3605 .
1203 3591 1209 3605 .

123 3639 335 3721 praecipimus
359 3638 524 3702 observari.
570 3638 750 3700 Statuentes
776 3638 972 3700 Breviorium
998 3640 1101 3718 ipsum
1126 3637 1215 3699 nullo

124 3752 264 3812 unquam
279 3738 418 3812 ternpore
431 3731 477 3794 vel
492 3735 595 3794 totum
608 3732 655 3794 vel
667 3752 706 3793 ex
719 3736 808 3811 parte
822 3732 1021 3808 mutandum,
1034 3732 1081 3794 vel
1095 3733 1215 3814 aliquid

123 3826 316 3900 addendum,
333 3825 379 3888 vel
397 3827 526 3887 omnino
544 3824 771 3887 detrahendum
788 3825 883 3888 esse.''

167 3925 197 3981 4.
221 3919 267 3982 De
283 3940 362 3983 nova
376 3921 576 3981 Psolnroram
593 3921 626 3981 in
643 3920 757 3982 Divino
775 3920 882 3998 Officio
899 3919 1120 3984 distributione
1139 3921 1215 3983 Pius

124 4014 153 4076 X
170 4015 196 4048 ¹⁰
213 4013 286 4075 haee
303 4013 455 4074 decrevit:
472 4013 605 4092 “ltaque
628 4061 634 4073 .
664 4061 670 4073 .
698 4061 705 4073 .
730 4013 874 4075 l‘salterii
893 4014 1045 4085 ordinem,
1063 4014 1163 4094 qualis
1182 4016 1214 4075 in

123 4108 288 4171 Breviorio
310 4106 450 4170 Romano
473 4107 565 4169 hodie
586 4109 642 4181 est,
664 4105 822 4168 abolemus
844 4108 973 4188 ejusque
995 4127 1088 4169 usum
1116 4156 1123 4170 .
1159 4156 1165 4168 .
1201 4157 1208 4169 .

158 4311 169 4343 ²
191 4305 230 4355 De
246 4305 341 4355 sacrif.
360 4305 469 4365 Missae,
486 4303 542 4354 III.
562 4305 602 4366 13,
620 4306 643 4354 3.
733 4304 845 4353 ⁹Bulla
869 4304 946 4363 Quod
969 4319 985 4352 o
1010 4305 1096 4367 nobis,
1120 4307 1135 4353 9
1159 4305 1215 4354 Jnl.

157 4387 170 4419 ⁸
191 4382 234 4431 Aa
250 4396 326 4446 prop.
343 4381 406 4431 Del.
422 4382 563 4430 Generalis
579 4381 643 4430 Ord.
699 4382 773 4429 1568.

119 4458 342 4519 ‘'armelitarurn,
368 4458 399 4506 19
423 4457 493 4519 Aug.
520 4459 595 4518 1651,
618 4472 643 4506 n.
733 4464 757 4493 ¹¹¹
778 4456 858 4507 Bulla
875 4456 975 4505 Divino
992 4456 1095 4519 afflatu,
1117 4461 1127 4507 l
1148 4456 1215 4507 Nov.

120 4535 183 4584 937.
199 4535 222 4585 2,
700 4534 772 4585 1911.
