2804 4890
166 631 228 695 276
313 643 366 698 DE
385 644 784 699 PRAESTANTIORIBUS
809 644 1119 700 FUNCTIONIBUS.

215 816 267 893 (8)
295 815 390 878 Nunc
406 816 543 879 dimittis
558 836 681 879 servum
702 821 800 887 tunm,
817 815 963 888 Domine,
980 816 1014 879 in
1030 837 1114 898 poco.

214 910 266 988 (9)
296 909 376 971 Cum
409 909 593 972 inducerent
625 929 758 990 puerum
790 910 901 971 lesam
930 913 1076 992 parentes
1109 911 1187 987 ejus,
1220 916 1257 975 uf

167 1006 308 1085 facerent
328 1003 501 1066 sendradum
524 1004 781 1066 consuetudinem
805 1002 881 1083 lepis
903 1024 959 1084 pro
983 1025 1027 1074 eo,
1049 1003 1115 1084 ipso
1136 1005 1256 1085 occepit

169 1118 240 1160 eom
257 1097 292 1159 io
307 1099 398 1160 ulnas
414 1118 495 1160 suos.

211 1194 238 1252 2.
262 1191 494 1272 “Ingredicndo
509 1191 691 1268 Ecclesiam,
705 1192 731 1252 si
746 1198 833 1253 extra
846 1213 914 1254 eam
928 1212 1106 1273 processum
1121 1193 1194 1268 luit,
1209 1192 1255 1254 vel

168 1285 201 1346 in
226 1286 294 1365 ipso
317 1284 526 1347 cancellorum
552 1286 735 1366 presbyterii
762 1286 914 1365 ingressu,
938 1287 964 1347 si
991 1287 1144 1366 processio
1170 1287 1256 1347 intus

168 1377 340 1440 Ecclesiam
360 1382 485 1459 peracta
503 1378 578 1453 fuit,
598 1377 777 1453 recitetur,''
797 1379 844 1441 vel
865 1381 1009 1441 cantetur
1028 1380 1178 1458 “sequens
1198 1377 1256 1441 R.''

584 1521 838 1604 Responsorium.

210 1653 238 1711 3.
267 1650 319 1728 (1)
348 1649 540 1712 Obfoleruot
556 1671 614 1730 pro
633 1670 667 1712 eo
685 1650 822 1712 Domino
839 1670 898 1731 por
916 1654 1088 1723 furfurum,
1105 1657 1160 1713 out
1179 1653 1256 1714 dnos

167 1745 270 1824 pullos
286 1743 517 1815 columborum:

215 1836 268 1916 (2)
295 1835 386 1899 Siout
403 1837 557 1918 scriptum
577 1842 621 1899 est
639 1837 672 1898 in
691 1840 756 1917 lopo
773 1837 914 1900 Domini.

214 1929 267 2010 (3)
294 1931 465 2013 Postquam
480 1930 606 2012 impleti
619 1936 694 1993 sunl
711 1928 776 1993 dies
790 1930 988 2012 perorationis
1004 1933 1134 2005 Mariae,
1148 1954 1256 1996 secon-

168 2025 244 2086 dom
260 2025 359 2105 loqem
373 2023 487 2105 Moysi,

215 2118 268 2198 (4)
297 2117 452 2181 Tolerunf
487 2119 599 2181 desum
636 2119 671 2180 in
705 2119 893 2192 Jerusalem,
929 2124 965 2182 ul
1000 2119 1147 2182 oislerent
1184 2142 1255 2183 eum

166 2211 314 2276 Domino.

214 2306 267 2385 (5)
295 2304 385 2369 Siout
400 2307 554 2387 scriptum
571 2311 616 2369 eal
631 2308 666 2370 io
682 2309 748 2387 leqe
763 2305 905 2370 Domini.

214 2400 267 2480 (6)
297 2400 403 2463 Gloria
421 2400 522 2472 Patri,
542 2404 572 2463 ef
589 2399 684 2471 Filio,
704 2405 733 2463 et
752 2398 891 2481 Spiritui
909 2400 1035 2464 Sancto.

212 2497 265 2573 (7)
293 2493 383 2557 Sicut
398 2492 551 2575 scriplum
570 2498 615 2556 est
633 2495 667 2556 fn
686 2497 750 2573 lopo
769 2493 907 2556 Domini.

208 2586 370 2650 “Clericus
386 2607 458 2648 cum
477 2585 585 2660 Cruce,
603 2587 687 2647 lacta
704 2592 776 2647 ante
793 2584 902 2647 Altare
919 2586 1145 2665 genuflexione,
1163 2587 1255 2667 depo·

167 2682 304 2743 niteam
326 2681 359 2741 in
380 2679 446 2744 loco
467 2700 531 2741 suo.
578 2679 744 2742 Celebrans
765 2679 897 2740 absolvit
920 2680 1161 2759 llcsponsorium
1183 2685 1255 2741 ante

167 2773 307 2836 Altare.''
357 2774 437 2852 (Pro
459 2777 541 2834 cant.
566 2773 635 2835 ride
659 2772 889 2835 Processiouale
913 2773 1019 2851 Rom.)

461 2934 497 2976 11.
522 2934 558 2976 IN
585 2933 777 2978 FUNCTIONE
801 2934 960 2980 sonuum.

211 3042 279 3106 165.
304 3043 453 3105 Oratione
471 3050 540 3123 post
558 3043 812 3107 distributionem
831 3045 1031 3107 candelarum
1051 3046 1151 3120 finita,
1171 3046 1255 3107 Celo·

167 3138 260 3201 brans
278 3143 363 3199 stans
381 3138 414 3197 in
432 3157 528 3200 cornu
547 3137 731 3217 Epistolae²
750 3139 860 3217 “ponit
879 3139 1041 3200 incensum
1060 3140 1093 3200 in
1113 3140 1254 3202 thuribu-

167 3231 255 3294 lum''
280 3252 311 3293 se
337 3235 518 3293 convertens
545 3231 584 3292 ad
610 3232 863 3307 thuriferarium,
891 3233 943 3311 qui
972 3232 1068 3296 stabit
1095 3234 1128 3293 in
1154 3233 1255 3313 gradu

167 3325 331 3406 superiori,
345 3325 421 3387 dum
438 3325 654 3388 Subdiaconus
669 3331 755 3388 tcnct
769 3326 912 3388 dextram
926 3326 1083 3388 fimbriam
1099 3327 1255 3407 pluvialis,

168 3419 325 3483 Diaconus
345 3440 415 3483 vero
435 3419 595 3480 ministrat
616 3419 792 3483 Celebranti
814 3421 866 3500 qui
886 3421 1048 3482 incensum
1068 3420 1232 3482 benedicit.

209 3517 237 3578 2.
261 3514 351 3576 Tunc
368 3514 583 3575 Subdiaconus
600 3534 654 3593 per
668 3514 784 3594 gradus
800 3515 942 3577 laterales
957 3515 1116 3577 descendit
1131 3521 1161 3577 et
1177 3515 1255 3576 Cru-

166 3628 233 3671 cem
253 3609 510 3689 processionalem
530 3608 644 3687 accipit
664 3629 682 3669 a
702 3608 952 3670 Caeremoniario
973 3609 1020 3672 vel
1040 3609 1103 3673 alio
1124 3609 1254 3673 Clerico.

209 3703 317 3766 Praeit
334 3702 569 3778 thuriferarius,
587 3722 718 3781 eumque
737 3702 878 3781 sequitur
898 3702 1113 3765 Subdiaconus
1133 3705 1255 3766 medius

167 3798 251 3860 inter
266 3798 485 3870 ceroferarios3
501 3797 555 3877 qui
572 3817 603 3859 se
619 3796 794 3857 consistunt
811 3796 848 3857 ad
867 3796 1041 3876 ingressum
1060 3798 1255 3878 presbyterii,

166 3892 206 3954 ad
226 3893 335 3954 Altare
354 3891 504 3965 conuersi,
526 3890 750 3953 thuriferarius
771 3895 876 3952 autem
897 3897 967 3970 post
991 3892 1232 3955 subdiaconum.

209 3990 238 4048 3.
261 3985 395 4048 Interim
423 3985 581 4045 Diae-onus
610 3983 668 4045 ibit
695 3983 728 4045 in
755 3983 895 4045 medium
921 3985 1154 4064 suppedaneum
1184 4007 1255 4048 cum

168 4079 350 4142 Celebrante
364 4080 453 4159 eique
467 4098 538 4140 cum
554 4078 654 4140 solitis
668 4077 782 4139 osculis
796 4076 956 4139 candelam
972 4099 989 4140 a
1005 4079 1255 4143 Caeremoniario

167 4177 322 4254 acceptam
339 4174 484 4254 porrigit,
501 4172 538 4234 ab
555 4171 722 4252 eodemque
739 4191 826 4232 suam
843 4172 1005 4235 candelam
1022 4174 1144 4253 accipit.
1205 4175 1253 4235 Ibi

167 4267 310 4330 “vertens
332 4290 362 4329 se
384 4267 421 4329 ad
445 4266 598 4347 populum
620 4265 718 4326 dieit''
740 4285 811 4327 cum
834 4272 945 4327 cantu:
968 4267 1200 4330 “Procedomns
1221 4268 1254 4332 in

167 4381 250 4449 poce.
296 4362 337 4425 Et
357 4360 478 4429 Chorus
499 4360 680 4440 respondet:
702 4361 741 4421 In
763 4358 890 4422 nomine
910 4359 1040 4431 Christi,
1061 4361 1196 4430 Atrion?

477 4487 540 4538 21),
564 4489 584 4540 l.
607 4486 671 4541 Feb.
695 4486 769 4552 1907,
790 4500 816 4537 n.
838 4484 940 4544 4198.1.
