2804 4890
150 686 212 749 538
347 695 434 751 APP.
458 696 484 752 1.
529 695 770 750 nullonluun
792 695 1035 754 RECITANDA.

150 856 201 918 die
226 857 397 919 secundum
422 858 601 937 scripturas.
646 857 688 921 nt
711 856 851 920 ascendit
876 858 910 918 in
934 857 1072 920 coelum:
1097 858 1190 921 sedet
1213 858 1257 921 ad

150 949 311 1012 dexteram
327 950 441 1012 Patris.
480 951 522 1012 nt
539 951 654 1013 iterum
670 955 819 1012 venturus
835 954 882 1013 est
897 971 970 1013 cum
985 950 1088 1032 gloria
1104 951 1257 1030 judicare

151 1062 236 1104 vivos
250 1048 284 1104 ct
300 1044 458 1104 mortuos:
477 1044 568 1122 cujus
586 1044 675 1122 regni
693 1063 755 1104 non
773 1043 835 1106 erit
853 1043 935 1105 finis.
975 1044 1018 1106 Et
1034 1045 1068 1105 in
1087 1043 1256 1124 Spiritum

153 1135 304 1197 Sanctum
331 1135 503 1196 Dominum
530 1141 561 1198 et
587 1135 811 1198 vivificantem:
839 1137 892 1215 qui
916 1156 954 1199 ex
981 1137 1075 1199 Patre
1102 1136 1257 1217 Filioque

150 1228 300 1309 procedit.
339 1227 400 1303 Qui
417 1248 487 1289 cum
505 1228 598 1289 Patra
614 1236 645 1290 et
664 1228 746 1290 Filio
763 1229 858 1289 simul
876 1228 1026 1292 adoratur
1042 1234 1074 1292 et
1091 1230 1254 1310 conglori-

150 1321 280 1384 ficatur:
293 1321 347 1402 qui
358 1320 481 1382 locutus
493 1325 539 1383 est
552 1340 606 1400 per
620 1320 801 1401 Prophetas.
825 1321 867 1383 nt
881 1341 975 1382 unam
988 1325 1132 1384 sanctam
1144 1321 1254 1385 catlro

149 1413 243 1476 licam
269 1419 301 1476 et
323 1412 526 1494 apostolicam
552 1412 733 1474 Ecclesiam.
779 1413 937 1476 Confiteor
962 1434 1062 1476 unum
1089 1413 1255 1495 baptisma

151 1506 413 1569 inremissionem
428 1509 634 1585 peccatorum.
672 1506 714 1567 nt
729 1512 872 1584 exspecto
889 1508 1151 1569 resurrectionem
1167 1529 1252 1570 mor·-

150 1603 287 1662 tuorum.
330 1599 373 1660 Et
391 1599 488 1659 vitam
510 1598 633 1660 venturi
655 1597 780 1660 saeculi.
823 1599 933 1661 Amen.

192 1837 263 1901 333.
282 1838 334 1899 Ad
359 1836 574 1901 Oblatioacm:
611 1835 751 1918 Suscipe,
777 1838 891 1901 Sancto
917 1839 1022 1914 Pater,
1046 1840 1255 1920 omnipotens

151 1936 275 1995 aeterne
297 1930 391 2006 DeuS,
413 1931 493 1991 hanc
514 1931 748 1992 immaculatam
771 1931 928 2006 Hostiam,
948 1951 1040 2011 quam
1063 1952 1120 2011 ego
1142 1933 1253 2013 indig-

151 2044 210 2085 nus
241 2024 379 2085 famulus
408 2029 482 2084 tuus
511 2023 608 2084 otlero
637 2022 696 2085 tibi
727 2022 790 2085 lleo
820 2044 888 2085 meo
918 2023 986 2085 viro
1015 2028 1046 2086 ct
1078 2045 1159 2100 vero,
1191 2046 1254 2105 pro

153 2114 433 2178 innumerabilibus
450 2114 585 2195 peccatis
601 2121 632 2176 ct
650 2114 874 2177 offensionibus
890 2122 920 2177 et
938 2116 1142 2196 negligentiis
1159 2137 1255 2193 mers,

150 2212 183 2273 et
197 2230 254 2291 pro
272 2207 417 2271 omnibus
434 2207 721 2283 circumstantibus,
740 2208 793 2269 sed
813 2213 845 2272 ct
863 2228 920 2289 pro
938 2207 1083 2273 omnibus
1100 2209 1256 2274 fidelibus

151 2303 332 2364 christianis
351 2301 430 2362 vivis
449 2304 541 2379 atque
561 2301 737 2362 defunctis:
757 2306 794 2362 ut
813 2301 891 2362 mihi
911 2309 942 2364 et
962 2301 1026 2363 illis
1043 2302 1191 2382 proficiat
1210 2305 1254 2366 ad

151 2397 284 2458 salutem
308 2396 341 2455 in
363 2395 460 2454 vitam
482 2398 650 2455 aeternam.
694 2392 805 2455 Amen.

194 2492 288 2567 Deus,
308 2494 360 2572 qui
381 2494 534 2555 humanae
552 2492 744 2554 substantiae
763 2492 950 2570 dignitatem
969 2490 1158 2553 mirabiliter
1175 2512 1253 2552 con-

152 2586 262 2647 didisti
281 2592 312 2648 et
332 2585 507 2645 mirabilius
527 2585 721 2646 reformasti:
740 2586 780 2646 da
799 2585 887 2645 nobis
907 2605 962 2664 per
981 2585 1077 2661 liujus
1097 2604 1198 2663 aquae
1221 2589 1253 2648 et

153 2679 217 2738 vini
240 2679 434 2756 mysterium,
454 2679 524 2755 ejus
547 2676 732 2738 Divinitatis
753 2698 816 2738 csse
837 2680 1002 2750 consortes,
1025 2678 1077 2755 qui
1101 2677 1253 2737 lunuani-

153 2772 228 2833 tatis
243 2777 366 2832 nostrae
383 2771 450 2831 fieri
466 2771 676 2849 dignatusest
692 2771 857 2849 particeps,
872 2770 965 2830 ,lesus
981 2769 1127 2829 Christus
1146 2768 1253 2830 Filius

152 2869 236 2938 tuus,
257 2862 412 2923 Dominus
432 2869 545 2923 nostcr.
588 2861 649 2935 Qui
670 2867 772 2922 tecum
795 2863 870 2922 vivit
889 2866 919 2923 ct
941 2866 1048 2938 regnat
1071 2862 1101 2921 in
1123 2863 1253 2923 unitate

154 2956 293 3035 Spiritus
315 2956 422 3015 Sancti
444 2953 538 3028 DcuS,
559 2975 614 3033 per
633 2954 738 3016 omnia
758 2954 878 3015 saccula
898 2953 1100 3015 sacculorum.
1134 2955 1251 3015 Arnon.

196 3053 365 3114 Ollarimus
382 3053 450 3127 tibi,
468 3052 612 3125 Domine,
627 3052 753 3113 calicem
771 3051 928 3123 salutaris,
943 3059 1029 3114 tuum
1045 3053 1253 3130 deprecantcs

152 3147 367 3208 clementiam:
398 3150 433 3205 ut
463 3146 495 3205 in
524 3148 690 3223 conspectu
720 3145 844 3206 <livinae
875 3146 1048 3222 majestatis
1077 3152 1160 3219 tuuc,
1193 3167 1252 3227 pro

153 3243 259 3301 nostra
279 3243 309 3301 et
330 3237 427 3300 totius
448 3236 559 3298 muudi
580 3237 680 3298 salute
701 3257 772 3297 cuin
791 3236 883 3299 odoro
904 3238 1069 3298 suavitatis
1088 3239 1251 3301 ascendat.

152 3332 263 3393 Amen.

196 3430 233 3490 In
261 3430 375 3509 spiritu
402 3429 603 3501 humilitatis,
628 3433 658 3490 ot
685 3429 715 3488 in
744 3428 850 3491 animo
876 3430 1012 3489 contrito
1037 3429 1253 3506 suscipiamur

152 3530 225 3598 ate,
243 3524 393 3584 llorninc:
411 3521 502 3585 etsie
520 3523 572 3581 liat
590 3520 776 3582 sacrificium
796 3526 937 3581 nostrum
957 3522 987 3581 iu
1007 3527 1175 3600 conspectu
1196 3528 1253 3584 tuo

152 3617 254 3692 hodic,
270 3623 305 3677 ut
322 3617 442 3695 placcat
456 3615 524 3688 tibi,
541 3613 674 3674 Domino
692 3613 783 3675 lleus.

195 3716 276 3778 Veni
307 3713 536 3786 Sanctificator,
564 3713 762 3790 omnipotens
787 3718 911 3775 aeterne
938 3712 1033 3785 llcus,
1059 3716 1091 3774 et
1118 3711 1255 3776 benedic

152 3811 209 3873 boc
233 3808 421 3869 sacrificium
446 3811 500 3868 tuo
525 3810 631 3868 sancto
656 3806 777 3867 nomini
803 3809 1033 3884 praeparatum,

194 3909 315 3969 Lar-abo
337 3907 418 3968 inter
437 3906 617 3967 innocentes
634 3923 746 3965 manus
763 3924 862 3964 meas:
883 3908 913 3965 ct
932 3902 1131 3964 circumdabo
1149 3904 1255 3968 altare

152 4006 253 4074 tuum,
273 3999 416 4061 Domine.

194 4099 238 4161 Ut
253 4099 377 4159 audiam
393 4117 494 4157 vocem
511 4095 630 4156 laudis:
646 4099 674 4157 ct
691 4115 831 4157 enarrem
847 4096 992 4155 universa
1008 4093 1166 4154 mirabilia
1184 4100 1255 4158 tua.

195 4193 338 4257 llomino,
357 4190 451 4249 dilexi
473 4190 612 4249 ‹la-orem
633 4190 743 4249 ‹lanus
764 4192 846 4259 tuac,
867 4194 898 4250 ct
919 4187 1020 4247 locunn
1042 4186 1257 4251 habitationis

151 4285 268 4363 gloriae
292 4291 371 4345 tuae.

195 4384 242 4444 Ne
261 4381 371 4462 perdas
391 4401 460 4441 cam
485 4381 599 4458 impiis.
621 4379 714 4444 Deus.
736 4378 872 4441 animam
896 4399 1007 4453 nicam,
1027 4382 1151 4441 etcum
1172 4380 1257 4445 viris

151 4477 340 4553 sanguinum
366 4474 460 4533 vitam
487 4491 596 4533 nicam.
