2804 4890
149 696 188 757 18
239 704 292 758 DE
315 703 543 770 REQUISITIS
566 703 619 757 ΑΙ)
641 703 794 758 MISSAM
816 704 1126 762 CELEBRANDAM.

190 885 218 940 7.
243 878 448 957 Praeceptum
470 876 555 938 istud
577 875 732 939 fundatur
752 877 926 941 rationibus
945 879 1103 943 historicis
1124 886 1155 945 et
1176 900 1243 960 my-

148 972 244 1034 sticis.
289 970 445 1033 “Lumine
468 970 518 1032 hic
543 969 741 1049 significatur
766 969 911 1034 Christus
934 972 1064 1053 ejusque
1088 972 1244 1048 doctrina,

149 1069 181 1127 et
197 1062 273 1125 fides
289 1062 477 1143 populorum
494 1062 574 1124 hanc
590 1062 847 1142 amplectentium
864 1062 1071 1126 doctrinam.''
1084 1065 1109 1098 ³³
1154 1065 1240 1126 l'ura

150 1163 256 1221 autem
282 1157 415 1219 materia
439 1155 570 1218 luminis
596 1156 754 1237 significat
780 1157 1010 1221 humanitatem
1037 1157 1240 1239 purissimam

153 1250 281 1314 Christi.

191 1348 219 1408 8.
242 1344 314 1407 Duo
332 1345 412 1407 cerci
430 1364 486 1425 pro
506 1344 602 1407 Missa
621 1345 744 1425 privata
762 1345 976 1407 accenduntur
984 1346 1021 1421 3³⁴
1039 1346 1079 1410 ob
1097 1345 1242 1409 solemni-

152 1443 251 1501 tatem
275 1437 471 1510 exteriorem,
496 1455 558 1498 non
586 1456 656 1499 vero
681 1437 719 1498 ob
745 1437 934 1516 dignitatem
962 1438 1139 1501 Sacerdotis
1164 1437 1241 1501 cele·

152 1531 274 1593 brantis
304 1529 457 1611 Episcopo
488 1529 657 1604 interioria,
687 1532 754 1592 sine
782 1531 910 1609 speciali
939 1531 1064 1593 indulto
1093 1531 1241 1611 Apost.,³⁵

153 1624 258 1706 plures
277 1644 371 1704 quam
391 1623 453 1686 duo
474 1624 599 1685 accendi
620 1629 761 1704 possunt,
781 1644 806 1686 e.
826 1645 856 1705 g,
877 1645 933 1706 pro
954 1624 1051 1688 Missa
1071 1623 1242 1706 parochiali

154 1719 244 1795 lecta,
270 1719 309 1780 ad
338 1717 599 1780 communionem
626 1717 840 1797 generalem.³⁰
906 1719 967 1780 Pro
996 1719 1092 1782 Missa
1120 1720 1242 1799 privata

153 1810 301 1893 Episcopi
317 1816 451 1891 quatuor
465 1830 587 1890 semper
601 1811 727 1874 accendi
743 1815 883 1892 possunt,
899 1812 933 1873 in
948 1812 1038 1874 festis
1053 1812 1243 1876 solemnibus

155 1905 281 1968 accendi
298 1904 448 1967 debent.³⁷

197 1999 259 2061 Pro
281 1999 378 2061 Missa
397 2000 523 2060 cantata
543 2017 595 2060 sex
615 1998 761 2062 candelae
781 1999 995 2060 accenduntur
1003 2000 1040 2075 ;³⁸
1061 1999 1116 2061 “in
1137 1998 1243 2061 Missis

155 2093 194 2155 de
208 2091 326 2173 Beqoie
342 2112 413 2154 cum
429 2096 523 2154 cantu
540 2091 650 2154 saltem
667 2090 830 2172 quatuor.'’
844 2092 870 2126 ³⁹

198 2185 300 2248 “Cum
319 2185 370 2247 hic
388 2205 537 2247 numerus
556 2184 695 2247 absolute
715 2184 954 2265 praescribatur,
974 2205 1037 2247 non
1056 2188 1187 2266 oportet,
1207 2188 1244 2247 ut

156 2280 247 2361 plura
261 2299 354 2360 quam
368 2299 420 2341 sex
435 2278 619 2341 candelabra
635 2284 844 2359 apponantur,
859 2279 921 2339 nisi
936 2280 1111 2357 expositum
1127 2280 1168 2341 sit
1185 2279 1242 2340 SS.
1345 2278 1351 2286 ’

158 2374 405 2449 Sacramentum,
449 2393 484 2433 eo
528 2372 627 2452 magis
671 2371 753 2452 quod
798 2372 1028 2434 Pontificaliter
1070 2372 1244 2434 celebrante

157 2467 311 2547 Episcopo
327 2466 495 2528 Ordinario
510 2472 627 2545 septem
641 2485 762 2545 semper
776 2465 1028 2545 praescribantur
1042 2465 1243 2546 apponenda:

156 2563 183 2622 si
205 2562 290 2624 enim
312 2560 485 2622 celebrante
509 2559 663 2639 Episcopo
685 2562 803 2639 septem
825 2560 891 2621 sint
912 2560 1106 2640 apponenda,
1128 2565 1160 2622 et
1181 2581 1245 2621 non

127 2722 128 2727 η
157 2656 258 2735 plura,
284 2658 368 2717 certo
395 2673 458 2714 non
484 2653 656 2725 conveniet,
682 2657 719 2714 ut
745 2652 806 2714 alio
832 2653 1006 2715 celebrante
1033 2652 1125 2733 plura
1150 2672 1244 2733 appo

156 2747 342 2810 nantur.''⁴⁰
387 2747 533 2808 Rationes
548 2765 668 2825 quoque
684 2746 833 2824 mysticae
847 2766 903 2827 pro
918 2746 976 2808 hac
992 2746 1147 2808 Ecclesiae
1162 2745 1244 2807 ordi-

157 2844 284 2904 natione
299 2841 485 2920 allegantur.

196 2941 224 2999 9.
248 2935 383 2998 Perinde
397 2938 454 3011 est,
469 2955 508 2998 an
524 2933 669 2997 candelae
684 2935 750 2997 sint
762 2953 799 2997 ex
813 2933 884 2996 alba
897 2953 966 2996 cera
980 2954 1021 2995 an
1035 2953 1073 2995 ex
1086 2934 1247 2996 communi

158 3049 211 3092 seu
228 3027 307 3088 flava
316 3047 325 3103 ;
341 3027 488 3089 convenit
503 3030 608 3088 tamen
626 3032 662 3087 nt
679 3026 713 3087 in
729 3025 826 3086 Missa
842 3032 874 3087 et
892 3025 999 3087 Ollicio
1016 3024 1153 3105 lugubri,
1171 3046 1197 3085 v.
1214 3045 1245 3105 g.

157 3122 390 3196 defunctorum,
405 3124 437 3183 et
452 3119 491 3182 de
506 3124 645 3199 tempore
660 3118 824 3182 Adventus
839 3126 870 3181 et
888 3119 1150 3199 Quadragesimae
1166 3120 1245 3180 cerei

159 3215 231 3278 flavi
251 3215 469 3287 adhibeantur,
489 3213 549 3274 albi
571 3233 642 3276 vero
663 3214 695 3273 in
717 3212 806 3274 festis
826 3215 857 3274 ct
877 3212 1138 3287 solemnitatibus,
1159 3232 1245 3292 prae-

157 3311 266 3373 sertim
288 3309 428 3389 exposito
451 3306 507 3368 SS.
532 3306 742 3368 Sacramento.
788 3305 942 3368 Convenit
964 3307 1102 3385 insuper,
1124 3311 1162 3367 ut
1182 3305 1245 3366 sint

158 3402 322 3466 benedicti.

198 3501 245 3559 10.
270 3496 413 3559 Tabellas
427 3494 635 3557 decretarum.
650 3493 721 3555 “Ad
736 3494 847 3555 Crucis
860 3492 970 3574 pedem
983 3498 1119 3574 ponatur
1133 3491 1248 3556 tabella

160 3590 357 3653 secretarum
372 3585 559 3668 appellata,''
574 3594 606 3648 et
619 3606 656 3647 ex
672 3605 731 3646 usu
745 3586 883 3665 generali
899 3585 978 3646 duae
994 3584 1137 3646 laterales
1152 3603 1246 3665 appo-

158 3687 316 3747 nunt-ur.⁴¹

155 3803 183 3853 S.
226 3802 323 3866 Congr.
358 3801 414 3851 Rit.
450 3799 562 3850 “etiam
596 3801 678 3862 atqua
765 3803 790 3837 ⁸⁷
810 3797 886 3849 Caer.
904 3799 954 3863 Ep.
972 3798 995 3848 I.
1013 3799 1054 3848 29.
1073 3800 1096 3848 4.

155 3878 239 3930 etiam
259 3877 341 3926 Rmos
362 3875 523 3926 Ordinarios
543 3875 678 3936 bortatur,
765 3879 791 3913 ³⁸
810 3874 886 3926 caer.
912 3875 945 3925 U.
973 3874 1000 3926 S.
1043 3874 1087 3925 Cf.
1112 3891 1138 3926 n.
1164 3875 1198 3926 98
1223 3875 1249 3927 ln

156 3959 186 4005 ut
216 3952 368 4017 invigilent,
396 3966 429 4002 ne
456 3950 483 4001 S.
512 3949 540 4000 C.
569 3951 678 4000 decreta
729 3950 820 4016 Comp.

155 4030 374 4096 posthabeantur,
387 4032 416 4080 et
432 4026 605 4079 ecclesiarum
624 4039 678 4076 roc·
765 4034 790 4066 ³⁰
809 4028 842 4079 D.
862 4029 939 4078 3029.
960 4029 983 4079 7.

156 4112 229 4158 tores
251 4107 375 4168 doceant,
396 4117 465 4168 quae
487 4103 514 4152 in
535 4116 600 4153 casu
619 4115 678 4168 per·
764 4110 790 4143 ¹⁰
810 4104 850 4156 Ds
867 4105 967 4168 Herdt,
984 4109 1012 4156 et
1029 4106 1078 4157 alii
1096 4107 1196 4171 plures.

155 4183 246 4246 missa,
263 4195 368 4246 quaque
383 4179 471 4230 vetita
486 4176 588 4229 sunt.’'
605 4176 677 4228 Ibid.
765 4188 789 4220 ⁴1
810 4181 926 4246 Ineptae
945 4187 1009 4233 sunt
1028 4183 1148 4235 tabellae
1168 4184 1251 4234 nimis

193 4267 217 4298 ³³
239 4260 356 4322 Bouvry,
372 4263 424 4308 etc.
729 4258 843 4322 amplae,
859 4273 927 4322 quae
943 4259 1147 4310 tabernaculum
1164 4275 1250 4324 paene

192 4343 217 4377 ⁸¹
238 4337 321 4387 ltnbr.
345 4336 420 4385 bliss.
728 4335 869 4398 obtegant,
894 4336 936 4385 vel
960 4335 1073 4386 minoris
1096 4337 1249 4401 scripturas

193 4419 218 4453 aa
238 4414 270 4465 1),
292 4414 366 4463 1125,
728 4426 808 4477 qnam
825 4411 971 4462 celebrans
987 4411 1031 4461 vix
1048 4413 1136 4477 legere
1153 4412 1248 4478 possit.

193 4495 219 4529 θ’
238 4490 271 4541 D.
290 4491 367 4543 3065.
