2804 4890
413 723 468 781 DE
490 724 668 781 MANUUM
691 723 978 782 cauanmousss.
1203 717 1244 782 73

159 897 320 978 (extremis
335 898 437 961 tribus
453 898 562 977 digitis
577 896 642 959 scil.
658 895 772 972 indice,
787 895 890 958 medio
906 899 937 960 et
952 895 1116 976 annulari)
1136 899 1242 978 tangit

157 995 192 1053 1⁰
208 993 346 1054 frontem
367 992 424 1069 (la
439 992 565 1053 neruiue
580 990 719 1067 Patris),
735 989 771 1049 2ο
790 994 897 1070 pectus
912 1010 1006 1070 supra
1021 1010 1151 1052 manum
1167 992 1241 1052 sini·

155 1092 250 1149 stram
277 1085 324 1164 (et
344 1085 454 1163 Filii),
475 1084 511 1144 3⁰
535 1086 700 1146 humerum
723 1084 897 1158 sinistrum,
920 1086 957 1143 4⁰
981 1085 1148 1145 humerum
1170 1084 1241 1148 dex·

147 1185 250 1242 terum
268 1178 504 1257 (transferendo
517 1198 644 1239 manum
659 1198 676 1239 a
689 1177 817 1239 sinistro
830 1178 869 1238 ad
882 1177 1045 1239 dexterum
1058 1179 1241 1239 humerum:

158 1279 186 1336 et
201 1274 342 1356 Spiritus
356 1274 499 1347 Sancti),
515 1272 598 1347 dein,
613 1292 677 1333 non
693 1271 867 1333 reducendo
883 1291 1011 1333 manum
1028 1271 1188 1334 dexteram
1204 1272 1243 1333 ad

159 1374 263 1447 peetus
286 1367 333 1430 vel
356 1387 400 1441 os,
422 1366 531 1445 jungit
554 1385 665 1426 manus
693 1365 845 1444 (Amen),
867 1365 894 1425 si
916 1365 1077 1444 sequentia
1100 1364 1244 1426 manibus

158 1462 274 1539 junctis
290 1460 423 1523 dicenda
439 1460 513 1522 sint.

198 1558 225 1615 2.
248 1554 353 1617 Verba
370 1554 409 1615 ad
427 1554 517 1634 signa
535 1551 646 1615 Crucis
663 1551 698 1614 in
716 1551 814 1614 Missa
831 1551 975 1614 facienda
992 1552 1037 1615 sic
1054 1552 1120 1614 tere
1138 1552 1244 1614 distri-

161 1647 315 1710 buuntur:
328 1650 338 1682 ¹

250 1832 409 1883 mom
576 1833 668 1885 »we
798 1799 931 1910 aare
1026 1800 1161 1903 tuta

185 1915 215 1965 (a)
234 1916 262 1960 in
274 1917 367 1960 nomine
378 1917 456 1960 Patris
545 1921 570 1958 et
582 1915 632 1959 Filii
770 1922 795 1959 et
806 1918 906 1970 Spiritus
996 1917 1083 1962 Sancti

186 1975 214 2022 (i)
234 1975 393 2023 Adiutorium.
547 1980 654 2015 nostrum
771 1975 795 2016 in
806 1978 899 2018 nomine
997 1976 1100 2019 Domini.

186 2032 212 2081 (ε)
235 2032 417 2082 Indulgendum.
547 2031 720 2075 absolutionem
771 2039 796 2075 et
807 2035 966 2077 remissionem
996 2041 1085 2086 peccat.
1098 2042 1170 2079 nostr.

186 2090 216 2139 (d)
233 2088 296 2133 Cum
306 2089 393 2131 Sancto
547 2089 635 2139 Spiritu
772 2090 794 2132 iu
807 2091 887 2134 Gloria
997 2091 1136 2135 DeiPatris.
1166 2096 1248 2144 Amen,

186 2148 212 2195 (e)
234 2147 266 2189 Et
548 2146 622 2189 vitam
772 2148 865 2191 venturi
999 2147 1093 2193 seusun
1120 2150 1205 2197 Amen.

186 2203 216 2254 (Ι)
236 2202 386 2250 Benedictus.
547 2204 587 2254 qni
599 2203 666 2248 venit
774 2205 798 2246 in
810 2205 904 2248 nomine
1000 2205 1104 2249 Domini.

187 2261 216 2310 iu)
235 2261 307 2303 Omni
318 2260 483 2304 benedictione
546 2260 641 2303 coelesti
774 2269 799 2305 ct
810 2263 887 2312 grstia
999 2266 1141 2315 repleamur.

186 2316 218 2367 0)
237 2316 275 2360 Da
286 2317 404 2368 propitius
546 2328 629 2368 pacem
773 2318 798 2361 in
809 2317 894 2362 diebus
999 2322 1093 2364 nostris.

202 2468 229 2525 3.
252 2464 303 2526 Ad
318 2464 428 2526 Crucis
441 2464 568 2544 signum
581 2484 674 2544 super
686 2465 764 2527 alios
777 2466 824 2527 vel
837 2486 904 2528 rem
917 2467 1054 2547 aliquam
1067 2468 1247 2530 faciendum

166 2555 309 2620 Sacerdos
324 2558 413 2638 prius
428 2558 536 2637 jungit
551 2578 673 2634 manus,
690 2559 763 2621 dein
779 2559 961 2621 “sinistram
978 2562 1068 2641 ponit
1085 2581 1178 2642 super
1194 2561 1247 2621 Α]-

165 2650 246 2714 tare’'
266 2651 309 2730 (si
323 2651 397 2712 huic
410 2651 522 2727 adstet,
536 2672 621 2713 secus
636 2651 721 2713 infra
735 2654 876 2732 pectus),
890 2658 921 2716 et
936 2675 1064 2715 manum
1078 2655 1248 2730 dexteram,

165 2743 224 2808 ie.
241 2746 394 2826 “parvum
411 2744 559 2824 digitum,
577 2745 671 2807 vertit
688 2747 716 2807 ei
734 2746 785 2807 eui
804 2746 969 2823 benedicit,
987 2767 1021 2809 ac
1039 2747 1248 2810 benedicende

162 2843 255 2900 totam
273 2859 403 2900 manum
421 2839 580 2900 dexteram
598 2838 770 2900 extendit.''

201 2937 229 2993 4.
253 2932 389 3013 Signum
407 2931 516 2994 Crucis
533 2933 569 2994 fit
586 2952 642 3012 per
658 2932 735 2995 duas
752 2933 851 2997 lineas
868 2934 1010 3013 ejusdem
1027 2935 1093 2999 fere
1110 2936 1247 3017 longitu-

164 3022 254 3101 dinis,
291 3025 422 3089 alteram
462 3025 619 3088 “rectam''
664 3027 755 3105 (a-d)
800 3032 831 3089 et
869 3027 1000 3089 alteram
1144 3074 1163 3110 a

165 3118 411 3183 “transversam'’
443 3120 550 3198 (ei-e),
577 3140 654 3199 quae
680 3120 797 3182 lineam
823 3125 940 3183 rectam
965 3122 999 3181 in

165 3214 263 3277 medio
284 3215 333 3291 (c)
357 3214 531 3276 intersecat.
1051 3251 1252 3287 -θ

202 3310 230 3370 5.
253 3307 357 3387 Super
371 3307 475 3370 oblata
490 3308 617 3386 signum
634 3307 744 3369 Crucis
761 3307 797 3371 fit
814 3309 871 3370 hoc
888 3307 997 3371 mode:

167 3417 272 3462 manus
286 3401 414 3463 dextera
428 3401 555 3462 ducitur
570 3401 608 3463 ab
623 3402 820 3463 extremitate
835 3403 1000 3482 posteriori
1145 3400 1161 3453 b

163 3513 302 3557 eversus
322 3499 432 3575 pectus
453 3494 491 3556 ad
514 3496 530 3556 d
560 3495 660 3573 (linea
680 3495 803 3572 recta);
825 3495 938 3557 deinde
959 3497 999 3558 ad
1022 3517 1037 3559 c
1058 3501 1090 3559 et
1112 3499 1151 3569 d,·
1172 3500 1247 3558 tunc

165 3585 316 3651 fomnatur
330 3590 414 3651 linea
429 3594 588 3651 transuere
603 3589 691 3651 d-e.

209 3682 259 3744 Ita
271 3703 366 3762 super
376 3683 476 3742 selum
487 3681 614 3742 calicem
632 3682 695 3759 (vel
708 3683 806 3744 selam
818 3682 969 3760 hostiam)
985 3703 991 3742 :
1005 3683 1133 3744 initium
1147 3683 1246 3745 lineae

166 3782 259 3838 rectae
281 3798 301 3839 a
323 3782 371 3838 est
394 3777 458 3838 iere
484 3778 517 3837 in
540 3777 738 3838 extremitate
762 3777 924 3855 posteriori
949 3776 1050 3855 pallae
1079 3777 1247 3854 (hestiae),

165 3872 313 3932 terminus
333 3872 350 3931 b
372 3890 466 3950 super
484 3871 553 3949 ejus
574 3871 771 3932 extremitate
792 3870 1101 3949 anteriori—Super
1120 3871 1247 3931 calicem

164 3969 191 4027 et
202 3967 336 4028 hostiam
351 3964 462 4025 simul:
478 3964 631 4025 terminus
644 3985 662 4025 a
676 3964 709 4024 in
724 3964 825 4026 nicetio
839 3963 949 4042 pallae,
964 3966 980 4026 b
996 3985 1089 4044 super
1102 3965 1247 4039 hostiam,

164 4062 192 4120 et
206 4058 264 4122 d-e
279 4078 374 4139 super
389 4058 577 4119 anteriorem
594 4057 695 4137 pallae
711 4077 808 4127 orum
826 4057 869 4117 vel
889 4058 971 4119 iuter
987 4058 1112 4119 calicem
1131 4064 1162 4119 et
1179 4059 1247 4121 hos-

164 4151 245 4217 tiam.
289 4153 406 4215 Lineae
427 4171 491 4212 non
513 4150 626 4213 debent
647 4170 711 4211 esse
733 4156 887 4221 inritatae,
909 4150 954 4211 rel
978 4172 1014 4212 ex
1036 4158 1124 4230 parte
1153 4156 1194 4228 (e.
1217 4172 1246 4231 g.

163 4247 231 4326 c-b)
251 4246 468 4328 depressiores.
508 4244 695 4324 (Linearum
711 4243 838 4303 initium
855 4242 901 4303 uel
917 4243 1048 4307 directio
1063 4243 1248 4306 aestimatur

161 4358 196 4403 er
209 4359 305 4423 parvo
320 4338 449 4419 digito.)

527 4509 538 4543 ¹
558 4503 691 4554 ductores
705 4507 891 4556 communiter.
