2804 4890
488 726 541 783 Du
563 723 725 784 canons
748 721 906 783 Mtssan.
1199 717 1237 781 93

145 922 208 968 non
225 902 311 965 infra
327 902 462 965 manus⁸
479 905 572 980 atque
588 900 760 980 “expandit
774 920 886 962 manus
905 901 999 962 simul
1016 921 1108 981 super
1125 901 1238 972 oblata,

148 999 191 1060 ita
204 1003 242 1060 ut
256 997 378 1078 palmae
393 997 457 1059 siut
473 1000 598 1076 apertae
615 1016 719 1058 versus
733 1018 768 1058 ac
784 1017 880 1076 supra
893 997 1021 1058 calicem
1038 1004 1066 1057 ct
1083 995 1238 1059 hostiam’'

143 1098 175 1154 et
192 1092 368 1170 digitorum
388 1092 570 1155 extremitas
589 1092 628 1153 ad
650 1090 787 1153 medium
809 1091 920 1172 pallae,
941 1091 1017 1171 quin
1039 1111 1107 1152 eam
1129 1094 1237 1168 tangat

144 1188 300 1262 manibus,
320 1187 416 1267 “quas
436 1188 481 1248 sic
502 1190 587 1250 tenet
608 1206 704 1266 usque
724 1187 762 1248 ad
786 1187 839 1247 illa
862 1187 969 1249 verba:
993 1187 1054 1247 Per
1076 1186 1234 1247 (lhrlstmn

145 1281 319 1343 Dominam
346 1285 508 1352 nostram·
533 1286 610 1343 tunc
636 1282 720 1343 enim
747 1281 855 1360 jungit
881 1278 1024 1355 manua,''
1050 1282 1080 1340 et
1108 1277 1238 1340 retrahit

143 1381 217 1437 ante
234 1380 352 1456 pectus.

186 1472 215 1530 2.
238 1468 314 1531 “Sic
330 1468 545 1550 prosequitur:
563 1469 663 1546 Queat
680 1469 867 1530 oblationem.
884 1473 918 1530 tu
934 1469 1021 1530 Dens
1034 1468 1068 1528 ia
1084 1467 1237 1534 aaronitas,

143 1563 371 1645 qaaesamaa,·''
392 1567 460 1624 tum
484 1563 613 1643 deponit
635 1563 808 1638 sinistram,
832 1565 882 1625 “et
906 1583 976 1625 cum
1001 1561 1089 1638 dicit,
1113 1561 1236 1636 Besel-

145 1658 273 1728 diclam,
293 1658 537 1737 adamat-tam,
557 1661 711 1732 ra-l-tana,
730 1657 939 1718 connnnniter
958 1657 1063 1735 signat
1082 1660 1130 1718 ter
1148 1675 1240 1735 super

143 1752 281 1815 hostiam
297 1756 329 1814 et
345 1751 473 1814 calicem
489 1751 582 1812 simul
595 1751 622 1812 :''
641 1756 708 1813 tum
727 1756 869 1831 prompte
887 1752 1085 1826 continuans,
1105 1749 1239 1811 rationa-

146 1847 250 1918 bilem,
267 1843 548 1927 acceptabilemque
563 1846 666 1927 facere
684 1846 832 1923 clipeatis,
850 1846 932 1907 lente
948 1846 1090 1909 dextram
1108 1845 1239 1907 retrahit

147 1961 253 2003 versus
273 1946 391 2021 pectus,
420 1941 493 2018 (aut
515 1940 633 2001 interea
655 1959 766 2000 ananus
789 1941 920 2019 jungere
943 1944 1079 2020 potest;)
1108 1936 1241 2000 “deinde

145 2056 217 2096 cum
234 2035 330 2095 dicit:
348 2039 383 2096 nt
400 2034 489 2096 nobis
506 2055 626 2113 corpas,
645 2036 811 2112 separatim
831 2034 934 2112 signat
952 2035 1044 2097 semel
1062 2054 1154 2115 super
1172 2034 1240 2095 hos·

146 2129 223 2191 tiam
246 2133 390 2202 tantum3
408 2131 439 2190 ct
460 2149 532 2189 cum
551 2127 645 2190 dicit:
667 2133 696 2189 ct
718 2128 864 2206 Nonquia,
886 2128 979 2188 scmel
999 2147 1092 2207 super
1113 2127 1239 2190 calicem

147 2228 291 2285 tantum:
314 2220 427 2284 deinde
449 2221 571 2283 elevans
594 2231 624 2285 et.
646 2222 782 2298 jungens
805 2241 916 2282 ritanus
938 2229 1010 2283 ante
1032 2226 1148 2302 pactus,
1172 2242 1241 2300 pro·

146 2317 306 2396 sequitur:
321 2316 376 2394 fiat
391 2314 588 2377 dilectissimi
602 2315 680 2377 Fila·
695 2316 743 2377 lui
757 2316 888 2377 Domini
903 2317 1002 2378 nostri
1016 2318 1093 2378 desa
1111 2316 1240 2386 t'lrtsli,

145 2418 177 2473 et
205 2409 362 2472 inclinans
388 2414 483 2488 caput
510 2409 636 2482 Cruciss’
666 2409 784 2470 nullam
812 2429 929 2469 rnoram
961 2409 1171 2489 interponens,
1200 2409 1238 2470 ad

148 2506 247 2585 ipsam
262 2502 534 2564 Corrsecrationem
550 2502 699 2583 procedit.

190 2688 239 2752 58.
263 2688 442 2767 “Extergit,
456 2691 481 2750 si
496 2706 574 2766 opus
589 2689 697 2762 fuerit,
712 2687 839 2769 pollices
852 2694 883 2750 et
899 2687 1016 2751 indices
1030 2708 1123 2769 super
1137 2708 1242 2768 corpo-

149 2785 233 2848 rale’'
263 2785 297 2846 in
325 2788 457 2863 utraque
485 2783 683 2846 extremitate
712 2783 832 2845 laterali
863 2785 1036 2864 plicaturae
1066 2783 1241 2857 anterioris,

147 2881 199 2942 “et
225 2878 376 2959 [interea]
402 2879 480 2942 dicit
502 2882 628 2953 secreto,
650 2884 686 2941 ut
707 2880 811 2960 prius:
835 2880 897 2956 (lai
918 2878 1020 2961 pridie
1041 2900 1131 2959 qnam
1155 2883 1240 2962 patc-

147 2974 271 3037 retar:'’
297 2974 420 3049 deiude,
445 2978 482 3036 ut
506 2975 640 3037 hostiam
667 2973 793 3035 facilius
819 2975 956 3054 accipere
980 2976 1088 3056 possit,
1113 2996 1182 3037 eam
1207 2975 1240 3034 in

149 3068 347 3130 extremitate
375 3065 478 3130 indice
506 3065 634 3131 sinistro
662 3067 826 3146 paululum
856 3069 980 3147 premit,
1009 3071 1061 3132 “et
1089 3070 1243 3148 accipiens

151 3161 261 3242 pollice
286 3167 319 3224 et
343 3161 445 3223 indice
469 3161 595 3225 dextrae
620 3182 731 3223 manus
755 3162 900 3237 hostiam,
925 3169 957 3226 et
979 3185 1047 3226 eam
1073 3184 1144 3226 cum
1169 3163 1243 3240 illis,

148 3275 183 3316 ac
214 3255 318 3317 indice
349 3259 381 3317 et
411 3254 523 3334 pollice
553 3256 699 3317 sinistrae
731 3277 842 3318 aranas
875 3256 1003 3319 lenens''
1034 3278 1089 3337 per
1120 3263 1241 3337 partem

152 3348 344 3424 inferiorem,
373 3348 449 3410 dum
477 3348 588 3430 reliqui
620 3351 712 3427 ‹ligttt
743 3351 827 3413 iufra
856 3352 991 3414 hostiam
1021 3360 1095 3416 sunt
1124 3354 1242 3414 extensi

148 3447 179 3504 ct
215 3443 331 3522 juncti,
367 3444 444 3523 quin
479 3443 638 3522 corporale
675 3450 834 3522 tangatur,
870 3448 977 3508 “stans
1014 3453 1134 3510 erectus
1170 3453 1243 3508 ante

149 3537 286 3597 medium
316 3535 446 3611 Altaria,
474 3537 569 3600 dicit:
596 3539 715 3618 accepit
741 3560 853 3619 panem
882 3540 915 3602 ia.
942 3547 1065 3604 sanctas
1092 3564 1126 3605 aa
1153 3564 1241 3602 aune-

150 3631 263 3692 raha'lea
290 3652 401 3692 martas
424 3652 506 3699 auos,
528 3633 711 3712 elevansque
737 3634 774 3694 ad
800 3637 919 3696 coelum
943 3635 1057 3711 aculae,
1081 3643 1112 3699 et
1136 3637 1241 3698 statim

147 3725 327 3801 demittens,
359 3725 509 3804 [interea]
540 3727 635 3788 dicit:
664 3733 693 3789 et
721 3729 848 3791 cleantis
873 3729 971 3791 oculis·
997 3728 1030 3793 ia
1058 3732 1173 3793 coelam
1201 3731 1242 3788 ‹nl

151 3824 181 3881 le
212 3819 314 3882 Deam
345 3821 473 3882 Patrem
504 3842 597 3883 sunm
629 3824 886 3902 onarcipolcnlcm,
918 3832 1071 3905 caputque
1103 3826 1243 3906 aliqnan-

149 3911 253 3975 tulum
278 3914 435 3976 inclinans
459 3915 547 3991 dicit,
572 3917 630 3977 tihi
653 3919 771 3995 pretias
794 3940 898 3997 nqeue,
923 3926 955 3982 et
978 3925 1087 3983 tenens
1109 3922 1241 3982 hostiam

150 4008 233 4070 inter
258 4007 403 4088 pollicem
428 4014 459 4072 ct
487 4009 623 4073 indicem
647 4011 792 4076 sinistrae
819 4035 939 4091 manus,
967 4014 1107 4089 ‹lextra‚''
1134 4015 1243 4095 pollicc

149 4108 182 4164 et
208 4103 310 4166 indice
335 4124 398 4167 uon
422 4105 543 4183 junctis
568 4106 735 4186 “producit
760 4110 886 4186 signum
912 4112 1021 4172 t‘rucis
1046 4120 1139 4192 su‘pcr
1164 4132 1243 4178 cani.

148 4197 272 4260 dicens:
293 4197 525 4273 dene-l-diait,''
544 4202 712 4281 statimque
731 4224 798 4265 earn
819 4207 950 4267 resumit
971 4225 1064 4267 rnamr
1084 4205 1191 4265 dextra
1213 4213 1244 4268 ct

150 4293 268 4354 interea
291 4291 499 4372 prosequitur,
520 4295 647 4376 “sreqil,
671 4298 817 4377 deditque
840 4300 1002 4379 ‹liscipnlia
1023 4300 1098 4371 aazia,
1122 4297 1244 4359 dicans:

150 4386 302 4469 Accipite,
321 4393 351 4450 et
372 4389 556 4453 raaaducate
576 4414 612 4454 aa
631 4395 688 4456 hoc
707 4398 843 4459 carrarca.''

595 4542 606 4573 ⁸
630 4535 661 4586 l).
684 4538 757 4586 1275.
777 4540 800 4589 5.
