2804 4890
179 672 242 736 490
290 675 345 731 bn
368 672 509 730 FUNOT.
533 672 641 728 PAST.
668 668 948 727 SACRAMENTIS
969 666 1164 726 nnuma.

555 1322 746 1402 OAPUT
772 1322 901 1400 VIII.

178 1517 238 1573 DE
269 1516 589 1574 Fuucarortaaus
622 1516 941 1573 PASTORALIBUS
975 1515 1279 1571 secundianus

625 1608 824 1664 ADNEXIS.

644 1777 759 1848 ART.
782 1777 813 1848 Ι.

180 1963 231 2014 DE
249 1960 535 2014 BENEDICTIONE
554 1960 787 2012 APOSTOLICA
806 1961 886 2012 CUM
905 1960 1171 2012 INDULGENTIA
1190 1960 1279 2011 PLE-

444 2054 565 2104 NARIA
587 2054 628 2102 IN
649 2052 837 2104 aurionno
858 2052 1006 2104 MORTIS.

224 2221 295 2285 301.
320 2221 480 2301 Sacerdos,
512 2223 648 2285 “habens
680 2224 875 2301 facultatem,
908 2223 1113 2303 ingrediendo
1147 2221 1277 2283 cubicu-

181 2317 249 2378 lum
274 2315 376 2378 dicat:
401 2317 469 2378 Par
493 2317 566 2379 lartio
590 2317 699 2379 dorrrui
722 2316 801 2380 etc.''
825 2316 1083 2396 superpelliceum
1107 2322 1138 2379 et
1161 2315 1279 2377 stolam

182 2408 351 2471 violaceam
379 2408 506 2484 i11duit‚¹
535 2411 590 2470 “ac
616 2409 729 2472 deinde
754 2413 926 2489 aegrotum,
952 2409 1131 2470 cubiculum
1158 2412 1190 2470 et
1216 2408 1279 2469 cir—

182 2506 373 2564 cumstantes
398 2501 564 2581 adspergat
587 2523 666 2581 aqua
690 2501 861 2577 benedicta,
885 2502 1017 2565 dicendo
1039 2501 1279 2580 Antiphonem:
1385 2545 1391 2557 .

181 2595 336 2675 ‘laperpas
357 2614 417 2667 me,
436 2594 514 2658 etc.”

224 2690 252 2749 2.
276 2686 387 2760 “Quod
416 2689 442 2747 si
471 2693 615 2765 aegrotus
643 2686 777 2749 voluerit
805 2687 957 2761 confiteri,
986 2686 1095 2749 audiat
1123 2685 1215 2747 illum
1245 2691 1279 2747 ct

182 2780 330 2842 absolvat.
388 2777 424 2840 si
460 2778 695 2841 confessionem
731 2799 794 2840 non
827 2783 913 2859 petat
959 2780 1073 2842 excitet
1109 2777 1200 2840 illurn
1236 2779 1279 2840 ad

182 2872 371 2932 eliciendum
398 2875 503 2933 actum
529 2870 758 2933 contritionis.''

224 2966 252 3026 3.
277 2962 481 3026 Conditiones
500 2965 596 3041 hujus
615 2964 831 3043 indulgentiae
850 2964 1035 3027 lucrandae:
1062 2965 1113 3044 (a)
1139 2965 1281 3027 intentio

181 3055 292 3118 saltem
313 3055 500 3129 habitualis;
528 3058 579 3135 (b)
607 3062 695 3119 actus
716 3057 916 3118 contritionis
936 3062 966 3119 et
987 3058 1150 3119 charitatis
1171 3059 1198 3118 si
1219 3077 1280 3137 pro

181 3148 361 3211 conditione
384 3149 500 3208 infirmi
522 3148 679 3228 possibilis
698 3151 758 3217 sit:
785 3149 833 3227 (c)
862 3151 1015 3211 imocatio
1037 3150 1174 3212 nominis
1196 3152 1279 3213 Jesrr

182 3240 291 3303 ,altem
320 3241 484 3307 mentalis:
520 3242 572 3317 (dl
608 3241 753 3301 infirmus
782 3241 987 3304 admoneatur
1013 3244 1068 3303 “ut
1098 3241 1197 3303 morbi
1230 3242 1280 3302 iu-

182 3333 344 3396 commoda
365 3354 399 3395 ae
423 3332 543 3395 dolores
567 3335 598 3393 in
621 3337 781 3395 anteactae
805 3334 886 3396 vitae
909 3335 1118 3413 expiationem
1142 3334 1280 3397 libenter

183 3428 329 3507 perierat,
352 3426 477 3506 Deoque
499 3447 562 3488 sese
584 3432 728 3506 penatum
749 3428 859 3490 offerat
882 3427 920 3489 ad
943 3427 1026 3489 ultro
1049 3427 1278 3506 acceptandum

181 3519 332 3600 quidquid
355 3521 381 3581 ei
405 3517 569 3598 placuerit.
591 3524 622 3581 et
644 3522 776 3580 irrortem
799 3519 897 3597 ipsam
922 3519 1077 3598 patienter
1099 3519 1278 3583 obeundam

183 3614 215 3673 in
240 3612 487 3673 satisfactionem
515 3631 695 3691 poerrarum,
722 3632 797 3690 quas
823 3611 978 3692 peccando
1003 3610 1209 3692 promeruit.''

223 3704 309 3779 Quae
342 3704 546 3771 conditiones,
579 3710 615 3765 ut
647 3704 848 3784 impleantur,
884 3702 1032 3766 Sacerdos
1065 3723 1170 3786 preces
1203 3726 1279 3771 cum

182 3797 308 3859 infirmo
333 3799 462 3860 recitare
487 3798 611 3876 potest.²
658 3797 762 3858 Etiam
788 3796 980 3860 confessione
1004 3798 1201 3878 praecedenti
1228 3800 1279 3861 in-

182 3891 308 3951 firmum
328 3890 365 3952 acl
389 3890 444 3951 hoa
465 3895 552 3950 actus
573 3888 736 3967 disponere
758 3891 869 3969 potest.

214 4028 327 4080 lcaval.
347 4032 398 4080 etc.
786 4027 809 4078 Ο
824 4044 869 4093 my
883 4029 972 4093 ἄφευε,
988 4029 1004 4079 I
1019 4030 1121 4082 believe
1137 4031 1166 4081 in
1182 4032 1274 4093 Thea:

214 4105 268 4155 2Ε.
287 4121 312 4167 g.
332 4104 355 4154 Ο
374 4120 419 4167 my
436 4104 508 4154 Lord
527 4106 581 4156 and
600 4104 701 4165 Gothi
751 4103 850 4169 Ihope
866 4105 892 4154 in
910 4106 995 4163 Thae3
1015 4107 1103 4157 Ilove
1118 4106 1191 4157 Thee
1206 4109 1278 4161 with

179 4181 290 4244 humbly
309 4181 356 4230 ask
378 4180 423 4229 for
443 4181 489 4229 the
509 4181 648 4231 remission
670 4181 701 4231 of
752 4196 796 4244 my
817 4181 902 4230 whole
924 4182 1010 4232 heart.
1051 4182 1131 4232 Iam
1154 4183 1278 4250 heartily

179 4257 216 4307 all
235 4257 367 4320 tempora]
388 4256 570 4319 punishment.
592 4258 636 4305 for
656 4258 701 4307 the
750 4271 828 4320 sorry
847 4257 892 4306 for
912 4259 948 4307 all
969 4259 1015 4307 the
1034 4259 1090 4307 sins
1110 4260 1164 4309 and
1186 4260 1278 4312 sanita

180 4332 293 4387 rileaarr
333 4332 492 4392 indulgence
529 4333 615 4381 which
653 4334 702 4395 thy
750 4333 783 4382 of
801 4350 845 4397 my
864 4336 948 4385 whole
967 4336 1025 4386 lite.
1064 4337 1278 4400 (immadi

179 4410 243 4470 holy
265 4408 370 4456 Phrrrch
394 4412 490 4470 granta
512 4412 542 4459 at
565 4409 610 4458 the
634 4410 701 4458 haur
750 4424 792 4459 am
813 4412 897 4474 ready
915 4417 943 4462 to
962 4418 1056 4474 accept
1077 4415 1130 4465 aad
1150 4414 1217 4467 bear
1236 4420 1276 4470 all

178 4484 211 4534 ot
228 4485 317 4534 death.
747 4485 830 4550 peina
858 4488 912 4538 and
942 4488 1092 4553 sufferinga
1120 4493 1174 4542 and
1204 4508 1274 4545 even
