2804 4890
424 677 678 733 CONSPECTUS
703 678 993 736 LITURGithM.
1198 667 1259 731 219

212 853 238 912 7.
264 851 418 914 Groduole
450 852 495 913 rel
526 852 663 932 psalmus
693 853 905 932 responsorius
936 855 982 915 vel
1013 854 1255 934 llespousorium

169 945 325 1007 tlraduale
338 965 357 1006 a
369 945 497 1008 Lectore
511 946 689 1018 canebatur,
704 946 779 1006 (hun
794 947 927 1026 populus
941 952 1011 1027 post
1025 968 1176 1027 quemque
1191 969 1255 1008 ver-

168 1058 238 1099 sum
259 1038 464 1118 respondebat
485 1039 623 1102 canendo
646 1039 871 1119 Antiphonem.

211 1135 239 1192 8.
261 1131 312 1193 Ad
328 1131 516 1196 oblationem
532 1153 549 1193 a
566 1132 680 1212 populo
697 1134 823 1194 allatam
840 1134 978 1213 psalmus
995 1134 1039 1196 vel
1056 1155 1128 1214 pars
1144 1134 1255 1214 psalmi

169 1246 240 1287 cum
255 1225 429 1304 antiphona
443 1226 622 1300 canebatur,
638 1247 715 1305 quae
731 1232 801 1306 post
816 1227 985 1307 quemlibet
1001 1247 1123 1289 versum
1140 1233 1254 1307 repete-

169 1319 269 1380 batur.
315 1319 461 1381 Cessante
480 1319 537 1380 hac
555 1319 711 1381 oblatione
730 1320 835 1399 populi
856 1321 921 1382 sola
938 1321 1112 1400 antiphona
1129 1321 1256 1381 nomine

170 1412 332 1491 offertorii
354 1415 477 1474 retenta
499 1417 554 1486 est,
577 1419 704 1492 excepto
727 1419 852 1474 tantum
878 1413 1045 1475 Offertorio
1070 1414 1183 1475 Missae
1206 1414 1256 1474 dc-

170 1505 361 1569 functorum.

212 1602 239 1660 9,
262 1599 312 1659 Ad
337 1599 596 1662 Conimnnionern
620 1600 728 1680 populi
753 1601 802 1662 Ps.
826 1603 886 1676 33,
908 1601 1097 1665 Benedicent
1119 1601 1255 1664 Domino

169 1693 200 1753 in
216 1694 303 1754 omni
318 1699 454 1774 temptare
474 1694 522 1771 (in
538 1693 660 1769 Liturg.
677 1693 801 1772 etpost.)
822 1695 1000 1767 canebatur,
1016 1695 1059 1756 ita
1074 1700 1109 1755 ut
1124 1694 1258 1773 populus

168 1791 238 1866 post
254 1807 405 1867 quemque
421 1809 543 1851 versum
560 1789 765 1868 antiphonam
782 1792 936 1869 repeteret
955 1789 1019 1868 (uti
1037 1789 1260 1853 Invitatorium

172 1878 263 1940 initio
288 1878 439 1939 hlatutini
466 1879 503 1940 acl
531 1880 580 1939 Ps.
613 1881 752 1949 lenite).
809 1881 1037 1942 t'ommunione
1062 1881 1153 1942 finita
1176 1888 1256 1942 nutu

170 1973 334 2034 Pontih'cis
364 1972 471 2034 Gloria
500 1973 599 2045 Petri,
626 1978 685 2038 etc.
714 1981 745 2037 et
772 1975 946 2055 antiphona
975 1977 1181 2056 repetebatur.
1232 1976 1258 2037 A

169 2066 290 2125 sacrriio
309 2070 373 2125 t'ere
389 2065 509 2125 ‹lecimo
527 2066 591 2125 sola
608 2067 779 2144 antiphona
798 2067 985 2127 t'ommnnio
1006 2076 1125 2127 retenta
1144 2067 1215 2127 suit.

213 2162 259 2220 ltt.
284 2158 406 2219 Nomen
420 2157 518 2217 Missa
529 2179 565 2219 cx
579 2181 614 2219 co
626 2159 793 2229 oriebatur,
807 2159 885 2238 quoti
901 2158 1042 2220 dimissio
1056 2181 1108 2220 scu
1123 2159 1256 2220 abeundi

170 2253 260 2313 uenia
273 2252 522 2314 annuntiabatur
536 2273 591 2331 per
606 2252 778 2312 Diaconum
795 2261 861 2312 tum
878 2258 946 2332 post
962 2253 1091 2314 Missam
1106 2254 1256 2314 (bitechu-

170 2365 343 2419 menorum,
357 2352 424 2406 tum
439 2352 508 2425 post
522 2346 649 2406 Missam
667 2346 806 2406 bdelium
826 2348 891 2423 (Ite.
904 2347 1001 2407 illisae
1017 2349 1077 2420 est)
1094 2367 1100 2406 :
1115 2347 1257 2407 dimissio

170 2459 222 2500 scu
239 2440 344 2500 missio
362 2468 397 2491 =
414 2441 517 2513 missa,
532 2440 579 2501 uti
595 2440 723 2501 collecta
739 2469 774 2490 =
792 2440 940 2500 collectio.
987 2441 1033 2499 tlh
1049 2442 1103 2501 has
1118 2440 1195 2502 duas
1210 2440 1256 2500 di·

170 2533 331 2595 missiones
361 2532 525 2595 celehratio
557 2532 709 2594 Sacrihcii
740 2535 835 2595 ctiam
865 2534 1054 2594 “Missarum
1086 2532 1256 2594 solcrnnia''

170 2627 354 2705 appellatur.
400 2626 576 2706 Disciplina
593 2627 698 2688 arcani
716 2627 940 2706 appellationes
957 2648 993 2688 ex
1010 2626 1257 2689 circumstantiis

169 2720 413 2783 accidentalibus
435 2720 592 2781 suadebat.

610 2909 723 2978 ART.
750 2909 815 2979 IV.

448 3035 686 3085 consorores
703 3035 975 3087 nrrrinumann.

212 3132 280 3194 124.
304 3133 482 3213 Conspectu
502 3133 698 3213 subsequenti
722 3133 929 3194 conferuntur
950 3133 1096 3214 hiturgia
1117 3135 1256 3198 Romana

168 3236 199 3290 ct
227 3230 342 3290 Graeca
367 3249 438 3289 cum
463 3227 609 3304 liturgia
637 3228 744 3306 Apost.
771 3247 822 3287 scu
851 3227 1057 3297 Olcrirentina,
1084 3229 1256 3291 exhibendo

168 3328 282 3403 partes,
296 3344 374 3404 quae
390 3324 421 3384 in
436 3323 594 3404 prioribus
615 3323 652 3402 (i.
668 3343 693 3383 e.
710 3324 850 3384 Romana
865 3328 896 3385 et
910 3323 1042 3399 Graeca)
1062 3344 1099 3385 ex
1114 3325 1257 3404 Liturgia

170 3417 277 3494 apost.
296 3416 478 3493 ‹insumptac
497 3420 580 3473 sunt.
626 3414 723 3491 'lypis
743 3414 863 3473 ttulit-ia
884 3413 953 3474 illae
974 3424 1075 3492 partes
1095 3420 1256 3488 notantur,

168 3530 246 3588 quae
269 3509 456 3588 corripositae
479 3514 553 3568 sunt
576 3509 668 3585 juxta
690 3506 849 3586 excuuplar
871 3527 889 3568 a
914 3507 1038 3567 (tutan
1065 3506 1198 3567 Domino
1222 3508 1255 3568 in

170 3603 291 3663 l'ltima
312 3603 415 3662 Coena
436 3603 640 3680 propositum.

513 3760 636 3815 mlssn
670 3760 914 3815 CATECHUM.

211 3877 348 3914 arroasia
367 3876 502 3913 arosron.
577 3875 712 3913 nicanora
728 3875 856 3912 retricans.
931 3873 1067 3911 manaem
1088 3874 1209 3912 cannen.

613 3935 747 3988 introitus
767 3934 849 3995 (anti
919 3935 943 3985 6.
965 3933 1141 3997 praeparatio
1192 3934 1255 3988 hos·

576 4009 628 4074 cip.
643 4028 669 4063 n.
683 4011 721 4071 2).
884 4007 946 4069 tiae,
989 4006 1088 4059 inlusio
1129 4008 1184 4060 vini
1226 4015 1255 4064 et

612 4087 636 4138 7.
658 4084 742 4149 Kyric
785 4084 848 4137 clei·
883 4081 1025 4148 aquaead
1046 4083 1186 4148 prothesin
1205 4102 1254 4139 seu

574 4178 632 4212 son.
882 4155 1058 4210 credentiam.

611 4234 705 4288 Gloria
719 4233 746 4284 in
760 4233 847 4286 excel·

574 4309 619 4361 sis.

610 4388 635 4437 8.
656 4383 760 4435 Oratio.
917 4382 1027 4437 Litania
1055 4382 1160 4435 irenica
1188 4401 1252 4440 cum

203 4465 226 4514 l.
247 4461 391 4513 Lectiones
412 4459 484 4512 dirae.
505 4460 537 4511 V.
574 4461 634 4584 ΓΙ1.
656 4458 798 4509 Lectiones
814 4460 845 4512 V.
881 4458 1006 4512 oratione
1024 4456 1117 4519 (antio.
1134 4472 1160 4508 n.
1177 4459 1253 4527 7-8),

164 4538 198 4590 Τ.
591 4535 607 4587 “.
