2804 4890
151 679 213 747 552
250 687 336 748 APP.
360 686 402 748 II.
442 687 496 746 DE
519 684 714 748 vasileos
738 685 876 746 sucula
902 686 1168 750 sucuauo'ns.

571 1295 762 1375 CAPUT
795 1296 831 1374 Ι.

223 1481 280 1537 DE
302 1479 510 1537 vitamus
532 1478 677 1536 sacius
700 1479 964 1536 sncanuorls
986 1479 1033 1535 m
1049 1478 1183 1537 mssn

599 1572 796 1628 PRIVATA.

193 1745 263 1806 338.
288 1744 437 1807 Sacerdos
476 1744 687 1807 celebraturus
723 1744 851 1805 missam
888 1742 1044 1826 privatam
1084 1751 1256 1824 sequentes

154 1847 251 1900 vestes
267 1858 368 1899 sacras
386 1857 542 1900 assumere
560 1837 705 1918 jubetur:
725 1837 898 1912 Amioturn,
917 1836 1042 1912 Albam,
1062 1833 1256 1916 Cingulum,

152 1930 364 2009 Manipulum,
390 1929 521 2006 Stolam,
546 1929 720 1992 Planetam.

611 2183 726 2253 Anu.
757 2183 788 2257 Ι.

583 2366 634 2417 ΒΕ
652 2366 807 2418 ΑΜΙΟΤΙῙ.

193 2515 220 2574 1.
243 2511 398 2588 Amietus,
420 2515 473 2592 qui
496 2509 657 2573 interdum
677 2512 773 2574 etiam
794 2511 972 2591 appellatur
993 2511 1179 2586 Humerale,
1202 2518 1251 2575 est

152 2624 274 2685 pannus
298 2605 399 2666 lineus
424 2604 523 2679 albus,
548 2603 588 2665 ad
615 2605 713 2664 instar
740 2604 799 2666 veli
824 2603 995 2680 confectus,
1018 2625 1078 2683 quo
1103 2606 1250 2667 sacerdos

151 2697 237 2777 prius
263 2701 358 2777 caput
390 2697 461 2776 (per
489 2698 699 2773 momentum)
733 2695 845 2759 deinde
874 2696 989 2759 collum
1017 2717 1070 2757 seu
1098 2697 1250 2757 humeros

152 2790 288 2870 undique
311 2788 438 2869 obtegit.
486 2788 608 2850 Nomen
632 2789 724 2851 habet
746 2808 765 2851 a
786 2788 877 2850 verbo
900 2788 1029 2850 amicire
1052 2788 1134 2867 quod
1161 2789 1249 2851 idem

150 2887 196 2943 est
214 2903 249 2944 ae
268 2882 482 2959 circumjioere
501 2881 547 2942 vel
567 2881 732 2959 cooperire..

191 2977 220 3036 2.
240 2974 323 3035 Usus
338 2972 483 3046 invaluit,
500 2993 590 3052 quem
606 2972 698 3035 lrodie
713 2973 839 3035 Missale
857 2973 1033 3035 Romanum
1050 2976 1250 3053 praeseribit,

149 3067 241 3129 utin
262 3065 365 3127 medio
389 3065 541 3144 infigatur
562 3085 656 3146 parva
679 3084 765 3128 crux.
812 3064 1027 3130 Praestantior
1048 3067 1162 3130 modus
1186 3071 1248 3130 erit

150 3159 272 3237 affigere
290 3178 413 3219 erucem
439 3159 542 3235 (rubei
563 3156 690 3233 coloris)
717 3159 749 3218 in
769 3163 876 3218 centro
896 3159 993 3221 totius
1014 3159 1194 3221 indumenti
1217 3176 1248 3222 ot

150 3272 212 3313 non
228 3252 259 3312 in
274 3251 426 3330 superiori
440 3255 537 3330 parto,
551 3250 697 3329 quoniam
712 3249 852 3312 sarerrlos
867 3250 958 3313 istam
972 3271 1093 3313 ornnem
1110 3257 1248 3317 oseulari

150 3345 240 3407 (lebet
266 3346 296 3404 in
321 3342 614 3423 superinrpositiono
638 3347 668 3403 ot
692 3343 895 3422 depositione,
919 3345 999 3423 qnod
1026 3347 1075 3405 vix
1100 3346 1251 3409 ‹leoonter

151 3436 218 3498 fieri
242 3440 353 3516 potest,
376 3436 400 3495 si
424 3456 499 3498 crux
521 3436 561 3497 sit
584 3434 672 3495 affixa
695 3436 747 3495 isti
769 3435 846 3509 loeo,
868 3436 921 3515 qui
945 3436 1024 3498 eollo
1046 3438 1250 3516 circumliga-

151 3535 213 3602 tur,
237 3530 384 3608 quioniam
410 3527 451 3588 ibi
477 3527 568 3589 facile
591 3526 696 3589 sordes
720 3531 847 3608 propter
870 3527 1130 3608 perspirationem
1158 3553 1250 3593 aeon-

150 3622 321 3683 mulantur.

194 3718 221 3777 3.
247 3715 384 3774 Ornatus
417 3714 448 3774 in
479 3713 581 3774 forma
611 3716 715 3774 textus
747 3712 947 3775 dentiorrlati¹
979 3716 1115 3799 appositi
1146 3721 1252 3781 extre-

151 3806 315 3869 mitatibus
343 3807 448 3866 minus
474 3803 628 3877 convenit,
656 3803 729 3885 quia
755 3805 888 3867 amiotus
916 3812 985 3887 post
1012 3808 1251 3886 impositionem

151 3920 213 3964 non
228 3898 430 3979 conspicitur,
444 3901 571 3977 excepto
584 3918 666 3973 nasu,
679 3917 749 3978 quo,
763 3900 810 3959 uti
825 3900 908 3978 apud
924 3899 1060 3962 diversos
1076 3899 1255 3975 religiosos,

151 3994 209 4056 lroo
233 3993 453 4054 indumentum
476 4010 568 4070 snper
590 3997 683 4072 eaput
705 3990 749 4051 rol
774 4011 866 4070 super
888 3995 1048 4072 onpntiunr
1072 3994 1208 4070 geritur.

194 4089 222 4147 4.
246 4084 424 4161 Vestigium
452 4084 635 4145 historicum
667 4084 800 4144 amiotus
830 4086 1084 4164 antiquissimum
1115 4097 1257 4155 exeunte

153 4178 274 4240 saeculo
290 4180 397 4240 octavo
413 4177 557 4238 orourrit.
587 4176 706 4238 Saltem
723 4197 759 4237 ex
776 4197 811 4238 eo
828 4180 966 4256 ternpore
985 4178 1069 4240 Drrlo
1088 4180 1258 4247 Romanus

153 4271 191 4333 de
211 4271 336 4330 Arniotu
356 4274 514 4348 tamqnam
534 4268 682 4333 lituraioo
702 4270 887 4332 vestimento
905 4270 1054 4350 loquitur.
1098 4273 1257 4342 :litamen

154 4364 218 4441 jam
237 4363 325 4436 prius
345 4363 375 4423 in
396 4383 453 4422 usu
474 4360 568 4422 luisse
588 4361 711 4423 virlelur
730 4362 781 4424 sed
800 4383 861 4425 non
883 4365 1028 4426 omnibns
1049 4364 1135 4429 loeis
1182 4371 1258 4436 llos

198 4511 290 4563 ¹Laoe.
