2804 4890
177 703 218 763 94
463 716 578 769 RITUS
603 716 749 771 MISSAE
776 719 985 776 PRIVATAE.

219 883 247 941 2.
271 881 373 941 “Cum
388 887 493 942 autem
510 884 629 944 finierit
642 885 821 963 supradicta
840 886 959 961 vevha,’'
975 908 1038 950 non
1053 890 1151 969 prius,
1168 891 1276 953 “eubi-

177 975 219 1036 tis
233 994 325 1054 super
339 976 447 1039 Altava
462 977 601 1057 positis,'’
616 1000 668 1040 seu
685 982 826 1059 partibus
842 982 1039 1046 brachiorum
1053 985 1276 1059 anterioribus,

177 1071 252 1147 qum
279 1073 437 1150 corporale
463 1073 607 1134 nvanihus
632 1081 752 1154 tangat,
778 1078 884 1138 “stans
908 1079 1011 1158 capite
1038 1079 1200 1156 inclinato,
1227 1082 1276 1143 di·

177 1163 300 1237 stinete,
316 1172 500 1235 reverenter,
515 1176 545 1230 et
561 1167 708 1240 secreto,''
722 1170 789 1232 sine
804 1171 867 1234 ulla
880 1173 993 1250 capitis
1006 1178 1062 1236 aut
1075 1175 1139 1236 oris
1150 1177 1276 1236 contor-

177 1257 273 1330 sione,
304 1279 359 1319 nee
390 1258 542 1322 violenter
571 1261 676 1323 etiiarrs
707 1280 800 1341 super
831 1265 976 1341 hostiam,
1008 1266 1151 1346 “profert
1184 1267 1274 1330 verba

177 1354 419 1417 consecrationis
437 1374 530 1434 super
549 1354 692 1430 hostiam,
711 1365 741 1419 et
760 1358 852 1419 simul
874 1378 966 1437 super
985 1379 1103 1436 omnes,
1122 1362 1149 1422 si
1169 1360 1276 1441 plures

177 1450 241 1511 sint
268 1447 502 1524 consecrandae,
529 1456 560 1511 et
589 1449 721 1512 hostiam
750 1471 838 1513 suam
865 1453 1030 1532 pollicibus
1058 1463 1088 1519 et
1116 1455 1275 1517 indicibus

178 1548 301 1606 tantum
318 1548 437 1617 teneus,
453 1543 547 1605 dicit:
566 1544 657 1606 “Hoc
675 1550 719 1606 cst
739 1547 821 1607 enim
841 1548 963 1627 Corpus
980 1550 1117 1610 meum.''

219 1643 246 1700 3.
270 1639 412 1712 “Quibus
429 1637 569 1717 prolatis,
587 1637 754 1699 Celebrans
770 1645 878 1702 teneus
896 1642 1030 1704 hostiam
1048 1643 1131 1704 inter
1147 1642 1275 1724 pollices

177 1737 208 1795 et
232 1732 349 1794 iudices
373 1731 548 1814 praedictos
571 1752 664 1812 super
688 1733 807 1809 Altare,
834 1736 961 1813 reliquis
986 1756 1138 1799 manuum
1164 1737 1276 1816 digitis

178 1829 324 1898 extensis,
338 1832 369 1890 et
383 1827 477 1889 simul
491 1826 631 1906 junctis''
669 1876 676 1889 .
713 1875 720 1890 .
758 1877 765 1890 .
801 1831 950 1909 seerigit,
966 1835 998 1894 et
1012 1849 1124 1894 manus
1139 1831 1276 1893 hostiam

177 1928 318 1985 tenentes
332 1942 424 2002 super
433 1923 666 1985 extremitatem
680 1923 868 1986 anteriorem
883 1923 1002 1987 Altaria
1017 1926 1101 1988 intra
1114 1925 1275 2005 corporale

179 2018 321 2091 retrahit,
350 2021 451 2096 atque,
480 2015 578 2079 oculis
607 2017 757 2080 continuo
786 2019 826 2080 ad
855 2019 990 2080 hostiam
1020 2019 1163 2096 intentis,
1192 2039 1275 2097 genu

179 2110 289 2172 dextro
312 2116 427 2172 terram
451 2114 598 2189 tangente
621 2112 688 2174 sine
709 2111 821 2191 capitis
844 2112 1049 2176 inclinatione
1072 2111 1277 2192 “genuflexus

178 2227 245 2268 eam
276 2205 394 2268 adorat.
445 2207 535 2266 Tunc
565 2227 596 2268 se
625 2207 758 2284 erigens,
788 2211 940 2286 quantum
972 2207 1133 2268 commode
1162 2210 1276 2286 potest,

178 2300 277 2363 elevat
298 2302 330 2361 iu
352 2301 453 2362 altum
475 2299 641 2373 hostiam,’'
664 2300 745 2361 linea
768 2305 851 2363 recta
875 2302 958 2363 iutra
978 2301 1148 2380 corporale,
1171 2303 1217 2364 ita
1239 2305 1277 2363 ut

180 2396 344 2478 paululum
372 2395 500 2457 excedat
527 2395 640 2472 capitis
668 2393 881 2468 altitudinem,
909 2397 959 2456 “et
986 2395 1119 2456 intentis
1146 2396 1179 2455 iu
1207 2415 1275 2456 eam

178 2490 286 2564 oeulis,
311 2490 408 2569 (quod
429 2493 461 2550 et
480 2491 511 2549 iu
531 2488 703 2551 elevatione
721 2488 827 2549 calicis
847 2488 940 2563 facit)
964 2488 1080 2567 populo
1100 2491 1278 2549 reverenter

179 2584 317 2646 ostendit
339 2581 547 2644 adorandam:
569 2586 601 2643 et
620 2582 712 2643 mov’'
737 2584 755 2644 i.
778 2605 802 2645 e.
826 2582 893 2644 sine
913 2600 1009 2656 mora,
1032 2602 1094 2642 non
1116 2601 1187 2642 vero
1211 2586 1276 2642 tarn

179 2678 320 2740 celeriter
350 2684 385 2740 ut
416 2676 560 2738 fidelihus
588 2675 714 2737 deficiat
744 2680 867 2754 tempus
897 2675 1031 2737 hostiam
1060 2672 1275 2754 conspiciendi

180 2773 295 2834 uadum
316 2771 478 2845 adorandi,
500 2772 598 2849 ipsam
620 2770 771 2844 demittit,
792 2777 823 2832 et
842 2790 938 2849 quum
960 2770 1113 2848 corporali
1133 2768 1275 2850 proxima

180 2871 236 2939 est,
261 2866 346 2929 “sola
370 2886 465 2928 manu
489 2866 599 2927 dextra
623 2866 722 2943 ipsam
747 2869 922 2926 reverenter
946 2865 1071 2943 reponit
1093 2883 1187 2943 super
1212 2885 1278 2924 eor-

180 2960 284 3041 porale
299 2963 328 3021 iu
344 2962 449 3022 eorlem
467 2962 541 3032 loco,
557 2960 640 3022 unde
652 2980 720 3021 eam
734 2957 878 3031 levavit,’'
893 2979 988 3020 manu
1002 2958 1131 3020 sinistra
1146 2957 1275 3020 interim

181 3076 274 3135 super
293 3055 450 3133 corporale
469 3054 626 3132 deposita:
647 3055 699 3114 “et
716 3052 862 3129 deinceps
880 3051 1008 3132 pollices
1025 3056 1057 3114 et
1075 3050 1195 3113 indices
1214 3071 1277 3111 non

179 3149 347 3228 disjungit,
367 3149 427 3209 nisi
449 3149 573 3228 quaudo
592 3148 726 3210 hostiam
748 3150 958 3208 consecratam
979 3152 1108 3225 tangere
1127 3146 1172 3207 vel
1195 3149 1276 3205 trae-

180 3248 246 3306 tare
283 3243 383 3315 dehet,
421 3263 516 3321 usque
555 3242 593 3304 ad
633 3242 825 3304 ablutionem
866 3240 1039 3318 digitorum
1074 3244 1143 3317 post
1184 3238 1276 3299 Coru-

181 3335 393 3399 munionem.”
443 3336 584 3410 Manum,
611 3335 712 3398 tribus
738 3333 860 3395 ultimis
887 3333 998 3412 digitis
1021 3333 1142 3411 junctis
1168 3336 1201 3393 et
1227 3352 1276 3392 ex-

181 3432 287 3500 tensis,
307 3451 399 3510 super
417 3430 575 3509 corporale
596 3431 639 3492 ita
658 3429 798 3508 deponit,
818 3433 854 3489 ut
874 3428 937 3489 sola
957 3428 1027 3507 ejus
1046 3446 1118 3506 pars
1137 3424 1278 3488 lateralis

180 3528 271 3605 juxta
289 3547 418 3607 parvum
438 3526 575 3600 digitum
594 3525 703 3585 Altave
721 3528 840 3601 tangat.

222 3626 250 3683 t.
275 3621 442 3700 “lteluvsita
474 3620 576 3680 hostia
606 3624 781 3680 consecrata
813 3637 905 3698 super
935 3611 1114 3695 ‹·orp0rale'’
1145 3633 1275 3675 manum

180 3716 322 3778 dextram
345 3735 464 3795 quoque
487 3733 580 3793 super
603 3711 710 3775 eodem
731 3710 871 3786 collocat,
895 3714 927 3773 et
948 3706 1152 3789 “genuflexus
1177 3708 1275 3787 ipsam

181 3808 375 3873 veneratur.'’

221 3995 270 4057 59.
294 3994 482 4056 “s'elehrans
510 3993 639 4055 adorato
668 3991 869 4054 Sacramento
897 3989 1000 4069 surgit
1026 3990 1059 4051 et
1086 3985 1275 4065 discooperit

181 4092 342 4162 callem?
363 4091 393 4151 in
415 4110 517 4170 quern,
537 4090 562 4149 si
583 4108 661 4167 opus
679 4090 730 4160 sit,
751 4088 886 4167 extergit
904 4085 1030 4165 digitos
1052 4081 1134 4164 quod
1154 4099 1275 4160 sempev

180 4187 286 4254 faeiat,
307 4186 330 4246 si
353 4186 477 4265 aliquod
498 4186 712 4262 fragmentum
732 4185 842 4262 digitis
862 4181 1059 4256 adhaereat,”
1080 4200 1134 4242 seu
1154 4177 1275 4260 quoties

180 4305 202 4345 s.
224 4283 357 4345 hostiam
381 4283 522 4357 tetigerit
542 4284 592 4344 “et
615 4287 701 4345 stans
723 4286 843 4345 erectus
870 4277 1020 4359 [interea]
1048 4275 1144 4338 dicit:
1166 4271 1276 4338 simia·

180 4379 269 4440 ruendo
296 4382 460 4460 postquam
488 4380 650 4440 coenatum
678 4384 733 4450 est,
759 4383 791 4442 et
815 4377 964 4443 ambabus
990 4372 1136 4437 manibus
1161 4367 1275 4448 aecipi-

623 4520 828 4582 ⁹Rnffih
