2804 4890
157 699 215 761 130
314 706 367 761 DE
390 705 641 762 ASPEBSIONE
660 705 795 773 AQUAn
820 704 1087 762 BENEDICTAE.

199 864 351 927 Auctores
372 866 530 946 hucusque
551 865 761 927 communiter
780 868 936 945 putarunt
955 865 1130 942 convenire,
1150 869 1198 942 ut,
1219 864 1246 928 si

157 957 257 1020 Missa
279 958 493 1022 conventualis
517 958 563 1021 vel
588 959 773 1039 principalis
797 958 969 1022 celebretur
993 960 1060 1021 sine
1085 963 1190 1033 cantu,
1215 979 1245 1019 a·

158 1052 277 1133 spersio
301 1072 398 1132 oquae
423 1072 486 1112 non
509 1053 687 1127 omittatur,
712 1051 765 1114 sed
789 1052 946 1132 legantur,
971 1071 1048 1131 quae
1072 1052 1150 1114 alias
1175 1072 1245 1113 can·

157 1149 276 1208 tantur.
290 1147 315 1180 ¹⁸

200 1239 230 1301 9.
254 1237 397 1321 Singulis
428 1238 604 1301 Dominicis
634 1238 673 1303 fit
703 1259 800 1319 aquae
831 1239 1006 1303 benedictio
1035 1243 1068 1302 et
1097 1240 1245 1320 aspersio,

157 1332 249 1398 “tum
265 1332 303 1398 ob
319 1334 514 1412 mysterium,
531 1333 685 1405 videlicet,
700 1333 740 1395 ad
757 1334 969 1397 renovandum
987 1333 1121 1415 singulis
1138 1333 1245 1395 Domi-

157 1428 237 1492 nicis
252 1427 436 1491 memoriam
451 1427 645 1489 Sacramenti
661 1427 828 1507 Baptismi,
843 1428 925 1508 quod
939 1427 1017 1490 olim
1032 1429 1065 1489 in
1081 1428 1247 1491 Dominica

157 1524 284 1584 tantum
310 1520 556 1583 Resurrectionis
580 1526 613 1584 et
637 1520 834 1585 Pentecostes
857 1523 994 1584 conferri
1019 1523 1153 1599 solebat;
1177 1526 1245 1585 tum

158 1618 195 1677 ut
211 1616 278 1695 ipsa
292 1635 372 1695 aqua
387 1614 549 1678 benedicta
564 1615 673 1695 purior
688 1615 858 1677 seruetur.”
873 1617 896 1650 ¹⁴

200 1708 423 1789 Asperguntur
449 1709 565 1784 fideles,
591 1714 629 1770 ut
654 1730 710 1791 per
736 1710 978 1790 applicationem
1006 1711 1182 1773 orationum
1213 1710 1246 1771 in

158 1822 255 1883 aquae
272 1801 487 1866 benedictione
503 1802 670 1878 dictarum,
687 1803 844 1882 purificati
863 1812 894 1865 et
910 1825 927 1865 a
945 1802 1105 1866 daemonis
1123 1803 1247 1864 insidiis

159 1895 294 1970 liberati,
317 1895 477 1957 Sacrificio
497 1900 617 1959 attente
637 1902 669 1959 et
689 1896 798 1959 devote
819 1896 976 1958 intersint.
1020 1896 1173 1959 Convenit
1196 1896 1246 1958 Ps.

160 1988 318 2052 Miserere.
366 1989 442 2051 Vidi
460 2010 583 2071 aqueus,
603 2010 640 2052 ex
661 1989 770 2052 Ezecb.
791 1993 842 2065 47,
861 1991 912 2053 bic
932 1988 1068 2071 intelligi
1088 1994 1191 2070 potest
1208 1990 1247 2051 de

161 2102 241 2163 aqua
271 2081 419 2163 baptismi
450 2083 497 2145 vel
528 2085 598 2164 ejus
628 2083 751 2158 effectu,
782 2087 837 2145 aut
866 2083 905 2146 de
935 2103 1014 2163 aqua
1045 2104 1122 2163 quae
1153 2082 1247 2146 fluxit

159 2175 198 2239 de
214 2175 311 2238 latere
330 2175 459 2252 Christi,
477 2177 568 2254 cujus
586 2176 739 2257 passionis
756 2177 878 2239 meritis
895 2197 1002 2239 omnes
1019 2177 1095 2238 salvi
1116 2177 1205 2238 finnt.

194 2366 220 2402 ¹⁸
238 2360 286 2413 Ita
310 2361 370 2413 fera
395 2376 494 2413 omncs.
539 2362 677 2426 “Absque
732 2361 801 2412 solet
825 2361 887 2423 fleri
912 2362 1033 2427 aspersio
1060 2376 1146 2426 aquea
1174 2363 1249 2414 benc·

156 2439 239 2505 culpa
262 2439 328 2490 baec
352 2439 506 2490 benedictio
531 2443 559 2490 et·
584 2437 677 2504 populi
730 2438 866 2501 dictae;’'
887 2439 971 2490 etiam
995 2439 1115 2498 Missalc,
1138 2444 1169 2489 ut
1191 2439 1248 2502 jam

160 2517 282 2583 aspersio
315 2516 407 2568 omitti
440 2521 585 2582 nequeunt,
619 2531 679 2568 cum
729 2517 840 2579 dictum,
858 2517 984 2566 strictum
1003 2522 1178 2581 praeceptum
1197 2533 1248 2566 nou

157 2596 235 2660 quasi
254 2595 412 2660 pertincant
430 2596 464 2645 ad
486 2595 586 2644 Missae
606 2595 677 2659 prin·
730 2594 812 2644 babet
828 2597 856 2645 ct
873 2594 1027 2658 ursperrimc
1045 2593 1071 2643 S.
1089 2595 1144 2644 Rit.
1161 2594 1189 2643 C.
1207 2595 1248 2645 ‹le-

157 2672 255 2738 cipslis
292 2672 484 2734 substantiam,
522 2671 563 2721 uti
600 2672 677 2723 bene·
732 2671 857 2735 claravit,
885 2671 955 2737 quod
986 2671 1137 2736 “aspersio
1165 2686 1252 2737 aquae

161 2749 246 2801 dictio
268 2764 404 2801 cercurum
430 2749 457 2799 in
481 2750 525 2800 die
549 2749 678 2800 Purifica·
729 2749 888 2800 benedictae
907 2749 939 2800 ‹la
956 2752 1103 2813 praecepto
1120 2749 1157 2799 sit
1175 2765 1249 2814 prae·

158 2827 249 2891 tionis,
265 2827 391 2878 Cinerum
406 2831 434 2878 et
450 2826 607 2878 Palmarum
623 2828 679 2876 suis
730 2827 864 2878 mittenda
876 2827 978 2878 Missae
991 2830 1168 2880 Conventuali
1183 2842 1251 2891 quae

161 2903 311 2969 respective
351 2901 485 2953 diebus.'’
557 2902 677 2965 Romsee,
733 2905 841 2956 canitur
868 2905 894 2953 in
922 2903 1081 2968 Dominicis,
1109 2905 1165 2956 sive
1192 2920 1251 2955 cum

158 2981 276 3045 Bouvry,
293 2986 344 3033 etc.
733 2983 789 3033 sive
808 2983 909 3048 absque
928 2982 1014 3034 sacris
1034 2983 1179 3034 Ministris.
1219 2983 1251 3032 In

194 3059 266 3109 Huic
294 3073 357 3110 vcro
385 3060 518 3110 communi
548 3059 678 3125 opinioni,
732 3061 859 3111 Ecclesiis
876 3075 927 3110 uon
945 3060 1141 3126 Collegialibus
1157 3062 1249 3111 eadem

159 3141 190 3188 ut
207 3137 275 3188 bena
295 3136 362 3188 dicit
381 3137 500 3187 Schober
524 3138 554 3198 (1.
574 3152 596 3186 c.
615 3152 677 3202 pag.
734 3136 854 3201 aspersio
888 3136 1027 3202 praefatis
1061 3136 1158 3187 diebus
1190 3137 1250 3199 sieri

161 3215 225 3275 197)
255 3214 313 3279 J'em
340 3214 495 3265 contrarius
520 3218 561 3264 est
588 3218 679 3264 textus
733 3214 829 3265 saltem
848 3214 968 3278 potcst''
987 3215 1021 3266 D.
1042 3217 1073 3266 15
1091 3215 1155 3268 Dec.
1176 3216 1251 3279 1899,

161 3292 280 3343 caerem.
298 3291 373 3356 Epis
391 3290 438 3342 lib.
455 3290 495 3341 11.
513 3292 555 3355 31,
572 3292 601 3341 3:
623 3291 680 3340 “in
731 3307 755 3341 n.
772 3293 849 3342 4051.

158 3368 284 3420 omnibus
315 3366 465 3420 Dominicis
497 3383 546 3435 per
579 3382 679 3419 sunum
767 3374 791 3407 ¹⁴
811 3369 917 3433 Quarti.
