2804 4890
436 718 489 775 DE
513 721 678 777 PYXIDIS
701 724 1012 783 ASPORTATIONE.
1209 716 1268 779 301

632 1007 745 1079 ART.
771 1007 815 1079 V.

440 1189 491 1240 DE
511 1191 669 1241 PYXIDIS
688 1193 985 1246 ASPOR'PATIONE.

224 1359 291 1423 1⁸5.
317 1360 492 1438 Calabram,
509 1362 555 1425 rel
571 1363 652 1425 alius
670 1363 818 1426 Sacerdos
831 1365 1053 1446 superpelliceo
1064 1371 1096 1431 et
1107 1365 1185 1431 stola
1198 1366 1266 1430 alba

182 1454 311 1517 indutus
345 1455 437 1533 (dum
464 1456 517 1518 “in
547 1455 649 1521 Chora
676 1457 828 1521 dicuntur
854 1459 1008 1540 Vesperae
1036 1461 1102 1522 sine
1129 1460 1261 1541 cantu'')

181 1547 434 1626 praecedentibus
452 1549 572 1610 duobus
590 1550 740 1626 acolythis
758 1572 828 1612 cum
847 1553 984 1614 candelis
1001 1553 1039 1615 ad
1060 1553 1178 1628 Altare,
1197 1555 1267 1616 “ex-

179 1641 277 1702 trahit
302 1662 318 1703 e
344 1642 543 1704 tabernaculo
569 1643 713 1722 pyxidem
740 1665 812 1705 cum
839 1645 1018 1721 Particulis,
1044 1645 1174 1709 collocat
1198 1666 1267 1707 eam

181 1753 274 1813 super
299 1735 467 1814 corporale,
493 1740 524 1796 et
550 1735 742 1813 gerrutlectit.
800 1736 995 1799 Descendens
1021 1737 1206 1817 genuflectit
1234 1739 1266 1799 in

180 1827 376 1906 suppedaneo
397 1834 428 1890 ct
448 1829 561 1907 accipit
583 1829 685 1890 velum
707 1850 762 1909 pro
785 1829 931 1892 humeris.
976 1829 1126 1893 Ascendit
1148 1831 1267 1906 Altane,

179 1919 371 1997 genuflectit,
398 1925 429 1983 et
457 1921 600 1982 manibus
628 1921 737 1984 relatis
763 1924 877 2003 accipit
904 1924 1061 2004 pyxidem,
1088 1928 1119 1987 et
1146 1944 1267 2005 praece·

181 2013 326 2074 dentibus
354 2012 474 2074 clericis
503 2033 573 2074 cum
602 2015 697 2074 cereis
725 2015 871 2089 accensis
900 2022 1004 2095 portat
1032 2015 1198 2096 pyxiclem”
1227 2016 1267 2079 ad

179 2105 277 2167 alium
302 2106 403 2167 locum
429 2107 467 2169 ab
493 2107 648 2168 Eccclcsia
673 2114 862 2188 separatum,
887 2110 1003 2171 autad
1030 2109 1215 2187 sacristiam,
1240 2110 1266 2173 si

180 2197 263 2260 adsit
286 2199 523 2262 tabernaculum
547 2201 638 2275 cujus
663 2201 809 2262 ostiolum
835 2201 937 2262 claudi
963 2203 1070 2282 possit.

224 2292 317 2371 Pysis
334 2313 403 2353 cum
423 2292 591 2355 Particulis
608 2294 793 2356 consecratis
810 2313 866 2373 pro
882 2294 1017 2355 infirmis
1032 2297 1140 2375 reponi
1157 2296 1267 2376 nequit

181 2387 213 2447 in
230 2386 345 2448 urnula
363 2406 416 2448 seu
434 2386 597 2466 sepulchro
615 2406 679 2447 nna
697 2407 767 2447 cum
788 2386 901 2448 llostia
919 2395 1105 2463 consecrata,
1125 2408 1203 2468 quae
1221 2408 1266 2451 re·

179 2483 320 2541 servatur
341 2499 397 2559 pro
423 2479 519 2541 Missa
543 2479 912 2542 Praesanctilicatornm.¹

222 2575 249 2635 2.
274 2572 430 2633 Collocata
450 2571 563 2652 pyxide
581 2592 676 2651 super
693 2571 802 2635 rlltare
822 2573 853 2633 in
873 2573 1025 2652 corporali
1045 2573 1266 2653 “genuflectit;

179 2665 291 2729 deinde
312 2665 499 2726 descendens
519 2664 703 2745 genuflectit
725 2665 758 2726 in
779 2664 986 2744 suppedaneo,
1006 2665 1060 2727 ubi
1080 2685 1135 2746 per
1155 2685 1266 2727 manus

179 2758 283 2821 clerici
306 2759 435 2838 deponit
456 2757 577 2819 velum:
601 2758 713 2819 iterum
737 2757 877 2820 ascendit
898 2766 929 2823 et
950 2758 1143 2838 genuflectit,
1165 2759 1267 2839 aperit

179 2850 336 2932 capsulam
358 2856 388 2913 et
411 2851 552 2913 recondit
572 2851 605 2912 in
627 2871 661 2912 ea
683 2850 838 2930 pyxidem.
884 2850 1074 2915 (lenuflectit
1095 2855 1126 2914 et
1148 2851 1268 2914 claudit

180 2944 338 3025 capsulam
359 2949 391 3006 et
412 2945 493 3006 lacta
513 2944 653 3006 oratione
675 2945 707 3004 in
728 2943 837 3004 infimo
859 2944 968 3023 gradu,
989 2962 1090 3022 genua
1111 2942 1211 3005 flectit
1232 2942 1266 3004 in

179 3038 283 3118 plano,
298 3043 328 3101 et
344 3038 521 3113 revertitur,
536 3043 618 3100 tecto
633 3039 745 3117 capite,
763 3037 795 3098 in
811 3035 1016 3099 sacristiam.’'

221 3135 249 3193 3.
273 3132 363 3193 Tunc
389 3130 546 3210 lampades
572 3136 603 3192 et
629 3130 774 3192 candelae
799 3129 1029 3207 extinguuntur
1054 3131 1191 3210 exceptis
1219 3128 1267 3205 iis,

179 3229 345 3304 quaesunt
363 3225 394 3286 in
413 3224 607 3303 Repositorio
623 3228 654 3284 et
669 3222 771 3283 Altari
789 3242 845 3302 pro
862 3223 1017 3302 l'esperis.

222 3317 282 3377 llis
314 3317 414 3379 tribus
446 3316 554 3377 ‹lielms
585 3314 770 3376 “retinenda
802 3319 848 3376 est
880 3315 1071 3376 cousuetudo
1102 3313 1264 3377 amovendi

178 3431 290 3489 aquam
306 3409 498 3470 benedictam
513 3429 532 3471 a
546 3408 626 3469 vasis
642 3406 851 3477 llcclesiae,'’'·'
867 3407 1008 3485 (pirannis
1023 3407 1130 3468 datum
1147 3428 1208 3468 uon
1225 3407 1266 3467 sit

179 3504 361 3583 explicitum
388 3502 612 3580 pracceptum.³
660 3500 714 3560 “Si
742 3500 836 3560 soleat
865 3499 999 3578 relinqui
1027 3500 1058 3558 in
1086 3499 1165 3558 vasis
1191 3499 1266 3571 auis,

178 3596 284 3657 licebit
300 3596 379 3655 lianc
396 3592 653 3655 consuetudinem
673 3590 847 3652 servare.’'⁴

618 3823 731 3893 ART.
759 3823 823 3893 VI.

428 4012 478 4061 nn
502 4009 700 4060 soranum
724 4006 1009 4058 assumamus.

221 4188 288 4251 186.
313 4185 500 4249 “Celebrans
520 4187 657 4263 paratus,
678 4186 712 4242 nt
733 4178 857 4259 snp1·a,''
878 4181 897 4241 i.
917 4201 942 4242 e.
963 4179 1042 4243 stola
1062 4179 1195 4243 violacea
1215 4201 1264 4243 su-

178 4304 233 4363 per
249 4282 361 4347 albam.
379 4277 568 4340 “associatus
587 4297 604 4337 a
621 4274 740 4335 clericis
758 4272 874 4334 accedit
893 4273 931 4333 ad
951 4272 1080 4335 Altare''
1097 4274 1198 4353 capite
1216 4296 1264 4337 co·

177 4380 293 4456 operto.
339 4373 376 4433 ln
402 4369 564 4431 functione
589 4366 718 4427 solemni
744 4388 766 4427 s.
792 4365 931 4426 llinistri
958 4364 1062 4426 induti
1087 4365 1165 4437 alba,
1191 4366 1264 4428 Dia-

215 4512 276 4561 1D.
298 4512 322 4560 9.
344 4509 406 4559 Dec.
431 4506 497 4557 1899
526 4520 552 4555 n.
572 4504 649 4552 4049.
670 4504 694 4552 4,
784 4500 973 4551 ³Gardellini.

213 4589 276 4641 2Ι).
296 4588 372 4638 2682.
392 4587 434 4636 54.
784 4577 989 4643 ⁴llartinucei,
1009 4576 1042 4627 J*
1140 4579 1164 4583 ··
