2804 4890
446 768 687 831 unuomrmr
710 771 894 832 somnos.
1181 760 1220 830 77

581 1031 695 1104 ΛΒΤ.
720 1031 766 1104 V.

453 1188 679 1239 nauorrrne
707 1188 893 1241 soranum

171 1319 221 1388 48.
244 1322 394 1388 Sacerdos
411 1325 593 1387 memoriter
608 1326 687 1390 scire
704 1324 811 1388 debet:

174 1421 200 1480 1.
224 1416 389 1480 Orationes
413 1416 559 1480 dicendas
584 1418 661 1480 dum
685 1418 769 1482 lavat
793 1439 905 1482 manus
930 1423 962 1483 et
986 1419 1093 1482 induit
1115 1438 1217 1482 sacras

135 1514 257 1585 vestes„
1034 1508 1038 1515 ’
1135 1575 1138 1582 ,

172 1607 200 1668 2.
223 1604 274 1668 Pe.
291 1605 411 1669 «ludim
426 1609 458 1668 et
474 1605 528 1669 rel.
546 1606 662 1682 omnia,
679 1626 758 1687 quae
775 1607 809 1668 in
828 1606 998 1670 Ordinatio
1015 1607 1129 1669 Missae
1146 1626 1217 1668 oon·

134 1697 282 1774 tinentur,
301 1699 456 1780 usquead
477 1699 700 1763 Praefationes.
750 1700 886 1780 (Gloria,
907 1701 1017 1773 Credo,
1036 1700 1168 1780 Suaoipe
1186 1703 1217 1762 et

134 1790 250 1856 Lavabo
266 1793 378 1868 saitem
392 1793 537 1874 perutile,
553 1794 735 1857 memoriter
749 1794 855 1873 scire.)

172 1888 200 1948 3.
223 1886 267 1950 To
282 1887 384 1967 ipitur
397 1887 492 1949 initio
508 1886 644 1948 Cononis
661 1887 812 1967 usquead
830 1888 865 1949 ia
880 1887 1002 1969 primia.

171 1983 200 2041 4.
221 1979 436 2052 Benedictam,
461 1979 651 2061 adscriptam
677 1986 735 2043 eto.
762 1999 840 2060 quae
865 1979 1055 2060 praecedunt
1082 1980 1217 2043 formam

134 2074 368 2136 oemoemtionis
396 2073 533 2149 hostiae;
561 2072 708 2135 similiter
735 2093 813 2154 quae
841 2073 1032 2153 praecedunt
1060 2092 1216 2135 conseera-

134 2165 247 2229 tionem
261 2167 368 2230 caliois
389 2166 516 2246 (utile).

172 2263 199 2321 5.
222 2259 405 2324 Orationem
423 2264 523 2324 totam
542 2259 716 2343 Supplices.

171 2356 198 2416 6.
220 2354 271 2417 Da
287 2355 446 2437 propitiae
462 2375 569 2436 pacem
587 2360 645 2417 eto.

172 2449 197 2510 7.
220 2447 299 2510 Trea
329 2447 494 2513 Orationes
523 2452 596 2511 ante
627 2447 899 2523 communionem,
929 2453 960 2511 et
989 2448 1109 2527 reliqua
1138 2466 1217 2527 quae

136 2539 235 2604 “Ordo
249 2540 385 2605 Missae''
399 2543 548 2604 eontinet.

171 2638 197 2696 8.
220 2634 430 2715 Evangelium
449 2634 481 2697 S.
499 2635 634 2699 Joannis
658 2635 840 2716 (perutile).

171 2729 197 2790 9.
220 2726 390 2791 Canticum
403 2728 503 2791 trium
517 2729 701 2790 Puerorum.

531 2926 544 2960 1
562 2920 633 2970 Vide
651 2920 723 2986 App.
743 2918 768 2972 I.
