2804 4890
412 693 798 750 ANIMADVERSIONES
821 692 1033 748 PRAEVIAE.
1212 678 1274 744 293

543 1321 733 1398 CAPUT
767 1321 913 1399 XVII.

188 1539 243 1591 DE
270 1537 394 1593 mssa
422 1538 476 1591 ET
502 1537 531 1592 S.
558 1536 876 1592 FUNCTIONIBUS
901 1536 1090 1593 ADNEXIS
1117 1536 1274 1593 naman

501 1633 537 1687 V.
558 1631 603 1685 IN
624 1632 767 1687 COENA
787 1632 958 1688 DOMINI.

646 1839 759 1908 ART.
783 1839 812 1909 Ι.

432 2022 797 2074 ANIMADVERSIONES
826 2024 1027 2075 PRAEVIAE.

230 2197 298 2259 179.
322 2197 392 2260 Hac
428 2197 479 2259 die
512 2201 543 2258 et
579 2195 700 2258 duabus
737 2196 825 2257 feriis
861 2197 1059 2276 sequentibus
1097 2198 1275 2260 functiones

187 2312 290 2355 sacrae
310 2292 343 2353 in
364 2291 512 2353 Ecclesiis
532 2289 782 2363 Cathedralibus,
802 2289 974 2369 collegiatis
995 2297 1025 2352 et
1046 2291 1274 2371 parochialibus

184 2386 364 2447 solemniter
394 2385 461 2446 lieri
490 2384 611 2445 debent.
664 2383 699 2445 Si
727 2383 765 2444 ob
793 2382 950 2445 dulcitium
982 2383 1202 2446 Ministrorum
1230 2384 1277 2447 vel

187 2479 349 2536 cantorum
370 2475 552 2536 solemniter
571 2475 616 2535 rel
637 2494 708 2534 curn
727 2477 821 2535 cantu
843 2474 910 2534 lieri
931 2479 1095 2553 nequeant,
1116 2475 1275 2536 “locorum

188 2568 350 2629 Ordinarii
366 2568 468 2647 quoad
487 2568 658 2639 Paroecias‚
675 2568 708 2629 in
725 2567 837 2647 quibus
854 2567 959 2628 baberi
977 2574 1108 2647 possunt
1123 2572 1185 2630 tres
1201 2587 1275 2648 qua·

188 2674 296 2723 tuorre
317 2662 428 2724 saltem
450 2661 565 2735 cleriei,
587 2681 688 2722 sacras
711 2661 889 2724 functiones
912 2661 1000 2722 feriis
1024 2661 1072 2735 V.‚
1094 2666 1125 2724 et
1148 2660 1218 2737 VI.,
1239 2680 1275 2724 ac

189 2755 323 2816 Sabbato
341 2755 472 2833 majoris
494 2754 713 2816 llebdornadae
732 2755 837 2834 peragi
859 2754 1015 2828 studeant,
1034 2761 1154 2817 serrata
1173 2756 1276 2817 forma

185 2851 271 2928 parri
291 2849 427 2911 ltitualis
444 2848 604 2912 Benedicti
624 2848 722 2910 XIII.
740 2868 823 2909 anno
841 2851 920 2909 1725
936 2849 1025 2927 jussu
1041 2848 1129 2911 editi.
1168 2848 1277 2925 Quoad

187 2939 264 3000 alias
282 2939 455 3011 Paroecias,
470 2958 547 3017 quae
563 2936 715 3012 clericis‚''
731 2958 785 3000 seu
802 2938 906 3018 pueris
922 2938 1186 3014 ministrantibus,
1202 2937 1274 3000 “de-

188 3033 376 3105 stituuntur,
406 3031 568 3110 indulgere
597 3032 719 3093 valeant
746 3031 784 3092 ob
812 3031 919 3111 populi
948 3030 1212 3105 commoditatem,
1239 3033 1277 3092 ut

187 3126 318 3188 I‘arochi
343 3127 459 3206 (petita
477 3127 645 3206 quotannis
666 3125 771 3202 venia)
800 3126 891 3187 Feria
913 3126 951 3186 V.
972 3126 1005 3187 in
1026 3126 1128 3187 Coena
1148 3123 1278 3186 Domini

188 3215 318 3277 Missam
344 3216 456 3278 lectam
482 3216 634 3278 celebrare
660 3216 790 3295 possint,
816 3216 996 3296 prinsquam
1025 3218 1057 3278 in
1084 3213 1275 3288 llathedrali,

188 3311 233 3373 rel
261 3310 393 3372 Matrica
418 3309 632 3371 conventualis
659 3308 832 3389 incipiat.''¹
882 3309 1022 3371 Tandem
1049 3310 1086 3369 ob
1112 3327 1276 3370 occurrens

188 3403 305 3466 festum
330 3403 413 3483 quod
438 3403 637 3465 feriationem
663 3402 816 3464 adnexam
841 3402 943 3476 habet,
968 3402 1065 3482 aliqui
1093 3401 1275 3464 Sacerdotes

190 3497 318 3558 Missam
339 3498 495 3576 privatam
515 3502 588 3557 ante
609 3496 777 3557 solemnem
798 3495 951 3557 celebrare
971 3502 1112 3574 possunt,
1132 3500 1169 3556 ut
1190 3513 1276 3574 prae·

188 3602 313 3669 ceptum
333 3590 482 3651 audiemli
505 3591 636 3650 Sacrum
659 3590 781 3668 impleri
803 3590 923 3668 possit.²
967 3588 1095 3650 Praeter
1115 3589 1199 3648 hunc
1219 3587 1276 3648 du·

188 3685 301 3762 plicam
318 3704 424 3745 casum
443 3683 556 3744 Missae
574 3683 713 3763 privatae
731 3682 762 3743 in
782 3683 838 3743 hac
858 3682 949 3743 Feria
966 3682 1005 3742 V.
1023 3682 1151 3744 omnino
1170 3680 1275 3761 prohi-

189 3778 310 3838 bentur.

231 3874 257 3929 2.
283 3870 322 3929 ln
338 3869 494 3935 Ecclesiis,
511 3871 542 3929 in
558 3869 670 3949 quibus
687 3868 743 3930 SS.
761 3868 998 3928 Sacramentum
1014 3886 1076 3928 non
1091 3869 1276 3940 asservatur,

189 3985 248 4025 uon
268 3965 340 4026 licct
357 3965 413 4024 lrac
430 3964 509 4024 seria
526 3962 654 4023 Missam
671 3961 837 4023 celebrare³
855 3980 910 4021 nec
927 3959 1104 4020 functiones
1121 3958 1276 4039 sequenti·

188 4060 242 4118 bus
261 4059 350 4120 seriis
368 4077 522 4136 peragere.

230 4149 261 4207 si
286 4148 354 4207 Fer.
378 4147 414 4206 Υ.
436 4146 465 4205 in
488 4145 625 4205 llccleaia
643 4165 704 4206 non
724 4144 905 4218 celebretur,
923 4164 985 4205 non
1006 4147 1108 4224 potest
1128 4143 1197 4204 Fer.
1218 4139 1278 4203 VI.

194 4239 373 4298 l‘arusceres
401 4235 550 4296 Sacerdos
576 4235 622 4295 uti
650 4233 751 4294 liosliu
778 4232 838 4293 :illa
865 4232 915 4292 die
942 4236 1137 4303 cousecrata;
1162 4236 1193 4293 et
1218 4231 1276 4292 hoc

227 4430 232 4458 ¹
256 4421 287 4470 1),
305 4422 382 4471 2616.
402 4421 430 4480 l;
448 4422 474 4467 ol
493 4419 516 4467 1.
533 4417 612 4466 Febr.
632 4417 707 4477 1895,
797 4422 808 4453 2
828 4415 859 4466 ll.
879 4416 952 4466 lest.

192 4517 214 4549 u.
233 4501 308 4553 31112.
325 4500 348 4551 ¹2.
796 4498 808 4530 ³
828 4492 860 4542 D·
878 4493 952 4547 1120.
