2804 4890
347 711 400 768 un
423 710 645 769 cononicus
669 711 1012 772 rnuannurosuu.
1188 701 1247 789 27,

142 889 208 968 pari
227 887 350 950 valeant
368 889 493 950 mixtim
512 887 622 949 saltem
641 908 697 968 pro
716 888 795 963 albo,
815 888 907 952 rubro
925 894 956 952 ct
975 889 1092 951 viridi?
1134 891 1226 972 Resp.

142 981 348 1062 Negative.'’⁴
395 983 439 1045 At
466 983 498 1044 S.
526 981 734 1063 congregatio
760 983 836 1046 fecit
862 987 1048 1064 potestatem
1074 984 1227 1065 Episcopo

140 1076 358 1157 “indulgendi,
385 1081 421 1138 ut
446 1078 480 1137 in
508 1076 655 1139 Ecclesiis
682 1077 871 1156 pauperibus
898 1079 1063 1158 permittat
1089 1079 1152 1140 illis
1178 1079 1226 1140 uti

140 1171 237 1234 donee
251 1169 529 1232 consumentur.''⁶
562 1171 623 1231 “In
638 1171 830 1251 paramentis
842 1171 943 1250 nigris
956 1171 1062 1233 nullae
1075 1172 1228 1253 imagines

139 1273 336 1328 mortuorum
351 1264 398 1328 vel
415 1264 529 1326 Cruces
544 1263 631 1327 albae
646 1262 835 1346 ponantur.''
847 1264 859 1299 ⁸

184 1406 230 1468 15.
254 1407 322 1484 Quo
338 1408 437 1471 colore
454 1410 606 1471 utendum
622 1410 686 1472 ait?

183 1501 276 1565 Color
291 1504 380 1565 albus
397 1503 555 1582 significat
571 1503 736 1565 candorem
754 1505 835 1569 vitae
852 1525 907 1566 seu
924 1504 1146 1579 innocentiam,
1162 1502 1227 1585 glo·

140 1597 218 1657 riam
247 1601 278 1657 et
305 1595 467 1675 gaudium,
533 1596 709 1659 Adhibetur
738 1598 837 1677 igitur
864 1599 897 1660 in
927 1597 1032 1660 Missis
1061 1603 1092 1661 et
1120 1597 1227 1660 officiis

141 1689 280 1764 Domini,
297 1692 391 1751 etiam
413 1690 470 1751 SS.
491 1690 601 1752 Cordis
620 1696 650 1754 et
670 1690 886 1770 liedeinptoris
910 1692 1044 1773 (except.
1064 1691 1227 1754 Pretiosis-

139 1784 211 1844 simi
230 1783 402 1863 Sanguinis
418 1789 475 1846 etc.
492 1789 528 1846 ut
544 1784 584 1846 ad
602 1786 652 1861 2),
670 1786 704 1846 in
721 1785 850 1846 Missis⁷
867 1785 905 1847 de
923 1791 1061 1866 tempore
1078 1785 1227 1867 paschali,

140 1879 173 1938 in
190 1876 295 1938 Missis
311 1879 347 1939 B.
364 1878 406 1938 M.
424 1878 474 1953 V,
490 1879 693 1958 Angelorum,
711 1879 898 1941 Sanctorum
914 1885 944 1942 et
962 1879 1147 1942 Sanctarum
1164 1899 1227 1940 non

141 1971 328 2050 Martyrum,
345 1973 440 2033 etiarn
458 1973 491 2032 in
509 1978 639 2052 utraque
657 1972 812 2034 (atheum
832 1973 863 2034 S.
882 1974 970 2035 Petri
987 1978 1017 2035 et
1034 1973 1072 2035 ad
1091 1972 1227 2034 Vincula

139 2065 291 2143 ejusdem,
312 2067 343 2125 in
362 2067 560 2128 conversione
580 2067 610 2126 S.
632 2066 741 2139 Pauli3
761 2067 794 2126 in
814 2066 918 2127 Missis
938 2067 1050 2129 votivis
1068 2066 1227 2146 supradic-

140 2165 244 2219 torum
259 2166 293 2220 et
311 2161 343 2219 iu
362 2159 458 2220 Missa
474 2180 531 2238 pro
548 2180 659 2239 sponso
677 2165 707 2221 et
725 2179 845 2239 sponsa.

183 2255 210 2313 ἱ).
235 2251 329 2314 Color
344 2254 456 2314 rubeus
472 2253 629 2330 significat
645 2258 712 2314 tum
730 2254 833 2331 ignem
849 2255 1011 2314 charitatis
1029 2253 1059 2314 S.
1078 2253 1227 2334 spiritua,

140 2350 209 2407 tum
251 2346 437 2422 sanguinein
480 2346 635 2424 martyrii,
677 2347 731 2425 qui
774 2345 829 2406 llos
873 2347 1137 2425 praeclarissimus
1181 2353 1227 2408 est

139 2439 311 2501 eharitatis.

182 2532 361 2592 Adhibetur
385 2533 417 2592 in
443 2532 548 2593 Missis
572 2533 609 2596 de
635 2533 758 2612 Spiritu
784 2533 909 2606 Sanct0,
934 2533 971 2594 dc
997 2532 1227 2595 Pretiosissimo

141 2626 313 2704 Sanguine,
333 2626 370 2687 de
391 2626 423 2688 S.
446 2626 544 2689 Cruce
564 2634 594 2687 et
616 2626 764 2688 Passione
786 2625 925 2700 Domini,
947 2627 979 2686 in
1002 2626 1090 2688 lestis
1111 2626 1227 2706 princi·

141 2718 263 2799 palibus
304 2718 536 2798 Apostolorum,
583 2719 694 2797 (etiam
737 2719 767 2780 S.
809 2719 943 2781 Joannis
984 2723 1056 2781 ante
1098 2719 1228 2781 Portam

140 2813 298 2887 Latinam,
315 2813 368 2874 sed
385 2813 419 2874 in
436 2813 516 2874 sesto
533 2814 700 2893 principali
721 2813 752 2874 S.
771 2813 915 2888 Joannis‚
934 2815 973 2874 2³1
991 2812 1151 2875 Deccmbr.
1169 2812 1226 2874 col.

140 2907 216 2984 alb.)
236 2912 269 2969 et
284 2906 471 2968 Sanctorum
486 2926 520 2967 ac
538 2906 724 2968 Sanctarum
741 2906 918 2985 Martyrum
940 2906 1019 2984 (exc.
1036 2907 1107 2968 fest.
1125 2906 1157 2968 S.
1174 2906 1227 2966 In·

140 3001 320 3062 nocentium
337 2999 460 3080 quando
475 3005 564 3061 extra
580 2999 776 3061 Dominicam
794 3001 967 3077 occurrat).

182 3094 221 3155 In
240 3093 346 3154 Missis
363 3094 475 3155 votivis
492 3093 604 3155 horum
622 3093 774 3155 festorum
791 3100 822 3156 ct
840 3094 872 3154 in
890 3095 993 3155 votiva
1010 3114 1066 3174 pro
1084 3093 1227 3172 eligendo

141 3189 271 3249 Summo
292 3186 461 3261 Pontifiee;
480 3191 512 3248 at
530 3187 563 3248 in
583 3187 685 3249 votiva
703 3187 741 3248 de
760 3187 908 3250 Passione
926 3187 982 3249 col.
1001 3187 1164 3249 violaceus.

181 3286 209 3344 3.
234 3282 328 3344 Color
344 3281 454 3344 viridia
471 3280 629 3360 significat
644 3301 730 3360 spem
747 3285 778 3342 et
795 3281 870 3342 coeli
889 3281 1090 3350 desiderium,
1107 3302 1226 3342 necnon

139 3376 326 3438 christianos
350 3395 459 3449 mores,
482 3376 535 3455 qui
559 3373 650 3437 verbo
674 3373 792 3436 Christi
816 3374 972 3441 seminati,
995 3375 1064 3458 ejus
1086 3374 1226 3453 exemplo

139 3472 296 3530 virescunt
317 3474 349 3531 et
368 3472 519 3530 crescunt.
575 3467 682 3527 “Justi
705 3468 792 3546 quasi
816 3468 917 3528 virens
939 3467 1050 3528 lolium
1072 3468 1226 3547 germina·

139 3562 273 3624 bunt.'’⁸

181 3656 360 3719 Adhibetur
389 3657 422 3718 in
453 3655 558 3716 Missis
588 3654 626 3716 de
657 3660 794 3734 tempore
825 3654 862 3716 ab
893 3659 1000 3716 octava
1031 3655 1227 3734 Epiphaniae

138 3772 235 3831 usque
256 3751 293 3811 ad
319 3750 587 3829 Septuagesimam
609 3753 640 3810 et
662 3748 699 3809 ab
721 3752 828 3809 octaua
851 3748 1047 3809 Pentecostes
1070 3768 1165 3826 usque
1187 3748 1226 3809 ad

139 3845 329 3907 Adventum.

181 3944 209 4000 l.
233 3940 328 4000 Color
349 3937 512 4009 violaceus,
535 3936 588 4016 qui
612 3936 699 4016 quasi
723 3934 844 3996 medius
866 3940 913 3997 cst
936 3936 1018 3996 inter
1042 3935 1173 3997 rubeum
1195 3942 1226 3999 et

139 4035 276 4111 nigrum,
289 4033 420 4095 denotat
432 4029 658 4111 poenitentiam
673 4033 705 4091 et
717 4029 876 4105 jejunium
890 4034 946 4089 etc.
962 4048 1022 4107 quo
1036 4048 1092 4108 per
1106 4027 1225 4091 Christi

139 4128 332 4207 Sanguinem
351 4147 369 4187 a
386 4129 486 4189 morte
502 4124 619 4204 peccati
637 4127 668 4184 et
687 4123 803 4183 inferni
823 4121 1000 4182 liberamur.

181 4222 358 4284 Adhibetur
374 4221 407 4282 in
425 4218 529 4279 Missis
546 4217 583 4278 de
599 4223 737 4295 tempore

174 4372 185 4403 ⁴
205 4365 237 4414 D.
255 4363 332 4413 2769.
351 4364 375 4412 5.
393 4363 416 4411 2.
747 4363 757 4395 ⁷
778 4356 921 4407 Subintell.
945 4371 1063 4422 semper:
1087 4359 1115 4406 et
1138 4357 1165 4406 in
1187 4355 1229 4406 ol·

173 4447 185 4479 ⁶
204 4441 237 4490 D.
262 4440 339 4490 2655.
709 4436 777 4484 ticio.

172 4523 186 4556 ⁸
204 4518 281 4568 Caer.
301 4517 351 4581 Ep.
370 4514 409 4564 II.
431 4517 469 4564 11.
745 4517 756 4549 ⁸
776 4512 855 4561 Prov.
882 4511 933 4563 XI.
