2804 4890
216 715 442 772 ORATIONES
466 715 508 770 IN
527 715 799 771 EXPOSITIONE
826 716 881 770 XL
901 715 1117 771 HORARUM.
1152 706 1212 767 357

566 990 681 1061 ΛΒΤ.
707 991 772 1061 IV.

162 1168 274 1219 RITUS
302 1167 351 1218 ΕΤ
379 1166 520 1218 PRECES
549 1167 592 1216 IN
621 1167 877 1217 EXPOSITIONE
907 1167 1180 1231 QUnDaAGIN'rA

575 1253 768 1305 HORARUM.

305 1430 342 1490 Δ.
373 1427 536 1505 Expositio
556 1426 605 1488 SS.
626 1421 821 1488 sacramenti
839 1425 946 1488 Prima
964 1425 1032 1488 Die.

167 1560 238 1624 226.
263 1564 338 1627 Post
358 1564 488 1624 Missam
508 1562 732 1643 Expositionis,
752 1564 910 1625 incensato
932 1562 988 1625 SS.
1011 1563 1213 1627 Sacramento

127 1658 163 1719 fit
182 1658 351 1729 Processio,
371 1657 522 1737 adquam
542 1661 705 1718 cantatur:

167 1750 276 1828 Pange
290 1749 426 1826 lingua.¹

168 1848 197 1907 2.
221 1845 420 1907 Processioue
434 1844 535 1919 finita,
549 1849 713 1924 postquam
729 1844 786 1907 SS.
802 1845 1041 1908 Sacramentum
1053 1847 1088 1907 in
1100 1845 1214 1907 throno

125 1939 312 2002 collocatum
329 1942 385 2014 est,
403 1944 566 2001 cantatur:

168 2033 304 2094 Tantum
327 2048 412 2108 ergo.

166 2126 318 2190 Genitori.
362 2126 593 2206 (Inoensatur.)

167 2223 196 2281 3.
218 2218 364 2281 Litaniae
383 2218 524 2280 omnium
542 2216 752 2279 Sauotorum.²

168 2313 298 2389 Deinde,
315 2317 385 2394 post
400 2315 549 2374 ultimum
563 2314 597 2375 K
598 2314 664 2394 orio
680 2314 805 2385 atomon,
821 2311 987 2373 Celebrans
1003 2311 1104 2373 adhuc
1118 2329 1214 2390 genu·

125 2409 225 2470 flexus
242 2408 336 2470 dicit:

168 2503 265 2566 Pater
280 2506 385 2566 noster
405 2501 554 2579 (secreto)
570 2521 577 2574 ;
597 2501 634 2564 V.
649 2501 692 2562 Et
708 2522 745 2563 ne
763 2521 817 2562 noa
834 2499 972 2570 indncua,
988 2503 1045 2560 etc.

166 2597 333 2660 Cantores:
350 2597 400 2658 Pa.
418 2596 551 2667 Lxlx.
567 2595 653 2657 Dens
669 2594 702 2655 in
720 2593 914 2673 adjutorium
933 2594 1004 2656 eto.³

164 2689 330 2753 Celebrans
358 2691 432 2752 item
458 2687 642 2768 genuflexus
667 2689 774 2749 cantat
801 2685 905 2749 feriali
932 2692 1005 2748 tono
1031 2685 1213 2749 versiculos:

126 2783 235 2846 Salvos
252 2783 304 2861 foe
319 2803 422 2844 seruos
442 2786 510 2844 tuos
528 2780 600 2842 eto.⁴

167 2880 196 2937 4.
221 2876 333 2938 Postea
357 2875 458 2955 surgit
482 2878 513 2936 et
536 2878 660 2935 cantat:

167 2969 207 3033 V.
229 2967 386 3032 Dominus
407 2967 573 3032 vobiscum.
617 2967 655 3029 R.
677 2968 720 3029 Et
741 2988 812 3029 cnm
831 2963 949 3048 spiritu
970 2967 1048 3030 tno.³

599 3155 740 3216 Oremus.

163 3283 259 3355 Deua,
288 3281 343 3364 qni
370 3281 458 3345 nobie
482 3282 538 3344 snb
570 3281 773 3343 Sacramento
799 3279 938 3344 mirabili
962 3280 1116 3361 passionis
1144 3285 1214 3345 tuoe

126 3374 307 3439 memoriam
330 3373 503 3455 reliquisti:
526 3372 637 3443 tribue,
660 3393 846 3453 quaesumus
869 3373 913 3435 ito
935 3393 991 3435 noa
1013 3373 1160 3455 Corporia
1182 3381 1212 3439 et

125 3468 299 3550 Sanquinia
322 3471 369 3532 no·
388 3489 477 3530 soora
498 3467 646 3548 mysterio
666 3465 816 3537 venerari,
838 3470 873 3527 nt
896 3465 1119 3547 redemptionis
1141 3472 1212 3531 tuoe

122 3567 265 3647 fructum
284 3564 317 3625 in
338 3564 426 3625 nobis
443 3562 564 3641 janitor
580 3557 762 3621 sentiamus.

161 3670 207 3756 ua
234 3699 421 3772 sequentibus
450 3697 639 3755 Orationibus
667 3697 702 3753 de
729 3697 764 3753 B.
791 3695 832 3752 M.
860 3695 897 3752 V.
924 3695 1049 3753 sumitur
1076 3715 1110 3754 aa
1137 3717 1212 3770 quae

123 3795 250 3867 tempori
276 3794 425 3852 convenit:

165 3938 215 3999 Ab
233 3936 380 3999 Adventu
400 3957 496 4015 usque
516 3935 554 3997 ad
575 3934 784 3996 Nativitatem
803 3932 949 3995 Domini:

161 4080 256 4153 Deua,
277 4081 331 4163 nni
352 4082 389 4143 de
411 4082 515 4142 beator
535 4078 655 4140 Mariae
681 4077 822 4157 Virqim'a
841 4080 928 4141 utero
952 4077 1088 4141 Verbum
1112 4084 1212 4154 tunm,

121 4176 242 4253 Anneio
260 4175 436 4237 oruntionte.
454 4194 574 4233 curnem
592 4169 748 4249 suscipere
764 4169 910 4240 notuisti]
924 4176 1047 4250 praesto
1062 4173 1211 4253 simplici-

158 4317 166 4347 ¹
189 4310 313 4371 Hymnus
335 4310 427 4369 Pnnye
449 4310 541 4369 intono
562 4308 639 4355 omit·
693 4309 839 4358 ruminante
857 4309 932 4359 Rom.
950 4311 1015 4362 edit.
1034 4313 1175 4364 Ratisbon.

120 4389 220 4441 teudua
252 4403 305 4436 uon
337 4393 387 4449 est,
420 4387 471 4436 etsi
506 4387 640 4450 processio
729 4387 797 4435 ³Ut
816 4388 841 4436 in
858 4387 1064 4440 Brevimioeto.

121 4468 177 4516 tiori
199 4470 321 4530 nequeat.
728 4471 739 4502 ⁴
760 4464 831 4515 Ibid.

156 4546 252 4594 ²(an
274 4545 346 4592 notia
366 4551 394 4592 nt
418 4546 441 4592 in
465 4544 556 4591 libello
578 4543 638 4593 Pro·
729 4548 741 4581 ⁶
761 4542 953 4599 omittendum
968 4545 1001 4594 iu
1013 4546 1215 4615 Ranoa'xt'xoua.
