<?xml version="1.0" encoding="UTF-8"?>
<!DOCTYPE html PUBLIC "-//W3C//DTD XHTML 1.0 Transitional//EN"
    "http://www.w3.org/TR/xhtml1/DTD/xhtml1-transitional.dtd">
<html xmlns="http://www.w3.org/1999/xhtml" xml:lang="en" lang="en">
 <head>
  <title>
</title>
<meta http-equiv="Content-Type" content="text/html;charset=utf-8" />
  <meta name='ocr-system' content='tesseract 3.04.00' />
  <meta name='ocr-capabilities' content='ocr_page ocr_carea ocr_par ocr_line ocrx_word'/>
</head>
<body>
  <div class='ocr_page' id='page_1' title='image "./compendiumsacra00wapegoog_0480.png"; bbox 0 0 2804 4890; ppageno 0'>
   <div class='ocr_carea' id='block_1_1' title="bbox 392 681 1253 748">
    <p class='ocr_par' dir='ltr' id='par_1_1' title="bbox 392 681 1253 748">
     <span class='ocr_line' id='line_1_1' title="bbox 392 681 1253 748; baseline -0.003 -2"><span class='ocrx_word' id='word_1_1' title='bbox 392 692 446 746; x_wconf 90' lang='lat' dir='ltr'>DE</span> <span class='ocrx_word' id='word_1_2' title='bbox 466 691 741 747; x_wconf 70' lang='lat' dir='ltr'>commuuione</span> <span class='ocrx_word' id='word_1_3' title='bbox 763 692 803 745; x_wconf 88' lang='lat' dir='ltr'>IN</span> <span class='ocrx_word' id='word_1_4' title='bbox 809 690 1033 748; x_wconf 71' lang='lat' dir='ltr'>sturionum.</span> <span class='ocrx_word' id='word_1_5' title='bbox 1191 681 1253 743; x_wconf 81' lang='grc'>463</span> 
     </span>
    </p>
   </div>
   <div class='ocr_carea' id='block_1_2' title="bbox 120 853 1254 3606">
    <p class='ocr_par' dir='ltr' id='par_1_2' title="bbox 162 853 1253 1031">
     <span class='ocr_line' id='line_1_2' title="bbox 162 853 1253 940; baseline -0.004 -22"><span class='ocrx_word' id='word_1_6' title='bbox 162 856 255 918; x_wconf 92' lang='lat' dir='ltr'>dietis</span> <span class='ocrx_word' id='word_1_7' title='bbox 275 858 417 938; x_wconf 89' lang='lat' dir='ltr'>precibus</span> <span class='ocrx_word' id='word_1_8' title='bbox 435 859 579 922; x_wconf 91' lang='lat' dir='ltr'>omnibus</span> <span class='ocrx_word' id='word_1_9' title='bbox 599 859 646 921; x_wconf 84' lang='lat' dir='ltr'>vel</span> <span class='ocrx_word' id='word_1_10' title='bbox 663 880 700 920; x_wconf 91' lang='lat' dir='ltr'>ex</span> <span class='ocrx_word' id='word_1_11' title='bbox 719 863 807 940; x_wconf 86' lang='lat' dir='ltr'>parte</span> <span class='ocrx_word' id='word_1_12' title='bbox 825 859 958 932; x_wconf 86' lang='lat' dir='ltr'>onrissis,</span> <span class='ocrx_word' id='word_1_13' title='bbox 977 859 1005 921; x_wconf 91' lang='lat' dir='ltr'>ei</span> <span class='ocrx_word' id='word_1_14' title='bbox 1024 857 1132 919; x_wconf 89' lang='lat' dir='ltr'>statim</span> <span class='ocrx_word' id='word_1_15' title='bbox 1153 853 1253 916; x_wconf 73' lang='lat' dir='ltr'>tiati-</span> 
     </span>
     <span class='ocr_line' id='line_1_3' title="bbox 163 950 466 1031; baseline 0 -20"><span class='ocrx_word' id='word_1_16' title='bbox 163 971 234 1011; x_wconf 91' lang='lat' dir='ltr'>cum</span> <span class='ocrx_word' id='word_1_17' title='bbox 253 950 466 1031; x_wconf 84' lang='lat' dir='ltr'>praebeatur.&#39;&#39;</span> 
     </span>
    </p>

    <p class='ocr_par' dir='ltr' id='par_1_3' title="bbox 163 1040 1253 1218">
     <span class='ocr_line' id='line_1_4' title="bbox 205 1040 1253 1124; baseline 0 -23"><span class='ocrx_word' id='word_1_18' title='bbox 205 1047 232 1104; x_wconf 80' lang='lat'>9.</span> <span class='ocrx_word' id='word_1_19' title='bbox 256 1044 389 1106; x_wconf 77' lang='lat' dir='ltr'><strong>“Postea</strong></span> <span class='ocrx_word' id='word_1_20' title='bbox 412 1044 560 1106; x_wconf 78' lang='lat' dir='ltr'><strong>Sacerdos</strong></span> <span class='ocrx_word' id='word_1_21' title='bbox 581 1044 687 1108; x_wconf 87' lang='lat' dir='ltr'>abluat</span> <span class='ocrx_word' id='word_1_22' title='bbox 708 1043 835 1124; x_wconf 84' lang='lat' dir='ltr'>digitos,</span> <span class='ocrx_word' id='word_1_23' title='bbox 856 1049 887 1107; x_wconf 91' lang='lat' dir='ltr'>et</span> <span class='ocrx_word' id='word_1_24' title='bbox 910 1043 1035 1105; x_wconf 84' lang='lat' dir='ltr'>infirmo</span> <span class='ocrx_word' id='word_1_25' title='bbox 1056 1043 1148 1105; x_wconf 89' lang='lat' dir='ltr'>detur</span> <span class='ocrx_word' id='word_1_26' title='bbox 1168 1040 1253 1104; x_wconf 89' lang='lat' dir='ltr'>ablu·</span> 
     </span>
     <span class='ocr_line' id='line_1_5' title="bbox 163 1134 892 1218; baseline 0.004 -22"><span class='ocrx_word' id='word_1_27' title='bbox 163 1134 238 1210; x_wconf 88' lang='lat' dir='ltr'>tio,”</span> <span class='ocrx_word' id='word_1_28' title='bbox 258 1136 321 1198; x_wconf 89' lang='lat' dir='ltr'>sive</span> <span class='ocrx_word' id='word_1_29' title='bbox 338 1156 394 1217; x_wconf 91' lang='lat' dir='ltr'>per</span> <span class='ocrx_word' id='word_1_30' title='bbox 414 1138 612 1199; x_wconf 79' lang='lat' dir='ltr'>Sacerdotem</span> <span class='ocrx_word' id='word_1_31' title='bbox 631 1138 694 1199; x_wconf 83' lang='lat' dir='ltr'>sive</span> <span class='ocrx_word' id='word_1_32' title='bbox 711 1157 766 1218; x_wconf 88' lang='lat' dir='ltr'>per</span> <span class='ocrx_word' id='word_1_33' title='bbox 785 1137 892 1199; x_wconf 87' lang='lat' dir='ltr'>alium.</span> 
     </span>
    </p>

    <p class='ocr_par' dir='ltr' id='par_1_4' title="bbox 161 1228 1254 1590">
     <span class='ocr_line' id='line_1_6' title="bbox 205 1228 1254 1311; baseline -0.002 -21"><span class='ocrx_word' id='word_1_34' title='bbox 205 1228 240 1290; x_wconf 90' lang='lat' dir='ltr'>Si</span> <span class='ocrx_word' id='word_1_35' title='bbox 254 1230 344 1310; x_wconf 82' lang='lat' dir='ltr'>pyxis</span> <span class='ocrx_word' id='word_1_36' title='bbox 359 1230 467 1293; x_wconf 86' lang='lat' dir='ltr'>statim</span> <span class='ocrx_word' id='word_1_37' title='bbox 483 1231 522 1292; x_wconf 87' lang='lat' dir='ltr'>ad</span> <span class='ocrx_word' id='word_1_38' title='bbox 539 1229 710 1291; x_wconf 80' lang='lat' dir='ltr'>Ecclesiam</span> <span class='ocrx_word' id='word_1_39' title='bbox 728 1231 880 1311; x_wconf 89' lang='lat' dir='ltr'>reportari</span> <span class='ocrx_word' id='word_1_40' title='bbox 895 1233 1038 1310; x_wconf 88' lang='lat' dir='ltr'>nequeat,</span> <span class='ocrx_word' id='word_1_41' title='bbox 1055 1235 1089 1291; x_wconf 89' lang='lat' dir='ltr'>ut</span> <span class='ocrx_word' id='word_1_42' title='bbox 1107 1229 1140 1290; x_wconf 95' lang='lat' dir='ltr'>in</span> <span class='ocrx_word' id='word_1_43' title='bbox 1158 1228 1254 1289; x_wconf 86' lang='lat' dir='ltr'>Missa</span> 
     </span>
     <span class='ocr_line' id='line_1_7' title="bbox 162 1320 1254 1404; baseline -0.002 -21"><span class='ocrx_word' id='word_1_44' title='bbox 162 1321 357 1402; x_wconf 89' lang='lat' dir='ltr'>purificetur,</span> <span class='ocrx_word' id='word_1_45' title='bbox 372 1324 517 1386; x_wconf 87' lang='lat' dir='ltr'>convenit</span> <span class='ocrx_word' id='word_1_46' title='bbox 531 1328 569 1386; x_wconf 91' lang='lat' dir='ltr'>ut</span> <span class='ocrx_word' id='word_1_47' title='bbox 583 1323 692 1386; x_wconf 84' lang='lat' dir='ltr'>statim</span> <span class='ocrx_word' id='word_1_48' title='bbox 706 1321 892 1404; x_wconf 85' lang='lat' dir='ltr'>purificetur</span> <span class='ocrx_word' id='word_1_49' title='bbox 907 1323 963 1385; x_wconf 92' lang='lat' dir='ltr'>hoc</span> <span class='ocrx_word' id='word_1_50' title='bbox 979 1322 1087 1386; x_wconf 91' lang='lat' dir='ltr'>modo:</span> <span class='ocrx_word' id='word_1_51' title='bbox 1105 1320 1254 1384; x_wconf 81' lang='lat' dir='ltr'>Sacerdos</span> 
     </span>
     <span class='ocr_line' id='line_1_8' title="bbox 161 1413 1253 1497; baseline -0.002 -22"><span class='ocrx_word' id='word_1_52' title='bbox 161 1434 274 1495; x_wconf 85' lang='lat' dir='ltr'>aquam</span> <span class='ocrx_word' id='word_1_53' title='bbox 291 1435 384 1496; x_wconf 90' lang='lat' dir='ltr'>super</span> <span class='ocrx_word' id='word_1_54' title='bbox 401 1414 547 1496; x_wconf 90' lang='lat' dir='ltr'>pollicem</span> <span class='ocrx_word' id='word_1_55' title='bbox 567 1421 598 1478; x_wconf 89' lang='lat' dir='ltr'>et</span> <span class='ocrx_word' id='word_1_56' title='bbox 617 1415 753 1478; x_wconf 90' lang='lat' dir='ltr'>indicem</span> <span class='ocrx_word' id='word_1_57' title='bbox 772 1416 918 1478; x_wconf 85' lang='lat' dir='ltr'>dextmm</span> <span class='ocrx_word' id='word_1_58' title='bbox 939 1417 971 1476; x_wconf 90' lang='lat' dir='ltr'>in</span> <span class='ocrx_word' id='word_1_59' title='bbox 991 1413 1149 1497; x_wconf 84' lang='lat' dir='ltr'>pyxidem,</span> <span class='ocrx_word' id='word_1_60' title='bbox 1168 1420 1199 1477; x_wconf 89' lang='lat' dir='ltr'>et</span> <span class='ocrx_word' id='word_1_61' title='bbox 1216 1433 1253 1476; x_wconf 85' lang='lat' dir='ltr'>ex</span> 
     </span>
     <span class='ocr_line' id='line_1_9' title="bbox 162 1505 1253 1590; baseline -0.001 -22"><span class='ocrx_word' id='word_1_62' title='bbox 162 1507 275 1588; x_wconf 82' lang='lat' dir='ltr'>pyxide</span> <span class='ocrx_word' id='word_1_63' title='bbox 293 1509 326 1570; x_wconf 94' lang='lat' dir='ltr'>in</span> <span class='ocrx_word' id='word_1_64' title='bbox 343 1507 483 1570; x_wconf 87' lang='lat' dir='ltr'>cochlear</span> <span class='ocrx_word' id='word_1_65' title='bbox 499 1507 624 1572; x_wconf 89' lang='lat' dir='ltr'>aliudve</span> <span class='ocrx_word' id='word_1_66' title='bbox 642 1529 695 1572; x_wconf 90' lang='lat' dir='ltr'>vas</span> <span class='ocrx_word' id='word_1_67' title='bbox 711 1507 865 1585; x_wconf 83' lang='lat' dir='ltr'>infundit,</span> <span class='ocrx_word' id='word_1_68' title='bbox 882 1529 919 1572; x_wconf 89' lang='lat' dir='ltr'>ex</span> <span class='ocrx_word' id='word_1_69' title='bbox 936 1528 997 1589; x_wconf 94' lang='lat' dir='ltr'>quo</span> <span class='ocrx_word' id='word_1_70' title='bbox 1014 1505 1189 1590; x_wconf 76' lang='lat' dir='ltr'>porrigitur</span> <span class='ocrx_word' id='word_1_71' title='bbox 1207 1505 1253 1567; x_wconf 92' lang='lat' dir='ltr'>in-</span> 
     </span>
    </p>

    <p class='ocr_par' dir='ltr' id='par_1_5' title="bbox 120 1599 966 1683">
     <span class='ocr_line' id='line_1_10' title="bbox 120 1599 966 1683; baseline 0.004 -22"><span class='ocrx_word' id='word_1_72' title='bbox 120 1632 124 1638; x_wconf 45' lang='lat'>*</span> <span class='ocrx_word' id='word_1_73' title='bbox 161 1600 261 1662; x_wconf 85' lang='lat' dir='ltr'>firmo.</span> <span class='ocrx_word' id='word_1_74' title='bbox 303 1600 415 1664; x_wconf 82' lang='lat' dir='ltr'>Postea</span> <span class='ocrx_word' id='word_1_75' title='bbox 436 1602 611 1681; x_wconf 86' lang='lat' dir='ltr'>extergitur</span> <span class='ocrx_word' id='word_1_76' title='bbox 632 1602 723 1683; x_wconf 87' lang='lat' dir='ltr'>pyxis</span> <span class='ocrx_word' id='word_1_77' title='bbox 743 1599 966 1682; x_wconf 89' lang='lat' dir='ltr'>purificatorio.</span> 
     </span>
    </p>

    <p class='ocr_par' dir='ltr' id='par_1_6' title="bbox 161 1689 1253 1959">
     <span class='ocr_line' id='line_1_11' title="bbox 204 1689 1253 1776; baseline -0.003 -21"><span class='ocrx_word' id='word_1_78' title='bbox 204 1694 239 1757; x_wconf 92' lang='lat' dir='ltr'>Si</span> <span class='ocrx_word' id='word_1_79' title='bbox 264 1694 383 1757; x_wconf 88' lang='lat' dir='ltr'>ablutio</span> <span class='ocrx_word' id='word_1_80' title='bbox 405 1693 579 1775; x_wconf 87' lang='lat' dir='ltr'>digitorum</span> <span class='ocrx_word' id='word_1_81' title='bbox 604 1698 730 1774; x_wconf 85' lang='lat' dir='ltr'>aegroto</span> <span class='ocrx_word' id='word_1_82' title='bbox 754 1694 822 1756; x_wconf 91' lang='lat' dir='ltr'>dari</span> <span class='ocrx_word' id='word_1_83' title='bbox 846 1698 988 1776; x_wconf 86' lang='lat' dir='ltr'>nequeat,</span> <span class='ocrx_word' id='word_1_84' title='bbox 1013 1696 1190 1776; x_wconf 85' lang='lat' dir='ltr'>reportetur</span> <span class='ocrx_word' id='word_1_85' title='bbox 1212 1689 1253 1754; x_wconf 89' lang='lat' dir='ltr'>ad</span> 
     </span>
     <span class='ocr_line' id='line_1_12' title="bbox 162 1786 1253 1868; baseline -0.001 -22"><span class='ocrx_word' id='word_1_86' title='bbox 162 1787 344 1864; x_wconf 86' lang='lat' dir='ltr'>Ecclesiam,</span> <span class='ocrx_word' id='word_1_87' title='bbox 369 1791 424 1849; x_wconf 88' lang='lat' dir='ltr'>aut</span> <span class='ocrx_word' id='word_1_88' title='bbox 452 1787 483 1847; x_wconf 93' lang='lat' dir='ltr'>in</span> <span class='ocrx_word' id='word_1_89' title='bbox 511 1787 615 1866; x_wconf 88' lang='lat' dir='ltr'>ignem</span> <span class='ocrx_word' id='word_1_90' title='bbox 641 1786 829 1865; x_wconf 64' lang='lat' dir='ltr'>injiciatur.l</span> <span class='ocrx_word' id='word_1_91' title='bbox 877 1787 965 1850; x_wconf 87' lang='lat' dir='ltr'>Licet</span> <span class='ocrx_word' id='word_1_92' title='bbox 990 1806 1111 1868; x_wconf 90' lang='lat' dir='ltr'>quoque</span> <span class='ocrx_word' id='word_1_93' title='bbox 1137 1786 1253 1867; x_wconf 82' lang='lat' dir='ltr'>digitos</span> 
     </span>
     <span class='ocr_line' id='line_1_13' title="bbox 161 1879 1085 1959; baseline 0.002 -20"><span class='ocrx_word' id='word_1_94' title='bbox 161 1879 375 1959; x_wconf 89' lang='lat' dir='ltr'>purificatorio</span> <span class='ocrx_word' id='word_1_95' title='bbox 397 1879 573 1943; x_wconf 85' lang='lat' dir='ltr'>madefacto</span> <span class='ocrx_word' id='word_1_96' title='bbox 595 1881 697 1942; x_wconf 83' lang='lat' dir='ltr'>lavare</span> <span class='ocrx_word' id='word_1_97' title='bbox 718 1885 750 1944; x_wconf 89' lang='lat' dir='ltr'>et</span> <span class='ocrx_word' id='word_1_98' title='bbox 770 1879 866 1942; x_wconf 92' lang='lat' dir='ltr'>simul</span> <span class='ocrx_word' id='word_1_99' title='bbox 887 1879 1085 1959; x_wconf 67' lang='lat' dir='ltr'>abstergere!</span> 
     </span>
    </p>

    <p class='ocr_par' dir='ltr' id='par_1_7' title="bbox 160 1971 1253 2237">
     <span class='ocr_line' id='line_1_14' title="bbox 205 1971 1253 2046; baseline 0.003 -14"><span class='ocrx_word' id='word_1_100' title='bbox 205 1976 251 2034; x_wconf 89' lang='grc'>10.</span> <span class='ocrx_word' id='word_1_101' title='bbox 274 1971 416 2036; x_wconf 85' lang='lat' dir='ltr'>“Deinde</span> <span class='ocrx_word' id='word_1_102' title='bbox 438 1972 539 2034; x_wconf 86' lang='lat' dir='ltr'>dicat:</span> <span class='ocrx_word' id='word_1_103' title='bbox 561 1972 718 2035; x_wconf 82' lang='lat' dir='ltr'>Dominus</span> <span class='ocrx_word' id='word_1_104' title='bbox 738 1973 896 2036; x_wconf 78' lang='lat' dir='ltr'>vobiscum</span> <span class='ocrx_word' id='word_1_105' title='bbox 918 1978 975 2035; x_wconf 87' lang='lat' dir='ltr'>ete.</span> <span class='ocrx_word' id='word_1_106' title='bbox 998 1993 1070 2035; x_wconf 92' lang='lat' dir='ltr'>eum</span> <span class='ocrx_word' id='word_1_107' title='bbox 1093 1972 1253 2046; x_wconf 87' lang='lat' dir='ltr'>Oratione,</span> 
     </span>
     <span class='ocr_line' id='line_1_15' title="bbox 160 2063 1252 2146; baseline 0.001 -21"><span class='ocrx_word' id='word_1_108' title='bbox 160 2063 295 2126; x_wconf 80' lang='lat' dir='ltr'>Domine</span> <span class='ocrx_word' id='word_1_109' title='bbox 312 2069 428 2136; x_wconf 80' lang='lat' dir='ltr'>sancte,</span> <span class='ocrx_word' id='word_1_110' title='bbox 446 2065 542 2126; x_wconf 86' lang='lat' dir='ltr'>Pater</span> <span class='ocrx_word' id='word_1_111' title='bbox 559 2064 756 2145; x_wconf 82' lang='lat' dir='ltr'>omuipotens</span> <span class='ocrx_word' id='word_1_112' title='bbox 773 2064 852 2128; x_wconf 87' lang='lat' dir='ltr'>ete.&#39;&#39;</span> <span class='ocrx_word' id='word_1_113' title='bbox 870 2066 966 2130; x_wconf 91' lang='lat' dir='ltr'>etiam</span> <span class='ocrx_word' id='word_1_114' title='bbox 982 2070 1052 2146; x_wconf 91' lang='lat' dir='ltr'>post</span> <span class='ocrx_word' id='word_1_115' title='bbox 1071 2064 1252 2127; x_wconf 86' lang='lat' dir='ltr'>Communi-</span> 
     </span>
     <span class='ocr_line' id='line_1_16' title="bbox 161 2155 947 2237; baseline 0.001 -20"><span class='ocrx_word' id='word_1_116' title='bbox 161 2177 251 2219; x_wconf 89' lang='lat' dir='ltr'>onem</span> <span class='ocrx_word' id='word_1_117' title='bbox 266 2162 354 2218; x_wconf 81' lang='lat' dir='ltr'>extra</span> <span class='ocrx_word' id='word_1_118' title='bbox 369 2157 480 2218; x_wconf 90' lang='lat' dir='ltr'>mortis</span> <span class='ocrx_word' id='word_1_119' title='bbox 494 2156 670 2237; x_wconf 90' lang='lat' dir='ltr'>periculum</span> <span class='ocrx_word' id='word_1_120' title='bbox 684 2155 947 2218; x_wconf 87' lang='lat' dir='ltr'>administratam.</span> 
     </span>
    </p>

    <p class='ocr_par' dir='ltr' id='par_1_8' title="bbox 162 2247 1252 2403">
     <span class='ocr_line' id='line_1_17' title="bbox 204 2247 1252 2329; baseline 0.001 -21"><span class='ocrx_word' id='word_1_121' title='bbox 204 2249 243 2308; x_wconf 90' lang='lat' dir='ltr'>ln</span> <span class='ocrx_word' id='word_1_122' title='bbox 261 2249 436 2329; x_wconf 90' lang='lat' dir='ltr'>gratiarum</span> <span class='ocrx_word' id='word_1_123' title='bbox 456 2249 611 2311; x_wconf 88' lang='lat' dir='ltr'>actionem</span> <span class='ocrx_word' id='word_1_124' title='bbox 631 2252 688 2310; x_wconf 86' lang='lat' dir='ltr'>e&#39;tc.</span> <span class='ocrx_word' id='word_1_125' title='bbox 708 2247 834 2310; x_wconf 86' lang='lat' dir='ltr'>infirmo</span> <span class='ocrx_word' id='word_1_126' title='bbox 853 2250 958 2310; x_wconf 88' lang='lat' dir='ltr'>breves</span> <span class='ocrx_word' id='word_1_127' title='bbox 977 2253 1065 2312; x_wconf 90' lang='lat' dir='ltr'>aetus</span> <span class='ocrx_word' id='word_1_128' title='bbox 1085 2268 1252 2329; x_wconf 86' lang='lat' dir='ltr'>suggeran-</span> 
     </span>
     <span class='ocr_line' id='line_1_18' title="bbox 162 2342 237 2403; baseline 0 0"><span class='ocrx_word' id='word_1_129' title='bbox 162 2342 237 2403; x_wconf 77' lang='lat' dir='ltr'>tur.⁸</span> 
     </span>
    </p>

    <p class='ocr_par' dir='ltr' id='par_1_9' title="bbox 161 2432 1253 3606">
     <span class='ocr_line' id='line_1_19' title="bbox 206 2432 1253 2513; baseline 0.003 -19"><span class='ocrx_word' id='word_1_130' title='bbox 206 2439 251 2495; x_wconf 91' lang='lat'>11.</span> <span class='ocrx_word' id='word_1_131' title='bbox 275 2433 358 2493; x_wconf 87' lang='lat' dir='ltr'>“llis</span> <span class='ocrx_word' id='word_1_132' title='bbox 379 2432 541 2513; x_wconf 86' lang='lat' dir='ltr'>expletis,&#39;’</span> <span class='ocrx_word' id='word_1_133' title='bbox 568 2433 632 2508; x_wconf 85' lang='lat' dir='ltr'>(rel</span> <span class='ocrx_word' id='word_1_134' title='bbox 655 2433 779 2513; x_wconf 86' lang='lat' dir='ltr'>quando</span> <span class='ocrx_word' id='word_1_135' title='bbox 802 2434 951 2497; x_wconf 84' lang='lat' dir='ltr'>Extrema</span> <span class='ocrx_word' id='word_1_136' title='bbox 973 2434 1091 2498; x_wconf 91' lang='lat' dir='ltr'>Unctio</span> <span class='ocrx_word' id='word_1_137' title='bbox 1111 2438 1142 2495; x_wconf 87' lang='lat' dir='ltr'>et</span> <span class='ocrx_word' id='word_1_138' title='bbox 1163 2434 1253 2497; x_wconf 87' lang='lat' dir='ltr'>hene·</span> 
     </span>
     <span class='ocr_line' id='line_1_20' title="bbox 161 2523 1252 2605; baseline 0.003 -19"><span class='ocrx_word' id='word_1_139' title='bbox 161 2528 258 2588; x_wconf 85' lang='lat' dir='ltr'>dictio</span> <span class='ocrx_word' id='word_1_140' title='bbox 278 2523 458 2605; x_wconf 84' lang='lat' dir='ltr'>Apostolica</span> <span class='ocrx_word' id='word_1_141' title='bbox 477 2527 519 2588; x_wconf 91' lang='lat' dir='ltr'>sit</span> <span class='ocrx_word' id='word_1_142' title='bbox 539 2523 758 2605; x_wconf 87' lang='lat' dir='ltr'>impertienda,</span> <span class='ocrx_word' id='word_1_143' title='bbox 777 2525 890 2588; x_wconf 91' lang='lat' dir='ltr'>ultimo</span> <span class='ocrx_word' id='word_1_144' title='bbox 908 2531 981 2589; x_wconf 89' lang='lat' dir='ltr'>ante</span> <span class='ocrx_word' id='word_1_145' title='bbox 1000 2528 1181 2605; x_wconf 76' lang='lat' dir='ltr'>recessum)</span> <span class='ocrx_word' id='word_1_146' title='bbox 1206 2526 1252 2589; x_wconf 89' lang='lat' dir='ltr'>“si</span> 
     </span>
     <span class='ocr_line' id='line_1_21' title="bbox 161 2615 1253 2700; baseline 0.002 -21"><span class='ocrx_word' id='word_1_147' title='bbox 161 2620 258 2680; x_wconf 89' lang='lat' dir='ltr'>altera</span> <span class='ocrx_word' id='word_1_148' title='bbox 294 2617 448 2697; x_wconf 89' lang='lat' dir='ltr'>particula</span> <span class='ocrx_word' id='word_1_149' title='bbox 486 2617 681 2679; x_wconf 86' lang='lat' dir='ltr'>Saeramenti</span> <span class='ocrx_word' id='word_1_150' title='bbox 719 2615 942 2697; x_wconf 84' lang='lat' dir='ltr'>superfuerit,&#39;’</span> <span class='ocrx_word' id='word_1_151' title='bbox 982 2617 1131 2681; x_wconf 85' lang='lat' dir='ltr'>Sacerdos</span> <span class='ocrx_word' id='word_1_152' title='bbox 1171 2618 1253 2700; x_wconf 82' lang='lat' dir='ltr'>[velo</span> 
     </span>
     <span class='ocr_line' id='line_1_22' title="bbox 162 2709 1253 2791; baseline 0.001 -19"><span class='ocrx_word' id='word_1_153' title='bbox 162 2712 314 2773; x_wconf 87' lang='lat' dir='ltr'>humerali</span> <span class='ocrx_word' id='word_1_154' title='bbox 336 2709 482 2790; x_wconf 90' lang='lat' dir='ltr'>indutus]</span> <span class='ocrx_word' id='word_1_155' title='bbox 508 2709 684 2789; x_wconf 91' lang='lat' dir='ltr'>“accipiens</span> <span class='ocrx_word' id='word_1_156' title='bbox 703 2730 756 2773; x_wconf 89' lang='lat' dir='ltr'>vas</span> <span class='ocrx_word' id='word_1_157' title='bbox 775 2730 848 2773; x_wconf 89' lang='lat' dir='ltr'>eum</span> <span class='ocrx_word' id='word_1_158' title='bbox 869 2710 1091 2774; x_wconf 89' lang='lat' dir='ltr'>Sacramento&#39;’</span> <span class='ocrx_word' id='word_1_159' title='bbox 1113 2710 1253 2791; x_wconf 89' lang='lat' dir='ltr'>illudque</span> 
     </span>
     <span class='ocr_line' id='line_1_23' title="bbox 162 2803 1253 2885; baseline 0 -20"><span class='ocrx_word' id='word_1_160' title='bbox 162 2805 227 2867; x_wconf 89' lang='lat' dir='ltr'>relo</span> <span class='ocrx_word' id='word_1_161' title='bbox 243 2805 430 2885; x_wconf 87' lang='lat' dir='ltr'>cooperiens,</span> <span class='ocrx_word' id='word_1_162' title='bbox 447 2803 546 2865; x_wconf 84' lang='lat' dir='ltr'>“facit</span> <span class='ocrx_word' id='word_1_163' title='bbox 561 2823 633 2865; x_wconf 90' lang='lat' dir='ltr'>cum</span> <span class='ocrx_word' id='word_1_164' title='bbox 649 2824 685 2867; x_wconf 92' lang='lat' dir='ltr'>eo</span> <span class='ocrx_word' id='word_1_165' title='bbox 701 2803 828 2882; x_wconf 91' lang='lat' dir='ltr'>signum</span> <span class='ocrx_word' id='word_1_166' title='bbox 843 2803 954 2866; x_wconf 85' lang='lat' dir='ltr'>Omeis</span> <span class='ocrx_word' id='word_1_167' title='bbox 971 2822 1064 2883; x_wconf 91' lang='lat' dir='ltr'>super</span> <span class='ocrx_word' id='word_1_168' title='bbox 1080 2803 1253 2878; x_wconf 88' lang='lat' dir='ltr'>infirmum,</span> 
     </span>
     <span class='ocr_line' id='line_1_24' title="bbox 162 2895 1252 2972; baseline 0.002 -14"><span class='ocrx_word' id='word_1_169' title='bbox 162 2898 241 2959; x_wconf 88' lang='lat' dir='ltr'>nihil</span> <span class='ocrx_word' id='word_1_170' title='bbox 257 2898 373 2972; x_wconf 88' lang='lat' dir='ltr'>dicens,</span> <span class='ocrx_word' id='word_1_171' title='bbox 389 2896 556 2959; x_wconf 84' lang='lat' dir='ltr'>revertitur</span> <span class='ocrx_word' id='word_1_172' title='bbox 572 2895 610 2958; x_wconf 87' lang='lat' dir='ltr'>ad</span> <span class='ocrx_word' id='word_1_173' title='bbox 629 2895 801 2958; x_wconf 86' lang='lat' dir='ltr'>Ecclesiam</span> <span class='ocrx_word' id='word_1_174' title='bbox 817 2895 949 2958; x_wconf 90' lang='lat' dir='ltr'>dicendo</span> <span class='ocrx_word' id='word_1_175' title='bbox 966 2896 1016 2959; x_wconf 93' lang='lat' dir='ltr'>Ps.</span> <span class='ocrx_word' id='word_1_176' title='bbox 1032 2897 1173 2961; x_wconf 82' lang='lat' dir='ltr'>Loudote</span> <span class='ocrx_word' id='word_1_177' title='bbox 1190 2897 1252 2960; x_wconf 87' lang='lat' dir='ltr'>Do·</span> 
     </span>
     <span class='ocr_line' id='line_1_25' title="bbox 163 2987 1252 3071; baseline 0.003 -21"><span class='ocrx_word' id='word_1_178' title='bbox 163 2991 282 3052; x_wconf 81' lang='lat' dir='ltr'>minum</span> <span class='ocrx_word' id='word_1_179' title='bbox 300 2990 337 3051; x_wconf 85' lang='lat' dir='ltr'>de</span> <span class='ocrx_word' id='word_1_180' title='bbox 353 2987 446 3051; x_wconf 82' lang='lat' dir='ltr'>coelis</span> <span class='ocrx_word' id='word_1_181' title='bbox 459 2991 516 3052; x_wconf 91' lang='lat' dir='ltr'>etc.</span> <span class='ocrx_word' id='word_1_182' title='bbox 533 2993 565 3051; x_wconf 89' lang='lat' dir='ltr'>ct</span> <span class='ocrx_word' id='word_1_183' title='bbox 581 2988 658 3050; x_wconf 88' lang='lat' dir='ltr'>alios</span> <span class='ocrx_word' id='word_1_184' title='bbox 674 2987 810 3069; x_wconf 87' lang='lat' dir='ltr'>psalmos</span> <span class='ocrx_word' id='word_1_185' title='bbox 825 2993 858 3051; x_wconf 90' lang='lat' dir='ltr'>et</span> <span class='ocrx_word' id='word_1_186' title='bbox 871 2990 1012 3068; x_wconf 92' lang='lat' dir='ltr'>hymnos.</span> <span class='ocrx_word' id='word_1_187' title='bbox 1051 2990 1132 3052; x_wconf 82' lang='lat' dir='ltr'>Cum</span> <span class='ocrx_word' id='word_1_188' title='bbox 1149 3011 1252 3071; x_wconf 88' lang='lat' dir='ltr'>perve-</span> 
     </span>
     <span class='ocr_line' id='line_1_26' title="bbox 163 3081 1253 3161; baseline 0.002 -19"><span class='ocrx_word' id='word_1_189' title='bbox 163 3084 244 3144; x_wconf 80' lang='lat' dir='ltr'>nerit</span> <span class='ocrx_word' id='word_1_190' title='bbox 263 3083 299 3143; x_wconf 87' lang='lat' dir='ltr'>ad</span> <span class='ocrx_word' id='word_1_191' title='bbox 320 3081 502 3156; x_wconf 87' lang='lat' dir='ltr'>Ecclesiam,</span> <span class='ocrx_word' id='word_1_192' title='bbox 521 3081 610 3160; x_wconf 91' lang='lat' dir='ltr'>ponit</span> <span class='ocrx_word' id='word_1_193' title='bbox 631 3081 868 3143; x_wconf 85' lang='lat' dir='ltr'>Sacramentum</span> <span class='ocrx_word' id='word_1_194' title='bbox 886 3101 978 3161; x_wconf 88' lang='lat' dir='ltr'>super</span> <span class='ocrx_word' id='word_1_195' title='bbox 996 3081 1116 3153; x_wconf 84' lang='lat' dir='ltr'>Altare,</span> <span class='ocrx_word' id='word_1_196' title='bbox 1134 3083 1253 3151; x_wconf 84' lang='lat' dir='ltr'>adorat,</span> 
     </span>
     <span class='ocr_line' id='line_1_27' title="bbox 162 3172 1252 3255; baseline 0.003 -19"><span class='ocrx_word' id='word_1_197' title='bbox 162 3175 273 3236; x_wconf 85' lang='lat' dir='ltr'>deinde</span> <span class='ocrx_word' id='word_1_198' title='bbox 302 3174 396 3236; x_wconf 90' lang='lat' dir='ltr'>dicit:</span> <span class='ocrx_word' id='word_1_199' title='bbox 426 3173 545 3236; x_wconf 83' lang='lat' dir='ltr'>Panem</span> <span class='ocrx_word' id='word_1_200' title='bbox 576 3172 613 3235; x_wconf 85' lang='lat' dir='ltr'>de</span> <span class='ocrx_word' id='word_1_201' title='bbox 642 3173 734 3241; x_wconf 84' lang='lat' dir='ltr'>coelo,</span> <span class='ocrx_word' id='word_1_202' title='bbox 764 3177 821 3236; x_wconf 88' lang='lat' dir='ltr'>etc.</span> <span class='ocrx_word' id='word_1_203' title='bbox 858 3173 1041 3255; x_wconf 62' lang='lat' dir='ltr'>(alleluja.)</span> <span class='ocrx_word' id='word_1_204' title='bbox 1097 3175 1252 3239; x_wconf 79' lang='lat' dir='ltr'>Dominus</span> 
     </span>
     <span class='ocr_line' id='line_1_28' title="bbox 163 3264 1253 3346; baseline 0.004 -18"><span class='ocrx_word' id='word_1_205' title='bbox 163 3269 317 3330; x_wconf 79' lang='lat' dir='ltr'>vobiscum</span> <span class='ocrx_word' id='word_1_206' title='bbox 333 3272 391 3330; x_wconf 91' lang='lat' dir='ltr'>ete.</span> <span class='ocrx_word' id='word_1_207' title='bbox 408 3267 549 3329; x_wconf 79' lang='lat' dir='ltr'>Oramus.</span> <span class='ocrx_word' id='word_1_208' title='bbox 587 3264 673 3327; x_wconf 86' lang='lat' dir='ltr'>Deus</span> <span class='ocrx_word' id='word_1_209' title='bbox 689 3265 745 3346; x_wconf 82' lang='lat' dir='ltr'>qui</span> <span class='ocrx_word' id='word_1_210' title='bbox 759 3265 863 3329; x_wconf 77' lang='lat' dir='ltr'>oodis⁹</span> <span class='ocrx_word' id='word_1_211' title='bbox 877 3269 934 3329; x_wconf 87' lang='lat' dir='ltr'>etc.</span> <span class='ocrx_word' id='word_1_212' title='bbox 955 3265 1041 3346; x_wconf 93' lang='lat' dir='ltr'>[eum</span> <span class='ocrx_word' id='word_1_213' title='bbox 1056 3268 1253 3332; x_wconf 85' lang='lat' dir='ltr'>conclusione</span> 
     </span>
     <span class='ocr_line' id='line_1_29' title="bbox 163 3355 1253 3439; baseline 0.001 -19"><span class='ocrx_word' id='word_1_214' title='bbox 163 3358 326 3437; x_wconf 79' lang='lat' dir='ltr'>brevioril.</span> <span class='ocrx_word' id='word_1_215' title='bbox 381 3356 502 3420; x_wconf 91' lang='lat' dir='ltr'>Deinde</span> <span class='ocrx_word' id='word_1_216' title='bbox 531 3357 702 3419; x_wconf 88' lang='lat' dir='ltr'>annuntiat</span> <span class='ocrx_word' id='word_1_217' title='bbox 739 3355 952 3436; x_wconf 87' lang='lat' dir='ltr'>[generaliter‚</span> <span class='ocrx_word' id='word_1_218' title='bbox 983 3379 1044 3421; x_wconf 94' lang='lat' dir='ltr'>non</span> <span class='ocrx_word' id='word_1_219' title='bbox 1076 3359 1253 3439; x_wconf 88' lang='lat' dir='ltr'>specialiter</span> 
     </span>
     <span class='ocr_line' id='line_1_30' title="bbox 162 3449 1253 3529; baseline 0.002 -15"><span class='ocrx_word' id='word_1_220' title='bbox 162 3450 388 3529; x_wconf 82' lang='lat' dir='ltr'>enumerando]</span> <span class='ocrx_word' id='word_1_221' title='bbox 419 3449 639 3528; x_wconf 80' lang='lat' dir='ltr'>Indulgentiae</span> <span class='ocrx_word' id='word_1_222' title='bbox 663 3471 681 3512; x_wconf 90' lang='lat' dir='ltr'>a</span> <span class='ocrx_word' id='word_1_223' title='bbox 707 3450 839 3512; x_wconf 90' lang='lat' dir='ltr'>summis</span> <span class='ocrx_word' id='word_1_224' title='bbox 864 3450 1072 3513; x_wconf 89' lang='lat' dir='ltr'>Pontificibus</span> <span class='ocrx_word' id='word_1_225' title='bbox 1096 3473 1253 3516; x_wconf 90' lang='lat' dir='ltr'>concessas</span> 
     </span>
     <span class='ocr_line' id='line_1_31' title="bbox 164 3539 777 3606; baseline -0.003 -2"><span class='ocrx_word' id='word_1_226' title='bbox 164 3546 220 3605; x_wconf 83' lang='lat' dir='ltr'>SS.</span> <span class='ocrx_word' id='word_1_227' title='bbox 241 3545 478 3606; x_wconf 88' lang='lat' dir='ltr'>Sacramentum</span> <span class='ocrx_word' id='word_1_228' title='bbox 494 3539 777 3604; x_wconf 86' lang='lat' dir='ltr'>comitantibus.&#39;&#39;¹⁰</span> 
     </span>
    </p>
   </div>
   <div class='ocr_carea' id='block_1_3' title="bbox 161 3686 1253 4592">
    <p class='ocr_par' dir='ltr' id='par_1_10' title="bbox 164 3686 1253 4278">
     <span class='ocr_line' id='line_1_32' title="bbox 197 3686 1245 3742; baseline 0 -3"><span class='ocrx_word' id='word_1_229' title='bbox 197 3688 282 3739; x_wconf 57' lang='grc' dir='ltr'>«θεν.</span> <span class='ocrx_word' id='word_1_230' title='bbox 305 3687 412 3739; x_wconf 73' lang='lat' dir='ltr'>Baruff.</span> <span class='ocrx_word' id='word_1_231' title='bbox 732 3688 838 3738; x_wconf 81' lang='lat' dir='ltr'>neither</span> <span class='ocrx_word' id='word_1_232' title='bbox 865 3686 1029 3739; x_wconf 86' lang='lat' dir='ltr'>tribulation</span> <span class='ocrx_word' id='word_1_233' title='bbox 1055 3704 1104 3739; x_wconf 90' lang='lat' dir='ltr'>nor</span> <span class='ocrx_word' id='word_1_234' title='bbox 1132 3691 1245 3742; x_wconf 68' lang='lat' dir='ltr'>&lt;listram</span> 
     </span>
     <span class='ocr_line' id='line_1_33' title="bbox 195 3763 1252 3831; baseline -0.001 -16"><span class='ocrx_word' id='word_1_235' title='bbox 195 3765 323 3816; x_wconf 77' lang='lat' dir='ltr'>⁷Baruff.</span> <span class='ocrx_word' id='word_1_236' title='bbox 341 3765 440 3817; x_wconf 74' lang='lat' dir='ltr'>Falina.</span> <span class='ocrx_word' id='word_1_237' title='bbox 732 3763 838 3814; x_wconf 83' lang='lat' dir='ltr'>neither</span> <span class='ocrx_word' id='word_1_238' title='bbox 888 3768 961 3815; x_wconf 86' lang='lat' dir='ltr'>want</span> <span class='ocrx_word' id='word_1_239' title='bbox 1012 3779 1061 3815; x_wconf 89' lang='lat' dir='ltr'>nor</span> <span class='ocrx_word' id='word_1_240' title='bbox 1110 3766 1252 3831; x_wconf 65' lang='lat' dir='ltr'>eimanag,</span> 
     </span>
     <span class='ocr_line' id='line_1_34' title="bbox 199 3835 1083 3903; baseline 0.002 -14"><span class='ocrx_word' id='word_1_241' title='bbox 199 3841 252 3891; x_wconf 70' lang='lat'><strong>³1⁴).</strong></span> <span class='ocrx_word' id='word_1_242' title='bbox 273 3856 298 3903; x_wconf 82' lang='lat' dir='ltr'>g.</span> <span class='ocrx_word' id='word_1_243' title='bbox 327 3839 414 3903; x_wconf 91' lang='lat' dir='ltr'>Omy</span> <span class='ocrx_word' id='word_1_244' title='bbox 432 3839 539 3890; x_wconf 78' lang='lat' dir='ltr'>clearest</span> <span class='ocrx_word' id='word_1_245' title='bbox 557 3835 682 3900; x_wconf 81' lang='lat' dir='ltr'>Jesns,I</span> <span class='ocrx_word' id='word_1_246' title='bbox 732 3839 838 3890; x_wconf 83' lang='lat' dir='ltr'>neither</span> <span class='ocrx_word' id='word_1_247' title='bbox 856 3840 908 3891; x_wconf 78' lang='lat' dir='ltr'>life.</span> <span class='ocrx_word' id='word_1_248' title='bbox 926 3855 975 3889; x_wconf 90' lang='lat' dir='ltr'>nor</span> <span class='ocrx_word' id='word_1_249' title='bbox 993 3841 1083 3891; x_wconf 81' lang='lat' dir='ltr'>death.</span> 
     </span>
     <span class='ocr_line' id='line_1_35' title="bbox 164 3913 1253 3978; baseline 0.002 -11"><span class='ocrx_word' id='word_1_250' title='bbox 164 3923 256 3967; x_wconf 82' lang='lat' dir='ltr'>retum</span> <span class='ocrx_word' id='word_1_251' title='bbox 276 3917 347 3967; x_wconf 78' lang='lat' dir='ltr'>&#39;l&#39;hee</span> <span class='ocrx_word' id='word_1_252' title='bbox 366 3916 498 3967; x_wconf 79' lang='lat' dir='ltr'>heartfelt</span> <span class='ocrx_word' id='word_1_253' title='bbox 518 3914 617 3965; x_wconf 82' lang='lat' dir='ltr'>lhanlrs</span> <span class='ocrx_word' id='word_1_254' title='bbox 636 3913 683 3964; x_wconf 77' lang='lat' dir='ltr'>for</span> <span class='ocrx_word' id='word_1_255' title='bbox 768 3913 899 3978; x_wconf 83' lang='lat' dir='ltr'>OJesus,</span> <span class='ocrx_word' id='word_1_256' title='bbox 919 3915 932 3965; x_wconf 92' lang='grc' dir='ltr'>Ι</span> <span class='ocrx_word' id='word_1_257' title='bbox 952 3915 1005 3967; x_wconf 84' lang='lat' dir='ltr'>live</span> <span class='ocrx_word' id='word_1_258' title='bbox 1024 3917 1069 3966; x_wconf 80' lang='lat' dir='ltr'>for</span> <span class='ocrx_word' id='word_1_259' title='bbox 1088 3918 1167 3969; x_wconf 76' lang='lat' dir='ltr'>Thes.</span> <span class='ocrx_word' id='word_1_260' title='bbox 1206 3919 1253 3969; x_wconf 76' lang='lat' dir='ltr'>hir</span> 
     </span>
     <span class='ocr_line' id='line_1_36' title="bbox 164 3990 1252 4058; baseline 0.001 -15"><span class='ocrx_word' id='word_1_261' title='bbox 164 3995 265 4058; x_wconf 83' lang='lat' dir='ltr'>having</span> <span class='ocrx_word' id='word_1_262' title='bbox 288 3993 404 4058; x_wconf 83' lang='lat' dir='ltr'>deigned</span> <span class='ocrx_word' id='word_1_263' title='bbox 428 3996 457 4043; x_wconf 88' lang='lat' dir='ltr'>to</span> <span class='ocrx_word' id='word_1_264' title='bbox 481 4005 555 4042; x_wconf 91' lang='lat' dir='ltr'>come</span> <span class='ocrx_word' id='word_1_265' title='bbox 578 3993 607 4041; x_wconf 95' lang='lat' dir='ltr'>to</span> <span class='ocrx_word' id='word_1_266' title='bbox 631 4004 682 4051; x_wconf 87' lang='lat' dir='ltr'>me,</span> <span class='ocrx_word' id='word_1_267' title='bbox 732 3990 822 4051; x_wconf 87' lang='lat' dir='ltr'>Jesus,</span> <span class='ocrx_word' id='word_1_268' title='bbox 843 3991 857 4040; x_wconf 94' lang='lat' dir='ltr'>I</span> <span class='ocrx_word' id='word_1_269' title='bbox 878 3991 934 4042; x_wconf 84' lang='lat' dir='ltr'>will</span> <span class='ocrx_word' id='word_1_270' title='bbox 954 3993 998 4046; x_wconf 89' lang='lat' dir='ltr'>die</span> <span class='ocrx_word' id='word_1_271' title='bbox 1020 3993 1065 4044; x_wconf 80' lang='lat' dir='ltr'>for</span> <span class='ocrx_word' id='word_1_272' title='bbox 1085 3993 1165 4044; x_wconf 75' lang='lat' dir='ltr'>&#39;l&#39;hee</span> <span class='ocrx_word' id='word_1_273' title='bbox 1207 3995 1252 4054; x_wconf 81' lang='lat' dir='ltr'>My</span> 
     </span>
     <span class='ocr_line' id='line_1_37' title="bbox 164 4066 1251 4134; baseline -0.001 -15"><span class='ocrx_word' id='word_1_274' title='bbox 164 4086 180 4119; x_wconf 83' lang='lat' dir='ltr'>a</span> <span class='ocrx_word' id='word_1_275' title='bbox 194 4084 259 4134; x_wconf 84' lang='lat' dir='ltr'>poor</span> <span class='ocrx_word' id='word_1_276' title='bbox 270 4069 369 4120; x_wconf 84' lang='lat' dir='ltr'>sinner.</span> <span class='ocrx_word' id='word_1_277' title='bbox 401 4067 520 4133; x_wconf 82' lang='lat' dir='ltr'>Ipraise</span> <span class='ocrx_word' id='word_1_278' title='bbox 532 4066 585 4117; x_wconf 78' lang='lat' dir='ltr'>anri</span> <span class='ocrx_word' id='word_1_279' title='bbox 599 4066 681 4117; x_wconf 86' lang='lat' dir='ltr'>adore</span> <span class='ocrx_word' id='word_1_280' title='bbox 732 4067 822 4129; x_wconf 74' lang='lat' dir='ltr'>lesus,</span> <span class='ocrx_word' id='word_1_281' title='bbox 842 4066 857 4116; x_wconf 93' lang='grc' dir='ltr'>Ῐ</span> <span class='ocrx_word' id='word_1_282' title='bbox 876 4083 919 4119; x_wconf 87' lang='lat' dir='ltr'>am</span> <span class='ocrx_word' id='word_1_283' title='bbox 939 4068 1015 4120; x_wconf 76' lang='lat' dir='ltr'>thino</span> <span class='ocrx_word' id='word_1_284' title='bbox 1035 4069 1061 4119; x_wconf 88' lang='lat' dir='ltr'>in</span> <span class='ocrx_word' id='word_1_285' title='bbox 1081 4070 1131 4121; x_wconf 78' lang='lat' dir='ltr'>life</span> <span class='ocrx_word' id='word_1_286' title='bbox 1151 4071 1203 4120; x_wconf 84' lang='lat' dir='ltr'>and</span> <span class='ocrx_word' id='word_1_287' title='bbox 1225 4069 1251 4118; x_wconf 87' lang='lat' dir='ltr'>in</span> 
     </span>
     <span class='ocr_line' id='line_1_38' title="bbox 164 4139 1252 4208; baseline 0 -15"><span class='ocrx_word' id='word_1_288' title='bbox 164 4147 242 4207; x_wconf 78' lang='lat' dir='ltr'>Thee,</span> <span class='ocrx_word' id='word_1_289' title='bbox 266 4145 319 4195; x_wconf 82' lang='lat' dir='ltr'>ancl</span> <span class='ocrx_word' id='word_1_290' title='bbox 343 4145 408 4194; x_wconf 86' lang='lat' dir='ltr'>with</span> <span class='ocrx_word' id='word_1_291' title='bbox 430 4143 562 4194; x_wconf 83' lang='lat' dir='ltr'>heartfeit</span> <span class='ocrx_word' id='word_1_292' title='bbox 585 4139 681 4192; x_wconf 81' lang='lat' dir='ltr'>lovel</span> <span class='ocrx_word' id='word_1_293' title='bbox 733 4143 823 4194; x_wconf 85' lang='lat' dir='ltr'>death.</span> <span class='ocrx_word' id='word_1_294' title='bbox 865 4142 930 4193; x_wconf 84' lang='lat' dir='ltr'>Soul</span> <span class='ocrx_word' id='word_1_295' title='bbox 952 4145 984 4193; x_wconf 81' lang='lat' dir='ltr'>of</span> <span class='ocrx_word' id='word_1_296' title='bbox 1006 4144 1106 4205; x_wconf 66' lang='lat' dir='ltr'>(dirisi,</span> <span class='ocrx_word' id='word_1_297' title='bbox 1129 4145 1252 4208; x_wconf 77' lang='lat' dir='ltr'>sanctify</span> 
     </span>
     <span class='ocr_line' id='line_1_39' title="bbox 164 4218 851 4278; baseline 0.003 -10"><span class='ocrx_word' id='word_1_298' title='bbox 164 4223 285 4271; x_wconf 81' lang='lat' dir='ltr'>welcome</span> <span class='ocrx_word' id='word_1_299' title='bbox 307 4221 378 4270; x_wconf 82' lang='lat' dir='ltr'>&#39;Phee</span> <span class='ocrx_word' id='word_1_300' title='bbox 400 4236 416 4270; x_wconf 91' lang='lat' dir='ltr'>a</span> <span class='ocrx_word' id='word_1_301' title='bbox 437 4219 571 4269; x_wconf 80' lang='lat' dir='ltr'>thousand</span> <span class='ocrx_word' id='word_1_302' title='bbox 593 4218 680 4269; x_wconf 87' lang='lat' dir='ltr'>times.</span> <span class='ocrx_word' id='word_1_303' title='bbox 732 4235 782 4278; x_wconf 84' lang='lat' dir='ltr'>me,</span> <span class='ocrx_word' id='word_1_304' title='bbox 800 4224 851 4270; x_wconf 86' lang='lat' dir='ltr'>cte.</span> 
     </span>
    </p>

    <p class='ocr_par' dir='ltr' id='par_1_11' title="bbox 161 4294 1251 4592">
     <span class='ocr_line' id='line_1_40' title="bbox 197 4294 1216 4362; baseline -0.001 -15"><span class='ocrx_word' id='word_1_305' title='bbox 197 4297 325 4355; x_wconf 70' lang='lat' dir='ltr'>Olearia,</span> <span class='ocrx_word' id='word_1_306' title='bbox 344 4296 356 4345; x_wconf 92' lang='lat'>1</span> <span class='ocrx_word' id='word_1_307' title='bbox 374 4294 524 4359; x_wconf 80' lang='lat' dir='ltr'>gire&#39;l&#39;hee</span> <span class='ocrx_word' id='word_1_308' title='bbox 542 4310 586 4358; x_wconf 89' lang='lat' dir='ltr'>my</span> <span class='ocrx_word' id='word_1_309' title='bbox 603 4295 680 4343; x_wconf 89' lang='lat' dir='ltr'>heart</span> <span class='ocrx_word' id='word_1_310' title='bbox 768 4295 837 4344; x_wconf 82' lang='lat' dir='ltr'>Vide</span> <span class='ocrx_word' id='word_1_311' title='bbox 863 4297 936 4344; x_wconf 78' lang='lat' dir='ltr'>l&#39;ocle</span> <span class='ocrx_word' id='word_1_312' title='bbox 957 4313 1068 4359; x_wconf 78' lang='lat' dir='ltr'>arcerem,</span> <span class='ocrx_word' id='word_1_313' title='bbox 1090 4314 1152 4362; x_wconf 76' lang='lat' dir='ltr'>pag.</span> <span class='ocrx_word' id='word_1_314' title='bbox 1177 4300 1216 4348; x_wconf 80' lang='lat' dir='ltr'>ld.</span> 
     </span>
     <span class='ocr_line' id='line_1_41' title="bbox 164 4371 1251 4438; baseline 0 -16"><span class='ocrx_word' id='word_1_315' title='bbox 164 4376 208 4422; x_wconf 82' lang='lat' dir='ltr'>for</span> <span class='ocrx_word' id='word_1_316' title='bbox 230 4387 372 4424; x_wconf 83' lang='lat' dir='ltr'>ererniore.</span> <span class='ocrx_word' id='word_1_317' title='bbox 415 4371 504 4421; x_wconf 86' lang='lat' dir='ltr'>Iwill</span> <span class='ocrx_word' id='word_1_318' title='bbox 528 4372 586 4420; x_wconf 84' lang='lat' dir='ltr'>lore</span> <span class='ocrx_word' id='word_1_319' title='bbox 610 4371 681 4420; x_wconf 78' lang='lat' dir='ltr'>&#39;Pher</span> <span class='ocrx_word' id='word_1_320' title='bbox 767 4372 881 4421; x_wconf 80' lang='lat' dir='ltr'>⁹Etiam</span> <span class='ocrx_word' id='word_1_321' title='bbox 912 4375 1033 4438; x_wconf 88' lang='lat' dir='ltr'>tempore</span> <span class='ocrx_word' id='word_1_322' title='bbox 1063 4373 1187 4424; x_wconf 84' lang='lat' dir='ltr'>Paschali</span> <span class='ocrx_word' id='word_1_323' title='bbox 1219 4374 1251 4422; x_wconf 92' lang='lat' dir='ltr'>D.</span> 
     </span>
     <span class='ocr_line' id='line_1_42' title="bbox 164 4446 852 4506; baseline 0 -8"><span class='ocrx_word' id='word_1_324' title='bbox 164 4451 207 4498; x_wconf 81' lang='lat' dir='ltr'>tor</span> <span class='ocrx_word' id='word_1_325' title='bbox 221 4464 283 4499; x_wconf 82' lang='lat' dir='ltr'>ever</span> <span class='ocrx_word' id='word_1_326' title='bbox 299 4451 353 4500; x_wconf 87' lang='lat' dir='ltr'>and</span> <span class='ocrx_word' id='word_1_327' title='bbox 368 4463 438 4499; x_wconf 85' lang='lat' dir='ltr'>ever.</span> <span class='ocrx_word' id='word_1_328' title='bbox 473 4446 598 4506; x_wconf 73' lang='lat' dir='ltr'>Nothing</span> <span class='ocrx_word' id='word_1_329' title='bbox 611 4446 680 4497; x_wconf 87' lang='lat' dir='ltr'>shall</span> <span class='ocrx_word' id='word_1_330' title='bbox 732 4448 809 4498; x_wconf 78' lang='lat'><strong>2089.</strong></span> <span class='ocrx_word' id='word_1_331' title='bbox 829 4449 852 4498; x_wconf 85' lang='lat'>7.</span> 
     </span>
     <span class='ocr_line' id='line_1_43' title="bbox 161 4520 1251 4592; baseline 0 -18"><span class='ocrx_word' id='word_1_332' title='bbox 161 4540 222 4575; x_wconf 80' lang='lat' dir='ltr'>ever</span> <span class='ocrx_word' id='word_1_333' title='bbox 242 4527 368 4592; x_wconf 83' lang='lat' dir='ltr'>separate</span> <span class='ocrx_word' id='word_1_334' title='bbox 388 4539 430 4576; x_wconf 89' lang='lat' dir='ltr'>me</span> <span class='ocrx_word' id='word_1_335' title='bbox 450 4522 522 4573; x_wconf 76' lang='lat' dir='ltr'>from</span> <span class='ocrx_word' id='word_1_336' title='bbox 544 4522 593 4588; x_wconf 89' lang='lat' dir='ltr'>thy</span> <span class='ocrx_word' id='word_1_337' title='bbox 613 4520 680 4574; x_wconf 79' lang='lat' dir='ltr'>lova.</span> <span class='ocrx_word' id='word_1_338' title='bbox 814 4524 819 4527; x_wconf 86' lang='grc'><strong>’</strong></span> <span class='ocrx_word' id='word_1_339' title='bbox 844 4523 848 4528; x_wconf 84' lang='grc'><em>“</em></span> <span class='ocrx_word' id='word_1_340' title='bbox 883 4524 1060 4590; x_wconf 73' lang='lat' dir='ltr'>&#39;ndnlgentia</span> <span class='ocrx_word' id='word_1_341' title='bbox 1083 4527 1098 4576; x_wconf 80' lang='lat'><strong>7</strong></span> <span class='ocrx_word' id='word_1_342' title='bbox 1121 4538 1251 4577; x_wconf 83' lang='lat' dir='ltr'>annorum</span> 
     </span>
    </p>
   </div>
   <div class='ocr_carea' id='block_1_4' title="bbox 0 0 1407 4890">
    <p class='ocr_par' dir='ltr' id='par_1_12' title="bbox 0 0 1407 4890">
     <span class='ocr_line' id='line_1_44' title="bbox 0 0 1407 4890; baseline 0 0"><span class='ocrx_word' id='word_1_343' title='bbox 0 0 1407 4890; x_wconf 95' lang='lat' dir='ltr'> </span> 
     </span>
    </p>
   </div>
  </div>
 </body>
</html>
