2804 4890
380 703 466 758 APP.
489 703 531 758 Il.
576 701 630 758 DE
651 703 805 758 AMICTU
827 702 878 759 ET
900 703 1015 759 ALBA.
1186 698 1247 760 553

155 870 314 932 Romanus
354 869 520 950 paullatim
561 868 727 933 dumtaxat
767 871 801 931 iu
839 868 918 933 alias
940 869 1082 952 regiones
1107 872 1245 935 transiit.

155 964 246 1024 Circa
268 964 426 1025 saeculum
448 966 513 1027 fere
537 963 597 1025 XI.
623 983 696 1024 usus
719 969 786 1027 erat
808 965 993 1028 communis.

197 1062 224 1116 5.
249 1056 363 1118 Ortum
389 1056 480 1118 babet
504 1057 638 1118 amictus
663 1078 678 1118 e
704 1078 788 1119 more
811 1058 895 1138 apud
920 1058 1065 1138 antiquos
1092 1057 1247 1119 Romanos

151 1149 244 1213 solito
271 1149 528 1229 circumponendi
555 1168 650 1230 supra
675 1150 821 1213 humeros
848 1169 989 1232 pannum
1016 1170 1159 1232 parvum,
1185 1168 1247 1231 quo

155 1242 287 1323 paenula
309 1244 420 1320 (vestis
436 1242 612 1321 ordinaria)
634 1244 735 1322 magis
751 1244 869 1305 intacta
886 1252 1058 1306 remaneret
1075 1249 1105 1305 et
1122 1254 1247 1324 gestans

156 1355 284 1416 persona
304 1334 416 1396 melius
436 1341 545 1398 contra
568 1336 669 1415 frigus
691 1341 915 1416 protegeretur.

196 1432 223 1489 6.
248 1427 387 1489 Nomina
418 1433 557 1507 tempore
589 1427 684 1490 medii
718 1430 784 1491 aevi
817 1436 907 1491 erant
939 1427 1158 1508 anabolagium
1191 1432 1246 1489 aut

153 1520 363 1601 anagolaium,
402 1523 487 1597 lano,
525 1522 669 1597 amictus,
710 1521 964 1601 superhumerale
1005 1529 1036 1585 et
1076 1519 1245 1583 humerale.

157 1614 310 1694 Liturgici
331 1613 404 1675 libri
422 1614 513 1676 hodie
533 1614 634 1676 solnm
655 1634 769 1677 nomeu
788 1616 923 1676 amictus
943 1614 1102 1678 adhibent.

196 1711 223 1768 l.
248 1708 422 1786 Scriptores
446 1707 562 1769 multas
584 1712 616 1770 et
638 1708 774 1770 diversas
797 1707 1042 1788 significationes
1063 1704 1247 1786 symbolicas

152 1801 282 1862 amictui
302 1800 525 1862 attribuerunt.
567 1798 677 1880 Aliqui
702 1801 744 1879 (e.
763 1820 793 1881 g.
814 1800 1010 1880 Amalarins)
1036 1800 1128 1861 illum
1150 1801 1245 1861 inter-

153 1897 317 1971 pretantur
336 1898 496 1972 tamquam
515 1894 670 1954 monitum
689 1894 728 1955 ad
748 1893 984 1956 custodiendam
1001 1894 1153 1973 linguam,
1172 1912 1245 1972 quo·

153 1985 238 2045 niam
267 1984 380 2045 collum
412 1985 551 2064 undique
581 1987 690 2065 cingit.
744 1986 928 2048 Pontificalc
960 1987 1135 2050 Romanum
1165 1985 1245 2045 hanc

156 2077 444 2155 interpretationem
465 2079 646 2156 acceptavit.
692 2079 773 2139 Nam
795 2079 826 2139 in
849 2079 913 2140 ritu
935 2076 1144 2139 ordinationis
1167 2078 1245 2138 Sub-

152 2168 275 2230 diaconi
305 2169 477 2249 Episcopus
503 2170 664 2232 Amictnm
692 2189 784 2249 super
811 2176 905 2249 caput
931 2170 1090 2231 candidati
1119 2169 1246 2232 trahens

154 2263 256 2323 utitur
277 2262 392 2321 verbis:
416 2262 551 2343 “Accipe
575 2261 737 2336 amictum,
759 2282 927 2343 perquem
949 2263 1132 2340 designatur
1154 2261 1245 2323 casti-

152 2355 238 2433 gatio
256 2352 368 2415 rocis”
407 2354 568 2417 Honorius
584 2354 662 2416 dicit
680 2355 852 2430 duriatum,
869 2356 922 2435 qui
941 2355 980 2416 ad
1000 2355 1098 2415 instar
1115 2373 1246 2416 coronae

154 2446 338 2525 imponitur,
367 2446 543 2525 significare
571 2465 657 2526 spem
685 2444 826 2509 coelestis
855 2446 1070 2509 beatitudinis.
1116 2445 1181 2507 Alii
1212 2447 1245 2506 in

153 2540 281 2600 Amictu
299 2539 492 2618 perspiciunt
510 2538 685 2617 symbolum
701 2538 883 2620 patientiae,
898 2540 1003 2619 prouti
1021 2558 1114 2619 super
1130 2537 1244 2600 collum

155 2632 317 2712 requiescit
338 2636 369 2693 et
390 2632 432 2693 ita
452 2638 557 2693 monet
577 2630 745 2707 Clericum‚
764 2635 801 2693 ut
821 2631 940 2694 labores
959 2632 1041 2695 vitae
1061 2630 1195 2693 firmiter
1215 2635 1246 2692 et

153 2745 223 2786 cum
248 2725 354 2786 roboro
376 2725 474 2785 animi
497 2723 660 2786 sustineat.

194 2821 222 2879 8.
244 2816 363 2892 Oratio,
390 2836 468 2896 qnae
494 2836 578 2879 nunc
604 2836 659 2900 per
685 2816 824 2879 rubricas
849 2837 906 2897 pro
933 2815 1132 2897 impositione
1159 2836 1245 2897 prae·

152 2910 310 2985 scribitur,
344 2910 473 2989 antiqua
508 2913 564 2972 est.
622 2908 802 2990 Vestigium
836 2908 978 2990 ejusdem
1013 2910 1081 2991 jam
1114 2908 1246 2972 habetur

152 3002 273 3064 saeculo
292 3001 333 3064 X.

596 3236 711 3306 ΛΒΤ.
740 3234 792 3309 Π.

606 3417 656 3467 DE
682 3417 793 3469 ALBA.

196 3590 267 3653 339.
290 3589 371 3652 Alba
397 3593 443 3652 est
471 3588 562 3651 vestis
589 3589 683 3668 longa
711 3592 812 3651 totum
840 3608 953 3670 corpus
979 3609 1077 3669 usque
1102 3588 1139 3651 ad
1168 3586 1248 3651 talos

155 3691 321 3763 contegens
335 3704 351 3745 e
365 3682 430 3743 lino
445 3680 595 3743 confecta.
621 3680 784 3760 Originem
798 3682 891 3745 babet
905 3703 921 3744 e
935 3682 1066 3743 Tunica.
1092 3681 1248 3743 Tunicam

154 3782 260 3838 autom
281 3797 299 3837 a
320 3773 442 3838 saeculo
461 3773 555 3836 tertio
578 3773 710 3836 llornani
732 3773 824 3848 ciues,
845 3772 955 3836 saltem
977 3773 1145 3837 nobiliores
1167 3776 1249 3835 intcr

155 3891 216 3939 eos,
236 3874 357 3946 gestare
380 3867 518 3931 solebant
541 3866 647 3927 subter
669 3867 844 3946 paenulam.
889 3866 1004 3928 Clerici
1026 3887 1144 3928 morem
1165 3868 1249 3928 buno

156 3963 373 4042 sequebantur,
393 3960 445 4021 sod
466 3960 558 4020 sinml
582 3960 712 4020 uelitum
733 3965 810 4031 urat,
830 3959 998 4039 quominus
1018 3960 1088 4040 quis
1109 3961 1248 4023 tunicam

156 4055 285 4118 eandem
306 4057 477 4117 assumeret
498 4052 537 4114 ad
558 4052 776 4114 celebrmrdum
799 4051 988 4114 sacrificinm
1009 4051 1134 4129 Missae,
1155 4073 1247 4133 quarn

158 4148 287 4210 induere
309 4146 426 4210 solebat
446 4166 503 4227 pro
524 4145 659 4223 negotiis
681 4144 832 4225 profanis.

199 4244 228 4302 2.
251 4240 331 4302 Alba
355 4240 392 4301 ab
417 4239 561 4300 omnibus
585 4237 714 4300 (laricis
738 4243 814 4300 tunc
837 4237 987 4318 temporis
1009 4237 1149 4301 adbiberi
1175 4240 1249 4302 sole·

159 4335 219 4396 bat.
264 4334 406 4394 Euennte
428 4337 532 4393 autom
553 4352 626 4390 noro
648 4331 750 4392 modio
771 4351 846 4390 usus
870 4330 1012 4399 invaluit.
1034 4337 1068 4394 nt
1091 4333 1127 4393 ad
1153 4332 1248 4392 solnm

156 4428 284 4489 missam
302 4423 517 4487 celebrandam
538 4422 615 4484 Alba
634 4428 844 4485 assumeretur
860 4444 879 4485 a
898 4422 1117 4485 Sacerdotibus
1134 4429 1163 4488 et
1183 4424 1251 4485 Cle-

158 4520 232 4582 ricis
251 4519 407 4598 majorum
426 4516 584 4580 ordinum.
627 4516 664 4577 ln
684 4514 756 4577 aliis
774 4516 990 4578 functionibus
1011 4517 1123 4579 Clerici
1145 4538 1254 4578 ornnes
