2804 4890
204 627 264 691 166
542 635 597 691 DE
619 637 740 692 Missa
764 638 953 696 sonuum.

204 811 384 884 cantantur,
401 806 441 871 ad
458 827 536 889 quae
553 807 730 889 genuflexio
746 811 981 890 praescribitur,
998 814 1038 876 ad
1057 813 1149 878 verba
1165 814 1296 897 Adjuvc

201 925 266 975 noa,
279 909 336 968 etc.
350 904 389 966 ad
403 924 526 965 versum
543 903 624 965 l'eai
635 909 741 967 soracte
755 903 905 986 Spiritus,
919 909 1044 988 quando
1058 909 1099 969 m
1112 909 1295 971 incarnatus

205 999 251 1059 ast
271 996 304 1056 in
325 995 472 1074 Symbolo
492 1015 511 1056 a
530 995 713 1059 Celebrante
733 995 907 1058 recitatur.⁷

247 1092 275 1152 8.
300 1088 421 1152 Chorus
436 1091 531 1169 caput
546 1088 680 1151 inclinat
694 1088 734 1151 ad
752 1089 860 1153 Gloria
873 1090 976 1166 Patri,
991 1092 1030 1154 ad
1046 1094 1175 1156 nomina
1189 1096 1293 1165 desua,

204 1182 317 1256 Maria,
335 1187 367 1246 et
387 1182 494 1245 Sancti
515 1182 606 1261 cujus
626 1182 742 1244 festum
761 1184 936 1246 celebratur
953 1185 1000 1249 vel
1020 1186 1058 1248 dc
1077 1207 1138 1267 quo
1157 1187 1195 1251 fit
1212 1208 1293 1250 com·

204 1276 398 1351 memoratio,
416 1276 454 1338 ad
472 1297 585 1339 nomeu
607 1276 729 1337 Summi
750 1278 924 1353 l'ontificis,
942 1280 1067 1359 quaudo
1085 1281 1118 1341 in
1138 1282 1246 1346 Gloria
1263 1285 1294 1344 et

202 1370 302 1434 eredo
320 1371 486 1435 inclinatio
502 1371 736 1452 praescribitur,
753 1371 793 1435 ad
809 1372 956 1446 Sanctus,
972 1377 1030 1438 etc.

248 1462 282 1525 si
301 1463 371 1543 quis
389 1483 444 1544 per
464 1463 691 1542 presbyterium
711 1465 942 1544 progrediatur,
962 1467 1086 1544 quando
1104 1466 1183 1529 talia
1202 1466 1293 1529 verba

204 1561 384 1632 cantantur,
408 1577 486 1636 quae
510 1556 748 1619 inclinationem
772 1558 818 1620 vel
843 1557 1093 1638 genuflexionem
1117 1559 1293 1640 requirunt,

205 1650 333 1712 interim
351 1650 459 1712 sistere
477 1649 657 1712 debetcum
675 1649 779 1714 debita
797 1651 979 1714 reverentia.

247 1747 275 1805 9.
299 1743 439 1823 Populus
463 1764 516 1805 seu
540 1742 820 1807 “circumstantes''
843 1744 877 1807 in
901 1744 1008 1808 Missis
1031 1744 1222 1810 solemnibus
1246 1745 1292 1808 vel

202 1838 337 1901 cantatis
355 1837 490 1901 eundem
510 1839 655 1903 ordinem
673 1839 875 1904 laudabiliter
894 1840 1055 1905 observare
1076 1845 1218 1924 possunt,
1244 1842 1297 1923 (nt

204 1949 299 2010 supra
323 1929 363 1993 ad
387 1951 417 1991 n.
443 1933 489 2009 4,)
519 1931 627 1992 addita
652 1931 834 2011 aliquando⁸
859 1933 896 1994 ob
921 1932 1105 1995 hodiernam
1129 1939 1293 1996 eonsuetu-

204 2023 312 2085 dinem
335 2024 525 2104 exceptione,
548 2024 631 2104 quod
654 2025 760 2104 potius
782 2024 940 2104 genuflexi
964 2029 1094 2089 manent
1116 2046 1135 2088 a
1157 2027 1293 2090 Sanctus

204 2116 356 2198 usquead
374 2117 634 2179 communionem
651 2118 811 2181 inclusive.

247 2211 517 2273 “Circumstantes
547 2215 653 2273 autem
683 2212 716 2272 in
748 2211 854 2273 Missis
884 2211 1016 2292 privatis
1045 2232 1167 2293 semper
1196 2232 1292 2294 genu-

206 2304 347 2380 flectunt,
373 2304 468 2367 etiam
494 2308 633 2386 tempore
657 2303 806 2387 paschali,
831 2308 1050 2387 praeterquam
1073 2305 1151 2369 dum
1176 2305 1294 2387 legitur

207 2396 446 2483 Evangelinm.’'
458 2397 471 2434 ⁹

625 2820 868 2883 APPENDIX.

289 3037 338 3087 DE
355 3034 506 3086 Ol'FIClO
522 3035 757 3084 PRESBYTBRI
774 3035 1017 3087 ASSIS'PENTIS
1034 3035 1077 3085 IN
1093 3034 1208 3087 MISSA

661 3120 837 3174 SOLBMNI.

244 3327 295 3392 94.
319 3327 485 3407 Presbyter
507 3325 654 3389 assistens
677 3325 710 3388 in
735 3324 833 3388 Missa
854 3323 985 3390 solemni
1007 3347 1072 3390 non
1094 3328 1293 3408 permittitur

203 3423 265 3485 nisi
288 3422 543 3503 Neopresbyteris
564 3421 597 3481 in
620 3418 776 3480 Primitiis
797 3419 989 3481 solemnibus
1015 3420 1072 3499 (ef.
1095 3440 1125 3482 n.
1148 3423 1218 3483 293.
1241 3421 1292 3500 2),

204 3517 356 3579 Praelatis
387 3515 541 3595 Episcopo
571 3512 784 3586 inferioribus,
816 3511 983 3574 Canonieis
1012 3517 1044 3576 et
1074 3512 1291 3593 Dignitatibus

204 3611 359 3673 Ecclesiae
389 3607 576 3671 cathedralis
604 3625 641 3667 ex
682 3604 847 3685 privilegio
885 3605 1012 3682 speciali
1052 3606 1099 3667 vel
1139 3607 1291 3687 antiquis·

202 3706 281 3767 sima
301 3702 560 3766 consuetudine.¹

245 3802 272 3859 2.
297 3798 462 3875 Presbyter
489 3794 635 3855 assistens
661 3791 812 3853 anrictum
839 3811 932 3871 super
958 3795 1052 3859 cotta.
1079 3795 1110 3854 et
1136 3812 1229 3872 super
1255 3812 1291 3856 eo

201 3891 337 3973 pluviale
363 3891 478 3964 induit,
504 3888 617 3965 aba-pre
641 3884 729 3946 stola.
778 3884 925 3946 Procedit
949 3884 988 3945 ad
1016 3884 1124 3947 Altare
1149 3885 1188 3948 ad
1214 3884 1290 3948 sini-

201 3990 298 4048 stram
314 3981 507 4046 (blemensis
520 3982 531 4013 ²
544 3979 589 4040 rel
604 3978 642 4037 ob
657 3978 713 4039 loci
729 3977 906 4053 aumatium
922 3981 995 4038 ante
1009 3978 1109 4038 illum.
1140 3977 1290 4054 (Quando

203 4079 360 4140 Assistens
389 4072 575 4137 reverentias
605 4070 706 4131 faeere
734 4074 789 4130 aut
817 4075 912 4148 caput
940 4073 1043 4149 tegere
1071 4070 1118 4131 vel
1147 4069 1289 4151 detegere

235 4269 246 4301 r
266 4262 298 4311 Ῐ),
318 4260 395 4309 3399,
415 4260 438 4308 2,
807 4260 818 4290 ⁰
840 4254 920 4302 ltubr.
943 4253 1019 4303 arias.
1043 4253 1135 4304 XVII.
1157 4255 1180 4304 2.

234 4348 245 4376 ³
264 4356 286 4388 e.
305 4353 330 4398 g.
349 4340 377 4384 ut
399 4335 424 4382 in
444 4335 474 4383 l).
494 4332 645 4382 Pincinuat.
664 4337 716 4381 stu·
807 4337 814 4368 ¹
837 4328 1288 4393 D.1.Dee.1aar‚n.3sat.l.2;

197 4420 250 4471 fut,
769 4410 796 4456 ct
815 4408 848 4454 30
867 4405 955 4468 Junii,
976 4408 1051 4468 1883,
1071 4422 1096 4457 n.
1116 4409 1193 4459 3580.
1215 4411 1236 4463 1.
