2804 4890
366 707 420 765 DE
442 709 637 767 MINISTRO
659 711 702 766 IN
723 710 844 769 Mlssn
865 714 1047 770 PRIVATA.
1191 704 1252 768 117

163 879 249 944 Lnra
273 879 333 943 ter·
357 880 491 954 Christe,
515 881 708 962 genuflectit.
752 883 845 947 Infra
870 883 1045 965 symbolum
1069 884 1109 947 ad
1133 885 1178 948 nt
1202 884 1251 947 irr-

161 977 308 1037 eamatae
327 980 372 1039 est
391 975 709 1057 profunde-inclinat.

203 1070 232 1131 8.
254 1066 332 1130 Post
362 1068 495 1132 Oremas
525 1073 597 1131 ante
628 1070 834 1135 Offertorium
864 1072 978 1152 pergit,
1008 1071 1122 1151 absque
1151 1090 1248 1152 genu-

161 1159 305 1238 flexione,
332 1162 372 1224 ad
400 1162 611 1240 credentiam3
639 1166 736 1226 sumit
766 1151 1000 1244 manutergium
1030 1164 1170 1245 illudque
1199 1184 1249 1226 ex·

161 1254 265 1318 tendit
279 1274 374 1336 super
390 1255 498 1319 Altare
514 1257 548 1318 in
565 1277 662 1320 cornu
679 1258 857 1337 Epistolae;
874 1263 950 1321 tune
973 1259 1015 1337 (si
1033 1277 1111 1339 opus
1128 1258 1243 1333 fuerit)

163 1348 263 1429 plicat
293 1348 398 1411 calicis
430 1349 532 1413 velum
565 1349 706 1430 illudque
736 1371 834 1432 prope
865 1352 1024 1431 corporale
1056 1372 1119 1413 non
1151 1352 1242 1432 longe

160 1462 178 1504 a
198 1442 299 1523 gradu
321 1443 577 1518 candelabrorum
599 1445 698 1523 ponit.
743 1444 864 1506 Deinde
885 1445 1040 1524 ampullas
1061 1445 1155 1507 simul
1177 1465 1249 1507 cum

160 1536 315 1618 pelvicula
339 1536 379 1599 ad
404 1537 513 1599 Altare
538 1537 640 1601 detert
665 1543 697 1601 et
721 1538 819 1601 linteo
843 1539 1082 1619 superimponit.
1131 1538 1249 1601 Dextra

159 1630 333 1712 ampullam
359 1631 435 1707 vini,
460 1631 589 1693 sinistra
614 1631 786 1711 ampullam
812 1651 909 1712 aquae
935 1633 970 1694 in
995 1633 1059 1694 ima
1084 1636 1174 1713 parte
1200 1652 1247 1694 ae·

159 1724 239 1804 cipit
246 1743 256 1800 3
282 1728 368 1786 stans
394 1725 427 1786 in
452 1725 554 1806 gradu
579 1725 776 1805 suppedaneo
803 1726 942 1806 propiori
969 1727 1058 1806 prius
1087 1725 1248 1788 Sacerdoti

159 1817 332 1898 ampullam
349 1819 416 1881 vini
432 1819 585 1900 porrigit;
602 1824 679 1882 tune
696 1820 806 1882 dextra
824 1839 944 1900 quoque
962 1839 1057 1881 manu
1075 1819 1247 1900 ampullam

158 1931 267 1993 aquae,
294 1912 446 1993 recipiens
473 1913 602 1975 sinistra
628 1912 801 1994 ampullam
829 1913 913 1989 vini;
941 1912 1121 1977 “osculatur
1147 1915 1248 1993 ipsam

158 2004 352 2086 ampullam''
373 2011 538 2086 utramque
559 2013 627 2068 tum
650 2008 683 2068 in
703 2006 892 2087 porrigendo
913 2011 982 2069 tum
1005 2007 1038 2068 in
1059 2006 1248 2087 recipiendo,

160 2100 245 2164 “non
269 2104 376 2162 autem
402 2120 531 2161 manum
559 2099 784 2162 Celebrantis.''
834 2099 966 2179 (Oscula
992 2100 1186 2164 omittuntur
1212 2101 1247 2163 in

159 2192 266 2255 Missis
288 2192 327 2256 de
349 2192 466 2274 Requie
488 2199 520 2256 et
541 2214 646 2256 coram
670 2193 875 2257 Sanctissimo
898 2194 1065 2274 exposite.)
1114 2193 1247 2274 Ampul-

158 2286 222 2349 lam
251 2305 349 2367 aquae
379 2286 488 2350 deutra
519 2294 673 2367 receptam
703 2287 832 2367 deponit
863 2307 957 2367 snper
986 2287 1184 2369 pelviculam,
1215 2291 1247 2349 et

158 2378 331 2460 ampullam
355 2381 421 2441 vini
444 2381 567 2461 seponit
591 2381 638 2443 vel
662 2381 701 2442 ad
725 2381 917 2444 credentiam
943 2382 1048 2444 refert.
1097 2381 1247 2443 Reversus

160 2473 200 2535 ad
227 2473 337 2536 Altare
364 2473 497 2536 linteum
525 2474 690 2554 paululum
718 2474 868 2550 sublevat,
896 2480 932 2535 ut
960 2474 1086 2536 facilius
1114 2494 1131 2536 a
1160 2472 1245 2536 Cele-

159 2566 269 2630 brante
292 2568 362 2648 capi
386 2573 488 2648 queat,
512 2574 543 2631 ct
568 2568 677 2630 dextra
701 2568 873 2649 ampullam
898 2588 1005 2648 aquae,
1030 2569 1158 2629 sinistra
1182 2566 1246 2647 pel-

158 2659 294 2725 viculam
325 2665 444 2736 tenens,
475 2661 608 2723 inclinat
641 2661 817 2724 Celebranti
849 2662 1008 2724 accedenti
1039 2667 1069 2722 et
1100 2660 1246 2722 infundit

157 2773 270 2835 aquam
286 2774 380 2835 super
393 2755 623 2817 extremitatem
639 2756 803 2835 utriusque
818 2755 941 2835 pollicis
956 2760 987 2817 et
1004 2754 1118 2816 indicis
1127 2774 1136 2829 ;
1152 2755 1246 2816 iterat

159 2849 375 2923 reverentiam,
400 2868 512 2927 aquam
538 2848 709 2928 pelliculae
733 2849 862 2929 projicit
888 2849 921 2909 in
948 2847 1132 2911 conchulam
1157 2867 1244 2928 prae·

157 2946 300 3021 paratam
317 2962 412 3023 supra
429 2943 476 3004 vel
495 2963 590 3023 prope
607 2942 809 3017 credentiam,
828 2943 951 3023 reponit
969 2941 1156 3022 pelviculam
1174 2961 1246 3003 cum

157 3036 306 3115 ampullis
328 3039 359 3098 et
382 3037 493 3115 recipit
514 3035 552 3097 de
575 3037 679 3097 Alteri
703 3035 847 3112 linteum,
871 3035 952 3115 quod
976 3035 1128 3115 plicatum
1151 3054 1245 3114 super

158 3128 317 3192 credentia
339 3130 471 3209 reponit.

198 3225 226 3283 9.
251 3221 364 3284 Secum
380 3221 512 3286 afferens
528 3223 747 3301 campanulam
764 3223 845 3285 redit
862 3223 900 3285 ad
918 3224 1106 3285 anteriorem
1123 3226 1244 3304 partem

156 3315 317 3396 Epistolae
337 3315 441 3396 ibique
463 3322 498 3377 ut
519 3323 610 3379 antea
631 3316 822 3396 genuflectit.
867 3317 1061 3395 Respondet:
1085 3315 1244 3397 Suscipiat

155 3411 301 3472 erectus⁸
321 3409 446 3490 quando
466 3409 633 3472 Celebrans
653 3410 737 3471 dicto
758 3412 851 3473 Orate
870 3413 986 3490 fratres
1005 3430 1037 3472 se
1056 3409 1243 3472 converterit

156 3502 196 3566 ad
229 3501 348 3566 Altare.
408 3503 586 3583 Respondet
619 3504 658 3565 ad
692 3504 925 3567 Praelationcm
959 3509 1053 3583 caput
1088 3503 1243 3564 inclinans

153 3596 194 3660 ad
217 3596 284 3661 Deo
308 3602 423 3661 nostro.
468 3596 519 3658 Ad
543 3597 679 3660 Sanctus
703 3599 851 3677 “parvam
875 3595 1094 3676 campanulum
1117 3593 1242 3676 pulsat''

154 3694 213 3764 ter,
239 3709 303 3753 nen
328 3691 511 3754 continuate
536 3691 589 3752 sed
615 3690 736 3752 duobus
762 3691 876 3752 ictibus
902 3711 958 3771 pro
985 3690 1118 3770 singulis
1145 3689 1244 3752 ternis

154 3783 292 3860 vicibus;
314 3783 502 3864 campanula
525 3784 666 3864 deposita
688 3783 728 3846 ad
751 3783 941 3847 Benedictus
965 3803 997 3847 se
1020 3783 1125 3863 signat
1148 3780 1243 3843 simul

153 3897 227 3940 cum
250 3877 443 3940 Celebrante.

198 3974 247 4033 10.
271 3972 337 4034 Sub
356 3971 452 4034 finem
471 3971 631 4034 Memento
652 3971 793 4034 vivorum
812 3968 955 4033 accendit
975 3970 1169 4033 intortitium
1188 3988 1243 4033 seu

153 4064 317 4130 candelam
344 4065 541 4128 insistentem
570 4066 602 4126 in
630 4065 817 4145 cornucopio
845 4064 957 4144 parieti
986 4063 1075 4125 affixo
1101 4083 1118 4123 a
1146 4083 1243 4124 cornu

154 4158 340 4241 Epistulae,⁹
363 4159 467 4240 “quod
496 4156 723 4240 [intortitium]
753 4177 816 4219 non
841 4156 1049 4237 extinguitur,
1072 4154 1134 4215 nisi
1160 4160 1242 4236 post-

186 4407 533 4465 ⁸0.Rom.·801.n.300.
764 4406 961 4458 ⁹Martinucci
989 4406 1012 4456 Ι.
1043 4406 1082 4466 ll,
1114 4407 1153 4457 18.
1199 4404 1244 4457 (lt.

729 4485 818 4551 Kunz,
833 4485 1003 4543 Ministrant.
1018 4500 1044 4553 p.
1059 4483 1101 4546 36,
1115 4490 1172 4539 not.
1187 4486 1212 4539 6.
