2804 4890
341 724 344 728 Α
445 675 498 729 DE
521 674 724 729 ORATIONE
748 675 959 730 DOMINIOA.
1205 664 1246 726 99

156 852 270 928 partas,
285 847 350 910 scil.
368 847 455 909 illam
469 849 557 928 prius
572 847 683 911 leviter
698 845 850 909 flectendo
865 847 1019 928 superius,
1034 865 1090 928 per
1104 846 1245 910 medium

156 947 189 1003 et
206 942 300 1016 intra,
318 941 431 1003 dehinc
451 942 562 1005 iterato
580 941 664 1004 flexu
682 946 774 1005 cauto
793 944 892 1003 totam
911 941 1096 1022 frangendo,
1116 940 1245 1002 interim

158 1035 301 1096 “dicens:
325 1036 388 1096 Per
412 1035 553 1096 curretiam
579 1034 752 1097 Dominum
778 1039 920 1097 uestrum
944 1036 1055 1098 desum
1083 1035 1245 1097 Christum

156 1125 275 1192 Filium
290 1129 411 1201 tuum,''
424 1129 581 1192 inclinans
592 1129 631 1192 ad
645 1130 669 1193 J
671 1149 758 1193 esum
772 1129 945 1204 Christum,
958 1129 1012 1194 “et
1022 1130 1160 1193 mediam
1174 1150 1245 1213 par·

156 1226 229 1295 tem,
242 1242 334 1301 qumu
349 1223 432 1283 inter
443 1222 586 1302 pollicem
600 1228 632 1283 et
645 1222 779 1284 indicem
793 1223 919 1283 dextrae
929 1241 1040 1283 manus
1052 1227 1146 1297 tenet,
1156 1220 1247 1302 ponit

157 1335 250 1395 super
272 1322 435 1396 patenam:
460 1315 498 1378 de
522 1316 584 1377 alia
608 1316 722 1391 media,
746 1335 841 1397 quam
865 1315 994 1378 sinistra
1017 1335 1113 1377 manu
1138 1313 1244 1377 tenet’'

157 1409 245 1470 calici
273 1409 375 1471 adhuc
403 1409 642 1489 supcrpositam,
671 1408 814 1489 “frangit
841 1430 914 1470 eum
942 1408 1053 1490 pollice
1081 1412 1113 1470 et
1141 1408 1245 1470 indice

157 1501 282 1565 dextrae
299 1522 411 1564 manus
427 1501 646 1582 particulam,''
664 1523 727 1564 non
744 1502 829 1564 ultra
847 1503 974 1564 tertiam
991 1506 1113 1581 partem
1129 1501 1245 1564 medie·

158 1597 231 1657 tatis
256 1596 374 1660 hostiae
399 1596 437 1657 de
461 1597 530 1675 ejus
556 1596 700 1659 inferiori
725 1597 837 1676 parte,l
864 1596 992 1658 interim
1019 1598 1244 1676 “prosequens:

158 1688 220 1766 Qui
235 1695 336 1752 tecum
352 1689 431 1752 vivit
446 1695 476 1753 et
491 1694 611 1771 regnat,
627 1695 697 1768 ete,
713 1695 743 1755 et
759 1711 828 1754 eam
842 1691 927 1754 inter
942 1691 1025 1772 ipsos
1040 1690 1168 1753 dextrae
1184 1711 1248 1753 ma

156 1802 214 1845 nus
231 1783 376 1864 pollicem
393 1790 425 1847 et
443 1784 579 1846 indicem
595 1785 734 1847 retinens
751 1787 873 1865 partem
892 1786 1055 1863 majorem,
1074 1804 1168 1864 quam
1185 1785 1249 1846 sin-

158 1876 234 1940 istra
254 1881 350 1953 tenet,
371 1876 520 1957 adjungit
541 1876 672 1953 mediae,
693 1897 786 1957 super
805 1881 953 1958 patenam
974 1876 1123 1959 positae,''
1145 1879 1191 1939 ita
1211 1879 1249 1939 ut

157 1974 303 2051 appareat
327 1970 430 2032 hostia
454 1969 599 2045 rotunda,
624 1974 665 2046 et,
690 1970 781 2050 juxta
805 1971 965 2050 quosdam,
991 1970 1135 2051 ponendo
1160 1990 1249 2034 oram

157 2060 283 2125 dextrae
318 2061 356 2139 (i.
387 2081 412 2123 e.
444 2061 591 2139 ultimae)
626 2061 804 2125 medietatis
835 2061 1000 2142 paululum
1032 2081 1125 2142 super
1156 2080 1243 2125 oram

157 2153 284 2217 alterius
321 2154 499 2217 medietatis
535 2155 665 2230 hostiae,
702 2155 851 2218 “iuterim
889 2154 1012 2217 dicens:
1049 2155 1083 2217 io
1121 2155 1244 2218 unitate

158 2246 297 2329 Spiritus
314 2247 418 2310 sancti
436 2249 540 2322 Deum
558 2252 590 2311 et
609 2249 798 2329 particulam
817 2249 946 2322 hostiae,
966 2268 1060 2328 quarn
1080 2248 1114 2309 in
1134 2247 1244 2311 dextra

158 2360 252 2403 manu
265 2341 409 2417 retinuit,
422 2345 532 2405 tenens
546 2362 639 2422 super
653 2342 791 2416 calicem,
806 2361 897 2422 quem
913 2343 1042 2404 sinistra
1056 2362 1111 2421 per
1125 2340 1244 2403 nodum

158 2434 241 2497 inira
270 2454 405 2515 cuppam
436 2436 561 2511 retinet,
592 2434 786 2515 intelligibili
817 2455 889 2497 voce
918 2435 1013 2497 dicit:
1045 2437 1108 2497 Per
1138 2435 1244 2498 omnio

155 2530 278 2593 soeculo
291 2531 496 2592 soeculorum.
539 2530 578 2592 R.
593 2528 716 2601 limem·
730 2533 761 2593 et
776 2549 847 2590 curn
864 2529 930 2609 ipsa
947 2529 1102 2608 particula
1117 2528 1244 2608 signans

157 2626 203 2684 ter
223 2643 242 2685 a
263 2621 346 2685 labio
366 2622 407 2684 ad
427 2621 567 2684 labium'’
589 2621 674 2684 intra
695 2643 729 2684 os
750 2622 885 2697 “calicis,
907 2622 1001 2683 dicit:
1023 2623 1092 2684 Poe
1113 2622 1244 2683 Domini

155 2715 198 2778 sit
223 2737 348 2799 semper
375 2715 541 2779 vobiscum.
607 2716 765 2796 Responso
793 2735 849 2796 per
878 2716 1077 2778 ministrum:
1099 2715 1143 2778 Et
1173 2737 1243 2778 eam

155 2810 271 2891 spiritu
288 2813 352 2882 tuo,
368 2809 567 2890 particulam,
583 2828 676 2890 quam
693 2809 803 2871 dextra
819 2829 916 2870 manu
933 2811 1028 2884 tenet,
1045 2808 1193 2870 immittit
1210 2808 1244 2869 in

157 2903 293 2978 calicem,
314 2903 420 2966 dicens
440 2907 573 2964 secreto:
597 2903 684 2965 Iloeo
704 2901 884 2965 commistio
906 2907 936 2964 et
958 2902 1146 2965 consecratio
1170 2903 1243 2964 Cor-

155 2995 248 3078 poris,
267 2996 358 3074 etc.,''
377 2997 535 3060 inclinans
553 2997 592 3060 ad
612 2997 691 3060 iesu
711 2995 841 3059 Christi.
882 2995 1056 3073 “Deinde''
1075 2995 1097 3060 i.
1117 3016 1143 3060 e.
1162 2997 1247 3061 abso-

157 3088 222 3153 luta
247 3090 306 3152 hac
332 3089 473 3152 oratione
499 3093 531 3151 et
556 3109 619 3149 non
646 3088 745 3169 prius,
773 3088 921 3168 “pollices
947 3095 979 3150 et
1006 3087 1124 3151 indices
1151 3108 1244 3168 super

155 3182 282 3245 calicem
298 3182 531 3262 aliquantulum
549 3182 655 3262 tergit,
671 3186 702 3244 et
716 3182 835 3261 jungit,
851 3181 979 3243 calicem
995 3181 1080 3261 palla
1095 3180 1243 3261 eoeperit,

155 3280 185 3339 et
201 3275 384 3357 genuflexus
402 3275 642 3338 Sacramentum
659 3274 778 3351 adorat,
795 3273 928 3353 surgit.''

196 3374 224 3432 4.
248 3370 314 3445 “Et
331 3375 419 3432 stans
437 3368 557 3448 junctis
577 3368 722 3429 manibus
741 3373 813 3430 ante
833 3372 951 3448 pectus,
971 3367 1072 3448 capite
1092 3366 1244 3430 inclinato

155 3484 260 3526 versus
280 3463 529 3538 Sacramentum,
548 3462 626 3524 dicit
646 3461 841 3540 intelligibili
860 3481 949 3523 voce:
967 3462 1079 3542 Agnus
1097 3462 1168 3533 Dei,
1189 3460 1244 3541 qui

157 3557 239 3622 tollis
259 3561 387 3641 peccata
407 3556 528 3628 mundi,
550 3561 582 3619 et
602 3553 742 3631 dextra,''
765 3556 784 3615 i.
807 3575 832 3619 e.
857 3555 956 3616 tribus
978 3554 1087 3634 digitis
1109 3554 1243 3630 ultimis,

154 3651 263 3715 leviter
278 3651 477 3732 “percutiens
493 3649 552 3711 sibi
568 3652 686 3730 pectus,
703 3649 832 3710 sinistra
848 3668 942 3729 super
957 3647 1115 3728 corporale
1131 3646 1243 3727 posita,

154 3743 247 3807 dicit:
265 3743 411 3808 miserare
425 3741 524 3814 nobis,
540 3747 572 3805 et
586 3742 699 3806 deinde
715 3762 778 3804 non
794 3743 902 3821 jungit
918 3760 1040 3816 manus,
1057 3740 1110 3803 sed
1127 3741 1242 3802 iterum

154 3839 290 3918 percutit
307 3837 368 3900 sibi
385 3844 504 3918 pectus,
521 3856 593 3897 curn
612 3835 690 3897 dicit
708 3834 860 3896 secundo:
880 3835 1024 3897 ntismere
1043 3833 1141 3906 nobis,
1160 3832 1242 3913 quod
1361 3916 1364 3921 „

154 3936 186 3993 et
202 3933 296 3996 tertio
314 3931 404 4006 iacit,
420 3950 491 3992 curn
510 3929 606 3991 dicit:
623 3929 706 3992 dona
723 3929 811 3992 nohis
828 3927 967 4009 pacem.”

196 4031 223 4087 5.
245 4026 358 4087 “'Pune
381 4022 526 4086 manibus
548 4022 668 4102 junctis
690 4042 785 4102 supra
807 4021 916 4083 Altare
940 4020 1061 4101 positis,
1083 4019 1242 4101 oculisque

154 4119 192 4180 ad
219 4119 460 4183 Sacramentum
484 4114 646 4192 intentis,'’
673 4135 799 4195 corpore
826 4113 1025 4177 mediocriter
1050 4113 1242 4176 “inclinatus

153 4213 232 4276 dicit
252 4217 386 4276 secreto:
408 4209 544 4276 Domine
565 4210 645 4274 Jou
668 4209 803 4283 Christe,
826 4213 895 4286 etc,
917 4256 925 4272 .
948 4255 956 4273 .
979 4255 988 4272 .
1009 4211 1047 4271 ut
1069 4207 1104 4271 in
1127 4207 1246 4272 Ordine

155 4303 298 4370 Mimo„

574 4469 587 4505 Ι
604 4463 639 4516 Ι).
660 4465 734 4516 1275.
753 4467 778 4516 6.
