2804 4890
155 685 214 748 192
354 695 408 750 DE
433 696 554 753 Misso
577 696 754 752 SOLEMNI
778 694 1045 754 PONTIFIGALI.

596 995 710 1066 ΛΒΤ.
736 994 801 1066 VI.

192 1180 242 1230 DE
266 1180 381 1230 MissA
405 1180 651 1230 PONTIFICALI
676 1181 726 1230 AD
751 1179 1038 1232 EALDISTOBIUM
1062 1179 1136 1233 SEU
1159 1178 1209 1233 ΔΒ

379 1264 559 1314 EPISCOPO
573 1264 727 1314 EXTRAN
729 1263 778 1314 EO
791 1264 1020 1315 GELEBRA'M„

201 1432 268 1493 107.
293 1432 465 1512 Episcopus
486 1431 693 1494 Dioecesanus
711 1433 751 1494 ad
770 1432 986 1497 faldistorium
1004 1432 1139 1497 celebrat
1158 1452 1241 1515 prae-

158 1531 243 1589 sente
260 1526 432 1601 Cardinali,
449 1526 566 1605 Legato
583 1532 637 1588 aut
655 1525 907 1607 Metropolitano.
948 1526 1123 1608 Episcopus
1139 1533 1241 1590 autem

152 1624 316 1683 extraneus
328 1639 449 1698 semper
461 1621 565 1680 utitur
577 1618 765 1696 faldistoria,
777 1641 832 1682 nee
846 1619 950 1683 utitur
962 1620 1071 1684 baculo
1083 1620 1242 1701 pastorali,

157 1715 218 1775 nisi
247 1714 419 1795 Episcopus
447 1714 506 1775 loci
533 1714 561 1775 ei
590 1713 754 1776 Tlrronum
782 1734 874 1775 suum
903 1714 1047 1789 cederet‚²
1076 1713 1124 1776 vel
1152 1734 1242 1776 usum

157 1808 266 1869 Baculi
285 1808 313 1869 ei
332 1808 561 1888 permitteret.²
603 1807 633 1867 N
636 1828 676 1868 on
694 1808 884 1870 adhibentur
903 1806 1036 1870 Diaconi
1053 1806 1242 1882 assistentes,

155 1922 288 1983 quorum
306 1901 442 1962 officium
462 1900 619 1963 Diaconos
637 1907 669 1964 et
690 1901 906 1965 Subdiaeonus
925 1900 1083 1983 supplent.

198 1999 225 2056 2.
249 1995 333 2057 Ante
368 1995 484 2073 gradus
520 1995 691 2058 anteriores
726 1993 847 2058 Altaris
883 1995 918 2057 in
950 1995 1048 2059 latere
1083 1995 1242 2078 Epistolae

153 2090 283 2171 ponitur
303 2089 517 2152 faldistorium
539 2092 730 2153 instructum
753 2096 836 2154 veste
855 2091 1016 2155 concolore
1036 2092 1229 2173 paramentis
1236 2111 1246 2167 ;

155 2182 236 2261 quod
262 2183 289 2242 si
315 2182 411 2242 nimis
438 2183 471 2242 in
498 2183 561 2243 iruo
587 2190 677 2257 esset,
704 2184 894 2262 supponitur
919 2183 948 2244 ei
975 2181 1154 2246 tabulatum
1180 2183 1243 2243 sive

156 2275 313 2338 modicum
356 2275 601 2357 suppedaneum,
643 2275 725 2355 quod
768 2279 878 2355 aequet
918 2274 1053 2356 gradum
1094 2274 1241 2337 infimum

155 2369 274 2430 Altaris
293 2373 324 2431 ct
343 2375 529 2449 contegatur
548 2374 653 2449 tapeto
673 2368 879 2431 convenienti.

196 2463 234 2523 In
249 2464 344 2525 latere
360 2463 519 2543 Epistulae
532 2465 685 2524 statuitur
699 2482 830 2543 parvum
844 2482 1017 2539 scanmum,
1032 2482 1093 2543 quo
1106 2466 1243 2526 utuntur

152 2559 293 2620 Ministri
315 2561 402 2620 sacri.

196 2652 298 2732 Super
326 2651 465 2713 nicrlium
496 2652 615 2713 Altaris
645 2654 808 2730 ponuntur
836 2655 1020 2729 paramenta
1048 2650 1242 2732 pontificalia

157 2747 210 2825 (ut
227 2767 322 2826 supra
338 2769 368 2809 11.
389 2751 458 2822 102,
477 2749 528 2825 2),
546 2766 623 2826 quae
641 2745 707 2808 velo
724 2745 852 2807 decente
870 2746 1102 2825 cooperiuntur.
1143 2746 1245 2828 Septi·

152 2858 240 2897 mum
265 2838 484 2898 candelabrum
514 2858 575 2898 uon
601 2838 780 2916 apponitur.

195 2934 223 2991 3.
247 2931 420 3010 Episcopus
441 2933 473 2991 iu
493 2930 635 2992 sacristia
654 2930 731 2991 dicit
750 2950 856 3010 preces
875 2931 1124 3011 praeparatorios
1148 2931 1239 3011 (Ant.

149 3026 198 3087 Nc
233 3025 452 3096 rcruioiscuris,
486 3028 561 3103 etc.)
598 3033 629 3087 et
664 3026 778 3104 accipit
812 3026 927 3104 caligas
962 3045 1032 3085 cum
1067 3025 1240 3090 sandaliia⁸

153 3120 243 3179 Tunc
264 3118 383 3180 accedit
404 3119 442 3179 ad
467 3118 585 3194 Altare,
607 3123 637 3180 et
659 3122 783 3198 peracta
806 3117 888 3179 brcvi
911 3118 1052 3179 oratione
1074 3118 1108 3179 in
1132 3117 1238 3180 infimo

151 3212 261 3292 gradu,
275 3212 360 3274 sedet
375 3214 407 3271 in
423 3212 599 3275 faldistorio
614 3213 694 3274 facie
708 3212 747 3273 ad
761 3211 913 3290 populum
928 3231 1083 3273 conversa.
1143 3210 1238 3273 Indu·

153 3308 217 3369 itur
243 3306 444 3385 paramentis,
472 3309 507 3367 ut
533 3325 627 3383 supra
653 3326 684 3367 n.
714 3308 783 3379 102,
811 3308 839 3366 5.
885 3303 998 3366 Clerici
1026 3305 1237 3377 inservientes,

149 3407 310 3482 postquam
343 3407 524 3481 poraroculu
555 3400 753 3474 tradiderint,
786 3400 916 3463 redeunt
946 3399 984 3461 ad
1015 3399 1118 3461 locum
1148 3419 1239 3461 suum

150 3495 233 3574 apud
252 3495 453 3556 credentiam.
494 3494 660 3554 incensum
680 3513 743 3554 non
764 3493 946 3572 imponitur.

193 3593 221 3647 4.
248 3588 418 3667 Episcopus
449 3608 520 3648 curn
552 3586 720 3659 Minionis,
751 3586 885 3647 salutato
916 3586 1018 3659 choro,
1049 3585 1170 3649 accedit
1198 3584 1235 3647 sd

151 3683 260 3743 Altero
287 3688 318 3744 et
347 3682 475 3742 Missum
506 3680 641 3755 inchoat,
669 3684 705 3741 ut
732 3699 826 3759 supra
853 3698 909 3760 pro
939 3678 1036 3740 Missa
1063 3678 1235 3759 pontificali

186 3865 248 3915 lD.
276 3868 314 3915 1⁴2.
338 3866 403 3914 Juu.
435 3865 505 3926 laos,
531 3878 555 3912 n.
580 3863 661 3911 41123:

149 3942 222 3992 “An
243 3942 332 4007 Episc.
357 3942 444 3990 lliocc.
465 3941 584 4002 gaudeat
603 3938 665 3999 juro

720 3864 850 3925 Dignitas
872 3880 917 3915 scu
941 3865 1093 3915 (lrruonicus
1117 3865 1143 3914 iu
1169 3865 1239 3915 illiue

723 3939 857 3988 llcclcsiis.
875 3977 881 3989 .
897 3977 902 3988 .
920 3939 1064 3989 l‘racsulcs
1079 3938 1237 3989 cardinales

149 4018 261 4068 ccdcndi
298 4018 434 4066 Tlrronunr
471 4031 547 4064 srrrror
584 4014 664 4064 alteri

151 4094 285 4159 Episcopo
304 4108 363 4142 curu
385 4094 448 4142 ltcv.
470 4093 665 4141 Carronrcorum

150 4169 308 4220 assistentia
324 4169 375 4218 sibi
394 4168 665 4218 debitat—Affirma-

151 4247 219 4305 tir·c;
259 4246 401 4296 dummodo
443 4246 590 4309 Episcopus
627 4245 664 4291 in-

151 4323 254 4371 citatus
272 4338 323 4371 noo
344 4323 378 4371 sit
402 4321 486 4386 ipsius
508 4322 663 4371 Diocccsuoi

148 4401 308 4463 Coadjuior,
342 4405 390 4450 urit
426 4400 584 4459 Auxiliare,
619 4405 667 4450 arri.

153 4476 276 4528 vicarius
312 4475 460 4540 Generalis,
497 4478 545 4524 eut
581 4474 663 4530 client

722 4053 727 4064 .
748 4053 753 4063 .
775 4017 851 4064 decet
870 4021 900 4064 ut
920 4031 995 4064 suoru
1018 4015 1154 4064 Thronunr
1174 4030 1236 4064 non·

722 4092 772 4139 uisi
816 4091 879 4141 aliis
919 4093 1012 4142 carlom
1054 4091 1237 4142 Cardinalitia

722 4167 865 4228 llipuitate
885 4173 990 4218 ornatis
1011 4167 1148 4219 caelent.’'

757 4245 854 4293 ²(laer.
877 4245 925 4308 Ep.
950 4244 969 4294 [.
993 4246 1032 4294 11.
1054 4245 1093 4294 12.

757 4326 767 4356 ³
788 4321 815 4367 Si
836 4335 925 4384 cappa
943 4335 1043 4382 magna
1060 4322 1098 4370 sit
1116 4320 1236 4384 indutus,

721 4398 754 4446 orl
780 4396 965 4448 faldistorium
987 4397 1036 4450 hee
1056 4396 1116 4449 fleri
1136 4400 1235 4467 potest.
