2804 4890
150 669 214 738 588
328 682 415 740 arr.
438 681 481 740 11.
528 681 581 737 nn
600 679 858 737 casauriensis
882 683 1062 741 arronis.

195 845 222 906 l.
245 841 414 924 Vesperale
432 846 483 906 est
501 842 564 904 tela
583 841 667 903 linea
688 839 736 904 vel
758 840 857 904 serica
883 843 1006 922 (minus
1026 844 1102 922 apta
1122 840 1254 905 videtur

151 954 216 999 esse
240 934 345 1014 lana),
370 954 432 1016 qua
456 937 545 1000 extra
570 932 810 997 celebrationem
836 935 950 998 Missae
977 935 1113 1000 velulis
1139 933 1254 999 Officia

151 1027 286 1109 Mappae
303 1029 413 1091 altaris
428 1031 640 1109 conteguntur
657 1027 697 1090 ad
714 1025 819 1090 sordes
837 1028 875 1091 ab
893 1029 937 1092 eis
955 1026 1113 1091 arcendas.
1155 1026 1254 1091 Color

151 1120 294 1202 specialis
321 1132 390 1183 non¹
414 1119 639 1204 praescribitur
666 1139 725 1204 pro
752 1140 798 1199 eo,
827 1121 882 1184 sed
910 1121 1003 1203 juxta
1033 1119 1066 1184 S.
1097 1119 1253 1185 Oarolnrn

152 1214 376 1279 Borromaeum
398 1213 543 1278 convenit
563 1219 601 1277 ut
621 1215 664 1279 sit
685 1213 806 1277 viridis.

192 1310 221 1372 8.
241 1306 311 1370 Mos
342 1308 529 1388 contegendi
560 1307 659 1371 altare
687 1327 752 1371 una
781 1307 894 1370 saltem
924 1325 1040 1390 mappa
1069 1306 1118 1371 vel
1150 1307 1249 1370 etiam

150 1400 295 1482 pluribus
320 1401 436 1483 pannis
461 1399 646 1479 hujusmodi
673 1400 901 1464 vetustissimae
927 1399 1041 1464 aetatis
1066 1405 1123 1465 est.
1172 1400 1249 1463 Jam

150 1493 334 1574 primordiis
348 1492 480 1556 saeculis
494 1493 618 1556 videtur
633 1494 730 1556 fuisse
746 1494 779 1555 in
794 1512 864 1570 usu.
899 1492 989 1556 Alias
1004 1493 1140 1574 Optatus
1157 1492 1249 1554 Mile·

151 1587 220 1650 vius
250 1587 344 1667 (370)
373 1586 507 1650 scribere
529 1605 594 1648 non
617 1587 787 1667 potuisset:
821 1585 921 1662 “Quis
945 1585 1089 1648 fidelium
1111 1587 1249 1666 ignorat,

151 1678 244 1761 quod,
277 1678 355 1741 dum
389 1678 538 1759 mysteria
573 1697 660 1740 sacra
694 1678 901 1756 celebrantur,
934 1677 1058 1759 liguum
1097 1678 1244 1758 (altaris)

152 1792 256 1854 panno
278 1772 362 1833 lineo
383 1772 552 1852 operiatur.
596 1770 760 1833 Naturalis
781 1772 924 1836 docentia
944 1775 976 1836 et
997 1772 1145 1853 frequens
1167 1771 1249 1852 peri-

151 1864 268 1940 culum,
297 1883 347 1940 ne,
378 1865 405 1925 si
435 1863 544 1926 forsan
574 1883 630 1944 per
660 1863 803 1926 accidens
831 1864 1076 1944 pretiosissimus
1109 1863 1249 1944 Sanguis

152 1956 377 2033 effunderetur,
399 1956 512 2018 effusio
538 1958 648 2019 statim
672 1977 766 2037 super
788 1958 886 2020 altare
911 1956 1033 2034 flueret,
1056 1978 1152 2020 usum
1176 1976 1249 2019 con·

153 2048 279 2130 tegendi
296 2050 394 2113 altare
413 2047 599 2110 introduxit.
642 2050 714 2111 Non
732 2054 839 2113 autem
857 2069 978 2131 semper
995 2051 1079 2113 idern
1096 2070 1250 2113 numerus

158 2145 210 2223 (3)
248 2141 428 2205 observatus
459 2141 533 2204 fuit.
589 2142 760 2222 Synodalia
789 2145 910 2206 statuta
941 2148 972 2206 et
1002 2142 1065 2206 alia
1096 2143 1249 2206 historica

152 2235 349 2312 documenta,
372 2254 450 2315 quae
474 2235 512 2298 de
536 2237 660 2314 mappis
684 2234 804 2314 aliquid
828 2238 993 2312 annotant,
1015 2236 1186 2317 aliquando
1210 2237 1251 2299 dc

152 2349 216 2390 uno
237 2333 268 2390 et
289 2329 404 2391 iterum
426 2329 463 2390 de
484 2326 603 2407 duplici
625 2327 673 2389 vel
694 2327 813 2406 triplici
835 2348 940 2408 panno
960 2329 1143 2409 loquuntur.

196 2424 223 2481 9.
248 2421 422 2482 Chrismale
442 2419 622 2482 recentioris
640 2426 687 2483 cst
705 2422 834 2496 aetatis3
853 2422 1019 2501 l'esperalc
1039 2427 1145 2484 autern
1166 2422 1250 2485 ride-

153 2519 207 2575 tur
237 2515 271 2575 in
301 2534 360 2574 usu
387 2514 484 2574 luisse
514 2514 580 2592 jam
609 2513 730 2574 saeculo
762 2517 809 2574 14.
841 2514 978 2576 Nomina
1008 2514 1141 2589 diversa,
1171 2535 1250 2595 quae

155 2607 268 2686 pannis
282 2605 390 2667 altaris
406 2605 474 2666 dari
491 2604 640 2680 solebant,
656 2609 729 2667 sunt
745 2605 921 2685 sequentia:
938 2607 1054 2683 Pallae,
1071 2606 1251 2683 Velamina,

156 2700 357 2774 Indumenta,
378 2697 468 2773 Vela,
489 2697 652 2775 Mensalia,
672 2698 816 2779 blappae,
838 2697 999 2762 Tobaleae.

603 2977 717 3048 Anu.
747 2978 797 3048 ΙΙ.

541 3159 591 3210 ΒΕ
612 3160 859 3213 ANTIPENDIO.

197 3334 268 3399 301.
291 3332 523 3414 Antipendium
545 3338 592 3394 est
613 3339 742 3396 ornatus
765 3353 869 3413 panno
890 3335 1062 3412 confectus,
1084 3355 1157 3416 quo,
1179 3357 1254 3418 pars

156 3429 295 3490 anterior
318 3427 427 3490 altaris
456 3424 569 3504 (stipes
592 3433 624 3488 ct
646 3427 740 3487 etiam
765 3427 920 3488 crassities
944 3430 1084 3506 nicnsae)
1114 3434 1252 3510 tegatur.

157 3520 389 3583 Caeremoniale
414 3520 641 3598 Episcoporum
662 3518 770 3579 dicit¹:
794 3519 923 3581 “Altare
947 3521 1051 3598 majus
1074 3522 1107 3582 in
1131 3521 1253 3586 festivi-

156 3614 274 3675 tatibus
297 3612 547 3674 sollcmuioribus
576 3659 583 3670 .
615 3659 621 3672 .
656 3659 663 3672 .
692 3630 747 3691 pro
771 3615 947 3692 temporum
971 3618 1075 3675 tamen
1100 3615 1254 3678 varietate

156 3713 187 3769 ct
216 3707 382 3783 erigentia.
412 3705 592 3765 ornabitur:
622 3705 702 3783 quod
733 3705 758 3764 si
788 3726 806 3766 a
836 3706 953 3785 pariete
982 3705 1192 3784 disjunctum,
1223 3713 1254 3771 et

157 3804 332 3879 separatum
357 3798 409 3865 sit.
430 3800 637 3876 apponentur,
661 3803 724 3858 tarn
748 3820 766 3859 a
789 3804 876 3878 parte
897 3800 1056 3867 anteriori.
1081 3820 1175 3880 quam
1201 3822 1253 3883 po

157 3892 279 3955 steriori
303 3891 397 3961 illius,
418 3891 501 3971 polla
524 3910 627 3958 aurea,
648 3891 691 3951 rel
715 3897 871 3969 argentea.
893 3897 947 3953 ant
968 3891 1065 3954 serica
1087 3914 1164 3956 auro
1186 3917 1254 3977 pcr-

155 3984 284 4066 pulcbre
305 3988 461 4051 contexta.
484 3982 595 4043 coloris
618 3982 785 4045 festivitati
808 3986 1019 4064 congruentis,
1042 4006 1139 4067 eaque
1160 3991 1257 4052 sectis

157 4078 377 4158 quadratisque
403 4075 499 4152 lignis
523 4077 656 4149 nurnita,
681 4095 759 4155 quae
785 4077 894 4139 tcloria
918 4081 1039 4153 vocant,
1065 4100 1104 4142 ne
1130 4101 1255 4161 rugosa.

157 4176 212 4234 sut
228 4171 352 4233 sinuosa
370 4169 421 4231 scd
439 4174 574 4234 extensa.
592 4175 622 4231 ct
639 4169 793 4248 explicata
809 4170 969 4233 decentius
986 4172 1256 4251 conspiciantur.''

158 4262 285 4326 Missale
310 4256 500 4324 llornanurn2
526 4262 661 4323 breviter
684 4267 790 4323 notat:
816 4262 940 4325 “Pallio
964 4283 1085 4344 quoque
1115 4265 1251 4349 (altare)

157 4355 317 4419 ornetur.''

239 4511 325 4562 1nio.
343 4511 375 4574 1.,
391 4526 414 4562 e.
431 4510 499 4564 ΧΠ.
518 4512 559 4563 11.
763 4512 839 4563 ατη.
863 4512 924 4563 xx.
