2804 4890
171 627 233 696 252
368 640 421 700 nn
444 642 571 703 sensu
597 645 780 702 arrasam
806 647 855 702 aa
875 646 1060 704 uusrrco

172 818 347 902 Sanquinis
359 818 431 898 mei,
444 827 501 885 etc.
516 820 554 884 fit
567 821 862 884 transubstantiatio
876 821 941 883 vini
956 823 989 884 in
1003 823 1264 903 pretiosissimum

175 912 369 993 Sanguinem
384 912 513 974 Christi.
551 912 618 974 lsta
634 914 723 974 verba
737 933 800 973 non
814 933 851 974 ca
866 933 890 975 s.
907 913 1072 993 Scriptura
1087 912 1262 992 desumpta,

173 1005 228 1071 sed
246 1007 284 1070 ab
303 1007 370 1089 ipso
389 1006 540 1088 Apostolo
565 1007 615 1087 (S.
635 1007 745 1085 Petro)
772 1028 827 1088 pro
849 1007 880 1070 S.
901 1008 1047 1087 Liturgia
1067 1007 1264 1071 instituenda

173 1106 249 1165 sunt
262 1102 388 1164 tradita.
434 1101 632 1164 “Dicendum
646 1107 703 1175 est,
718 1103 823 1162 omnia
838 1102 893 1163 illa
907 1102 998 1164 verba
1018 1102 1129 1182 [etiarn
1142 1102 1264 1166 aeterni

172 1195 363 1270 testamenti,
381 1194 564 1275 mysterium
581 1196 674 1274 fider,
690 1197 763 1258 haec
780 1194 1038 1276 quotiescunqne]
1060 1215 1124 1257 esse
1141 1195 1262 1274 prolata

173 1289 350 1353 aChristo.
406 1288 492 1351 Haec
516 1294 562 1350 est
585 1290 760 1350 communis
783 1289 938 1351 sententia
962 1289 1094 1352 etmihi
1120 1288 1261 1352 certa.''²⁷

174 1383 282 1448 “Licet
303 1384 378 1446 haec
400 1383 490 1446 verba
512 1403 574 1444 non
597 1388 736 1462 spectent
757 1381 795 1442 ad
817 1382 983 1443 essentiam
1007 1382 1136 1458 formae,
1158 1387 1263 1446 tamen

173 1477 334 1557 pertinent
350 1477 388 1538 ad
405 1478 474 1555 ejus
492 1475 737 1555 integritatem.”
751 1476 776 1509 ²⁸

217 1573 244 1632 7.
268 1570 410 1631 Elevatio
424 1570 543 1632 hostiae
557 1576 587 1631 ct
601 1568 706 1630 calicis
720 1569 797 1630 olim
811 1570 903 1633 tiebat
919 1571 951 1631 in
967 1571 1028 1632 fine
1043 1570 1180 1632 Canonis
1194 1575 1262 1632 tan-

172 1670 242 1727 tum
257 1663 297 1725 ad
312 1664 404 1725 verba
418 1664 520 1726 onznia
535 1666 635 1726 honor
649 1668 678 1726 et
694 1665 795 1744 pluria
815 1664 915 1742 (nunc
931 1664 1082 1727 “elevatio
1097 1663 1238 1742 minor'')
1254 1683 1263 1738 ;

170 1762 204 1822 at
223 1759 315 1821 initio
334 1759 448 1820 saeculi
468 1759 546 1820 XII.
568 1759 748 1821 introducta
765 1763 813 1821 est
830 1759 961 1822 elevatio
981 1760 1099 1822 hostiae
1124 1761 1259 1839 (major)

160 1849 354 1912 -immediate
387 1854 457 1930 post
489 1848 772 1925 Consecrationem,
805 1871 860 1912 nec
895 1851 996 1913 multo
1029 1855 1099 1931 post
1132 1850 1263 1913 elevatio

172 1943 288 2018 calicis,
308 1944 342 2005 in
361 1943 578 2005 testimonium
598 1942 669 2004 fidei
691 1943 870 2016 catholicae,
890 1943 1049 2006 occasione
1069 1943 1184 2004 heresis
1205 1944 1261 2004 Be·

172 2036 319 2116 rcngarii.
363 2036 495 2116 Mystice
516 2036 699 2115 pracsertim
720 2037 878 2116 significat
898 2036 1119 2100 exaltationem
1143 2036 1261 2098 Christi

172 2131 208 2194 in
222 2130 320 2194 Cruce
334 2132 463 2211 ejusque
476 2131 639 2210 sanguinis
653 2130 845 2192 effusionem.
896 2131 1006 2209 (loan.
1022 2134 1071 2207 12,
1086 2131 1153 2209 32.)

215 2318 284 2382 148.
307 2318 414 2380 Prima
426 2317 532 2380 Oratio
546 2323 615 2396 post
628 2317 899 2379 Consecrationem
913 2324 975 2381 tres
988 2323 1092 2400 partes
1104 2318 1262 2383 continet:

220 2413 270 2493 (α)
302 2415 391 2477 Unde
411 2420 440 2477 ct
462 2433 629 2485 tatemerem·

221 2508 272 2587 (b)
301 2509 405 2590 Supra
423 2528 518 2589 quam·

221 2602 270 2681 (c)
298 2602 472 2682 Supplices

215 2696 333 2757 “Facta
355 2695 432 2756 reali
452 2700 484 2757 et
504 2696 706 2758 substantiali
727 2694 883 2759 oblatione
905 2695 1049 2758 victimae
1071 2717 1126 2777 per
1150 2695 1261 2760 Conse-

172 2788 355 2862 crationem,
377 2787 508 2850 eandem
535 2788 716 2868 [Sacerdos]
744 2789 909 2852 confirmat
932 2791 1107 2870 et‘perhcit
1129 2792 1261 2870 repetita

173 2880 329 2944 oblatione
356 2880 482 2953 cerboli,
510 2901 621 2959 nempe
650 2881 808 2951 Oratione,
837 2902 913 2960 quac
942 2883 1071 2962 incipit:
1113 2885 1202 2947 Unde
1232 2888 1261 2945 ct

173 2997 324 3038 memores
354 3023 360 3035 .
396 3023 403 3036 .
438 3023 444 3035 .
472 2979 504 3036 ct
525 2975 595 3036 aliis
618 2975 885 3054 subsequentibus,
909 2976 1026 3038 additis
1049 2979 1145 3039 etiam
1167 2978 1262 3039 sacris

174 3069 288 3131 ritibus
315 3069 348 3129 in
375 3068 508 3130 eundern
536 3067 707 3141 fiuem;”²⁹
735 3089 759 3130 e.
786 3089 815 3148 g.
845 3071 934 3149 signo
961 3069 1081 3145 CrueiS,
1109 3071 1262 3134 fractione

173 3163 301 3225 hostiae.

216 3259 244 3319 2.
267 3256 400 3318 Ultimis
422 3256 671 3319 Consecrationis
694 3258 793 3318 verbis
815 3278 867 3318 seu
890 3259 1037 3321 mandato
1059 3259 1205 3320 Domini:
1228 3261 1259 3321 in

175 3351 236 3414 mei
254 3351 434 3413 memoriam
452 3351 586 3432 facietis,
604 3351 749 3412 obediens
769 3351 906 3412 Ecclesia
931 3352 1130 3430 (Celebrans)
1154 3354 1261 3414 statim

173 3444 388 3526 prosequitur:
403 3445 537 3505 “thille'’
551 3449 580 3506 ct
594 3465 753 3506 memores.
799 3445 880 3505 Cum
893 3445 1034 3524 passione
1048 3446 1166 3506 Christi
1181 3468 1262 3508 com-

173 3545 365 3601 memoratur
381 3538 475 3601 etiam
495 3540 679 3599 resurrectio
697 3543 727 3599 et
744 3539 881 3599 ascensio
899 3539 1078 3616 ejusdem.³⁰
1122 3539 1262 3604 “Passio.

173 3634 264 3713 cujus
285 3633 433 3694 memoria
451 3633 633 3694 charitatem
655 3630 849 3705 inssamnrat3
869 3634 1053 3695 resurrectio
1072 3654 1149 3712 quae
1168 3632 1262 3695 fidem

173 3727 348 3794 confortat:
369 3728 516 3799 ascensio,
538 3745 615 3804 quae
635 3745 720 3804 spem
742 3729 880 3786 nostram
901 3725 1135 3789 corroborat.''⁸¹

217 3824 243 3883 3.
268 3820 475 3882 Corrmrendet
492 3817 641 3879 Sacerdos
656 3818 817 3879 uictimam
832 3823 957 3881 aeterno
974 3820 1062 3881 Patri
1078 3824 1109 3883 et
1124 3841 1180 3901 per
1194 3842 1261 3883 eam

173 3914 255 3978 dona
272 3915 366 3994 petit:

222 4009 271 4085 (al
301 4008 507 4069 Commendat
530 4007 771 4085 multiplicando
795 4009 883 4084 signa
908 4009 1026 4082 Crucis,
1050 4030 1112 4071 non
1136 4010 1258 4089 uiridem

174 4106 209 4163 ut
235 4102 377 4164 uictimae
401 4100 571 4165 benedicat.
597 4101 646 4160 scd
673 4105 709 4161 ut
733 4101 888 4175 significet
911 4103 990 4163 hanc
1013 4124 1077 4164 esse
1102 4105 1258 4164 uictimam

175 4193 345 4268 (alsatiae,
366 4214 434 4255 vere
454 4213 586 4272 passam,
606 4193 799 4256 immolatam
822 4195 853 4255 in
876 4194 974 4257 Cruce
995 4215 1051 4275 pro
1070 4198 1205 4271 homine,
1227 4208 1258 4257 ul

210 4343 235 4376 ²¹
254 4337 364 4397 Suarez,
385 4335 416 4384 ln
439 4335 493 4385 ΙΙΙ.
515 4336 583 4400 disp.
605 4338 646 4399 db,
667 4337 690 4386 3.
783 4341 808 4374 ³⁰
827 4338 968 4388 Rationem
1007 4338 1069 4389 vide
1107 4354 1190 4404 supra
1228 4343 1262 4391 ad

211 4420 235 4453 aa
255 4413 332 4464 corn,
354 4430 370 4464 a
391 4414 458 4477 Lep,
747 4414 857 4474 Suscipc
878 4414 905 4462 S.
928 4413 1056 4475 Trinitas,
1077 4431 1102 4464 n.
1126 4419 1182 4477 ill,
1204 4420 1224 4465 ‘31

210 4498 236 4530 ao
255 4492 359 4555 Quarti,
782 4498 803 4528 ³¹
826 4491 904 4541 Dion.
929 4491 1020 4543 t'artb.
