2804 4890
341 642 395 697 DE
419 642 591 700 OFFIOIIS
615 644 750 698 EXTRA
774 642 1008 709 moneamur,
1033 641 1119 697 ETC.
1205 631 1267 694 403

174 798 315 881 obligati,
347 803 399 882 qui
432 802 506 865 alibi
537 805 734 868 domicilium
765 804 878 885 figunt,
907 809 962 866 aut
992 810 1129 885 pergunt
1160 800 1266 863 animo

176 893 291 974 ligendi
315 894 511 961 domicilium
541 899 730 977 (autetiam
753 900 844 978 juxta
867 896 1028 978 quosdam,
1052 896 1096 957 ibi
1119 893 1264 956 manendi

173 987 289 1066 majori
303 991 380 1051 anni
395 989 517 1070 parte),
532 994 680 1054 tenentur
696 991 783 1071 sequi
800 988 1028 1053 Kalendarium
1046 987 1212 1064 Dioecesis,
1227 987 1265 1050 ad

174 1099 267 1159 quam
289 1081 461 1158 divertunt,
482 1104 553 1145 cum
575 1085 643 1163 ejus
662 1083 780 1144 subditi
802 1084 903 1144 fiant³

216 1177 245 1235 4.
271 1172 306 1235 Si
328 1195 399 1238 vero
422 1180 509 1238 extra
534 1175 707 1238 Dioecesim
731 1180 893 1238 versentur
915 1175 1021 1238 animo
1044 1174 1083 1237 ad
1107 1172 1268 1256 propriam

177 1263 349 1329 Dioecesim
374 1267 536 1344 redeundi,
560 1274 692 1350 possunt
714 1268 906 1331 conformari
930 1267 1028 1332 officio
1052 1267 1123 1343 loci,
1148 1267 1182 1327 in
1207 1285 1268 1346 quo

176 1364 349 1434 morantur,
372 1360 425 1422 sed
448 1381 511 1424 nou
534 1363 706 1423 tenentur.⁴
749 1360 864 1424 Melius
888 1366 993 1424 autem
1016 1379 1109 1422 suum
1132 1357 1268 1421 officium

176 1452 313 1516 retinent
330 1450 463 1516 Parochi
479 1455 524 1516 vel
545 1453 759 1535 l'iceparochi,
775 1453 830 1533 qui
848 1453 1003 1516 Ecclesiae
1019 1472 1093 1516 suae
1109 1453 1250 1531 ligantur
1259 1470 1268 1526 ς

176 1544 223 1605 vel
242 1544 276 1619 ii,
295 1545 347 1624 qui
367 1545 405 1608 de
424 1546 490 1610 loco
508 1546 546 1607 ad
566 1549 669 1609 locum
687 1546 947 1627 peregrinantum
966 1546 1013 1610 vel
1032 1545 1086 1627 qui
1106 1565 1161 1627 per
1177 1543 1268 1606 breve

177 1641 299 1714 tempus
315 1637 391 1698 alibi
406 1640 579 1699 morantur.

217 1727 354 1791 Mutatio
377 1729 413 1791 fit
435 1731 474 1791 ad
500 1731 669 1812 Vesperas3
692 1730 826 1794 officium
849 1731 934 1795 enim
957 1732 1049 1812 juxta
1070 1728 1268 1793 Matutinum

176 1822 342 1883 recitatum
362 1823 612 1885 continuandum
634 1830 680 1886 est
702 1843 798 1904 usque
819 1824 860 1886 ad
882 1824 1059 1904 Vesperas.⁸

218 1918 246 1976 5.
270 1913 452 1977 Sacerdotes
479 1915 649 1978 saeculares
675 1917 742 1980 sine
769 1915 894 1980 indulto
922 1935 1021 1996 neque
1050 1915 1268 1995 religiosorum

175 2006 309 2068 officium
334 2026 489 2069 assumere
514 2028 613 2087 neque
638 2008 741 2071 Horas
765 2009 857 2088 juxta
881 2029 988 2072 eorum
1014 2010 1113 2071 ritum
1137 2009 1269 2071 recitare

176 2099 289 2171 valent,
306 2099 379 2161 licet
396 2100 479 2180 apud
499 2101 580 2180 ipsos
598 2102 754 2162 incorum
773 2101 973 2164 Monasteriis
990 2101 1131 2182 degant⁸
1170 2099 1268 2163 Oleri-

175 2211 229 2253 cus
245 2193 277 2253 in
293 2191 465 2253 Ordinibus
483 2192 586 2253 Sacris
601 2194 801 2268 constitutus,
814 2193 868 2273 qui
881 2198 991 2273 sponte
1006 2194 1053 2255 vel
1070 2193 1222 2254 inritatus
1236 2210 1269 2254 se

176 2284 325 2362 adjungit
349 2283 450 2353 Claro,
477 2284 620 2345 Officium
646 2285 684 2346 ab
711 2284 819 2347 Officio
845 2285 943 2364 ipsius
969 2284 1083 2347 Clerici
1110 2284 1268 2346 diversum

177 2377 332 2450 recitanti,
353 2375 541 2456 generaliter
561 2396 622 2439 non
645 2374 801 2439 satisfacit
823 2395 895 2438 suae
916 2376 1125 2456 obligationi.7
1168 2376 1269 2438 Juxta

176 2469 402 2530 concessionem
424 2468 473 2529 Pii
495 2467 553 2528 IX.
573 2467 693 2542 Clarus,
710 2470 763 2548 qui
779 2469 929 2531 exercitia
947 2467 1127 2548 spiritualia
1147 2468 1268 2549 peragit

174 2560 231 2621 sub
249 2560 420 2622 directione
439 2559 643 2623 Sacerdotum
664 2559 830 2623 Societatis
847 2560 936 2636 Jesu,
954 2559 1061 2623 officiis
1082 2559 1268 2625 Kalendarii

176 2650 286 2713 domus
309 2652 410 2716 dictae
434 2650 599 2715 Societatis
620 2653 670 2714 uti
692 2653 817 2733 potest.⁸

220 2748 247 2806 6.
272 2743 435 2823 Regularis
457 2765 493 2808 en
516 2745 635 2810 Ordine
659 2746 690 2807 in
714 2764 775 2827 quo
796 2745 941 2808 (livinum
962 2745 1098 2808 officium
1120 2745 1153 2807 in
1176 2745 1270 2809 choro

176 2837 337 2902 recitatur.
355 2837 410 2898 “in
430 2837 542 2900 itinere
559 2839 646 2917 sequi
664 2837 753 2900 debet
772 2836 871 2900 divini
891 2839 983 2902 officii
1001 2838 1143 2901 ordinem
1161 2858 1269 2902 coeno-

177 2929 231 2999 bii,
263 2948 300 2991 ex
332 2949 392 3008 quo
422 2928 581 2991 discessit:
611 2928 687 2992 dum
720 2931 872 3009 pervenit,
904 2936 934 2993 et
967 2936 1074 2995 manet
1106 2932 1138 2994 in
1171 2931 1269 2995 altero

176 3019 332 3095 coenobia,
358 3021 415 3082 etsi
441 3021 479 3083 ad
506 3026 639 3100 tempus,
665 3022 762 3100 hujus
789 3023 932 3086 ordinem
958 3023 1050 3086 officii
1077 3022 1270 3104 sequatur.''⁹

179 3113 357 3192 Regulares
375 3114 428 3193 qui
448 3112 690 3194 praedicationis
707 3114 754 3177 vel
771 3136 807 3176 ex
826 3116 888 3177 alia
905 3114 1086 3178 rationabili
1105 3137 1198 3179 causa
1215 3136 1271 3197 per

176 3204 295 3283 aliquot
326 3204 392 3267 dies
421 3226 438 3266 a
468 3225 524 3268 suo
555 3205 717 3268 Conventu
747 3207 872 3276 absunt,
901 3209 986 3287 sequi
1018 3207 1130 3272 debent
1162 3207 1270 3270 Officia

177 3296 363 3359 Kalendarii
393 3295 552 3371 coenobii,
580 3298 664 3378 apud
692 3300 774 3378 quod
804 3300 1016 3379 hospitantur,
1045 3301 1071 3362 si
1102 3303 1136 3363 in
1168 3301 1271 3366 Ohoro

177 3387 373 3449 Bresiarium
394 3389 543 3463 recitent;
563 3388 589 3451 si
610 3410 681 3452 vero
700 3391 860 3471 privatim,
879 3412 1001 3456 servare
1019 3392 1134 3456 debent
1154 3392 1269 3457 Kalen·

177 3479 302 3541 darium
324 3480 483 3556 Coenobii,
505 3502 523 3543 a
545 3501 606 3562 quo
627 3483 874 3547 discesserunt¹⁰

220 3575 247 3633 7.
271 3571 385 3635 Clerici
404 3574 574 3636 saeculares
592 3574 657 3636 Ill.
676 3574 805 3638 Ordinis
823 3577 854 3637 S.
875 3576 1044 3652 Francisci,
1062 3578 1125 3640 nisi
1142 3579 1182 3640 ad
1200 3580 1270 3641 cho-

179 3685 248 3726 rum
264 3664 296 3726 in
313 3664 417 3745 aliqua
432 3666 571 3729 Ecclesia
584 3668 650 3728 sint
664 3666 805 3747 obligati,
820 3669 868 3729 uti
885 3674 1016 3748 possunt
1031 3669 1225 3736 Kalendario
1241 3675 1272 3736 et

178 3757 338 3820 Breviorio
363 3757 492 3819 Ordinis
517 3757 678 3821 Minorum
704 3760 735 3821 S.
762 3760 930 3822 Francisci.

213 3910 267 3960 an.
293 3912 367 3962 1145.
784 3912 901 3967 11191.
919 3914 985 3968 san.
1007 3916 1083 3982 raas,
1102 3933 1129 3969 n.
1149 3919 1226 3970 4011.
1247 3919 1271 3970 a.

214 3985 267 4035 ro.
287 3988 363 4037 rosa.
380 3987 422 4039 aa.
786 3991 841 4041 ⁸1).
858 3992 891 4043 21
908 3991 975 4045 usi.
993 3994 1069 4058 1991,
1084 4009 1111 4046 n.
1127 3995 1204 4045 aass.

213 4061 268 4112 11).
291 4063 365 4112 raas.
386 4061 412 4114 a.
787 4067 841 4117 ou.
863 4069 939 4120 asor.
961 4071 990 4132 1;
1012 4070 1183 4122 9134399.

212 4135 268 4188 eu.
299 4136 376 4190 291⁷.
787 4142 991 4196 91191111.
1008 4144 1124 4212 199111.
1138 4146 1215 4198 sera.
1231 4147 1271 4199 13.
