2804 4890
329 728 383 785 nn
406 728 680 786 counourous
702 728 833 800 usouu
855 691 910 786 un
933 729 1071 787 amun.
1205 719 1245 784 43

154 905 233 968 satio
255 904 384 984 propria
406 902 566 982 temporis,
588 902 732 965 videlieet
754 903 1050 983 Quadragesimalis,
1074 904 1243 982 Passionis,

154 997 201 1060 vel
225 996 396 1060 Paschalis.

201 1091 250 1170 (e)
281 1089 316 1151 Si
337 1110 400 1153 non
421 1089 573 1152 habeatur
594 1090 755 1153 Praefatio
776 1091 904 1172 propria
926 1091 1050 1168 Missae,
1072 1112 1129 1155 neo
1150 1092 1242 1155 officii

153 1184 356 1259 occurrentis,
369 1204 426 1248 nec
439 1189 572 1260 octavae,
585 1204 641 1246 nee
655 1186 814 1264 temporis,
829 1185 947 1248 dieitur
960 1187 1145 1252 eommunis.

193 1282 223 1339 4.
248 1278 525 1341 Communicontes
549 1279 596 1340 vel
619 1278 713 1342 Hono
736 1279 837 1361 ipitur
858 1280 1022 1359 proprium
1047 1279 1166 1343 dieitur
1187 1299 1242 1361 per

154 1392 232 1452 resp.
258 1376 382 1434 octavas
407 1372 441 1433 in
466 1371 610 1434 omnibus
636 1371 742 1435 Missis
766 1392 830 1434 non
855 1373 892 1436 de
917 1373 1046 1455 Repete,
1070 1374 1129 1436 etsi
1154 1374 1243 1436 nulla

153 1465 208 1529 fiat
224 1464 480 1529 commemoratio
497 1468 621 1528 octavae
638 1485 694 1530 neo
713 1465 874 1529 Praefatio
891 1470 1015 1529 octavae
1032 1466 1166 1532 dicatur.

334 1848 385 1899 DE
412 1849 668 1902 COMMUNIONE
696 1850 819 1916 USQUE
847 1850 898 1901 AD
925 1850 1059 1904 FINEM.

194 1981 243 2045 26.
269 1983 494 2047 Communiom‘
523 1991 662 2066 tempore
690 1984 828 2067 paschali
858 1985 988 2047 additur
1016 1986 1157 2067 Alleluia
1186 1985 1241 2047 ubi

152 2095 215 2141 non
232 2078 375 2140 habetur.

194 2173 222 2234 2.
245 2171 559 2235 Postcommaniones
577 2172 818 2253 correspondent
838 2172 1042 2236 Orationibus
1059 2177 1133 2236 ante
1151 2172 1241 2254 Epis·

153 2265 249 2328 tolam
271 2285 412 2342 numero,
433 2265 543 2328 ordine
563 2271 621 2328 ete.

194 2363 223 2420 3.
247 2360 297 2422 Ite
320 2359 420 2423 Misso
445 2365 490 2422 est
514 2359 641 2435 dieitur,
664 2359 788 2439 quando
812 2359 1003 2423 dictumest
1028 2360 1145 2433 Gloria,
1168 2364 1200 2423 et
1223 2379 1242 2420 a

155 2453 290 2516 Sabbato
312 2458 419 2517 saneto
440 2473 537 2534 usque
558 2453 598 2515 ad
622 2453 792 2515 Sabbatum
815 2455 848 2514 in
870 2453 960 2515 Albis
983 2453 1056 2516 incl.
1079 2454 1114 2515 in
1136 2453 1241 2514 Missis

153 2547 276 2609 festivis
298 2547 378 2625 (non
396 2567 468 2610 vero
486 2547 520 2607 in
537 2547 650 2609 votivis
666 2546 872 2626 solemnibus)
896 2547 1059 2610 adduntur
1076 2547 1139 2610 duo
1157 2549 1242 2610 Alie-

153 2641 229 2720 laja.
268 2639 350 2702 Cum
367 2660 430 2704 non
449 2640 569 2703 dieitur
587 2640 704 2713 Gloria,
723 2640 842 2703 dieitur
858 2641 1086 2704 Benedicamus
1105 2641 1241 2704 Domino

158 2734 271 2812 (etiam
290 2755 309 2796 a
330 2733 523 2810 Celebrante,
543 2735 685 2815 quamvis
704 2738 849 2796 cantetur
869 2755 887 2796 a
908 2733 1079 2813 Diacono).

192 2833 222 2888 4.
250 2827 370 2891 Ultimo
384 2828 555 2910 Evanqelio
572 2827 603 2888 S.
620 2827 754 2889 Joannis
769 2828 974 2890 substituitur
987 2829 1019 2889 in
1035 2828 1125 2890 festis
1140 2828 1241 2889 Evau-

151 2921 271 3001 gelium
295 2922 461 3001 proprium
485 2920 668 2984 Dominicae
694 2922 741 2984 vel
767 2921 864 2985 feriae
888 2923 1018 3000 majoris
1044 2922 1091 2984 vei
1116 2921 1241 3001 vigiliae

153 3015 354 3090 occurrentis,
374 3015 411 3077 de
431 3035 492 3095 qua
509 3016 764 3078 commemoratio
783 3017 867 3078 facta
886 3019 941 3078 est.

193 3108 363 3188 Excipitur
395 3109 446 3188 (a)
481 3107 647 3174 Dominica
676 3113 787 3188 quarta
816 3108 990 3184 Adventus,
1018 3109 1110 3187 cujus
1139 3108 1240 3170 Evan-

153 3203 269 3282 geiium
296 3222 358 3263 non
386 3203 503 3282 legitur
529 3203 562 3263 in
590 3202 652 3263 fine
679 3202 804 3277 Missae,
830 3202 954 3281 quando
983 3203 1016 3263 in
1042 3223 1078 3263 ea
1104 3203 1241 3264 occurrit

154 3296 260 3376 vigilia
289 3296 476 3358 Natiuitatis
504 3295 651 3370 Domini3

198 3391 251 3469 (b)
279 3390 388 3451 Tertia
420 3389 517 3451 Missa
549 3389 734 3451 Nativitatis
766 3388 894 3450 Domini
926 3393 958 3450 et
990 3389 1086 3450 Missa
1117 3389 1239 3468 privata

156 3481 335 3544 Dominis-ae
351 3483 530 3544 Palmarum
543 3486 561 3555 ;¹

196 3579 245 3658 (c)
272 3577 406 3657 Legitur
429 3575 636 3657 Evangelium
661 3576 693 3639 S.
718 3576 863 3653 Joannis,
887 3575 1011 3656 quando
1035 3572 1242 3655 Evangelium

157 3669 246 3731 feriae
262 3669 345 3730 idem
360 3673 407 3730 est
422 3689 457 3730 ao
473 3667 681 3746 Evangelium
699 3668 789 3742 festi;
808 3669 881 3730 item
899 3670 930 3728 in
949 3669 1030 3728 binis
1048 3668 1153 3728 Missis
1168 3685 1240 3728 oon·

157 3762 347 3827 ventualibus
364 3762 498 3825 detesto
514 3768 546 3824 et
561 3762 599 3824 de
617 3763 696 3823 feria
712 3761 757 3823 vel
777 3762 892 3841 vigilia.

430 3945 526 3997 1Vide
544 3945 628 3997 Rubr.
648 3945 725 3996 Miss.
743 3945 771 3995 in
791 3944 807 3995 L
825 3957 918 4011 propr.
