2804 4890
150 668 212 732 554
247 677 333 734 ΑΡΡ.
357 678 399 734 11.
439 676 493 733 DE
510 676 706 735 VESTIBUS
728 675 867 734 SACRIS
891 674 1156 734 sscannorls.

150 849 183 909 et
208 846 294 908 intra
320 845 452 908 Missam
476 845 572 910 etiam
596 845 711 909 Clerici
737 844 874 910 minores
901 842 1119 908 induebantur
1144 863 1258 926 super-

152 937 289 1017 pelliceo

193 1033 221 1092 3.
245 1030 380 1093 Materia
396 1051 453 1112 pro
470 1030 551 1093 Alba
568 1031 761 1112 praescripta
777 1034 824 1094 est
840 1031 969 1108 linum¹,
985 1030 1024 1093 ab
1040 1031 1101 1094 hae
1119 1030 1258 1110 antiqua

150 1123 386 1200 consuetudine,
413 1124 445 1186 S.
469 1124 603 1186 Rituum
629 1123 838 1205 congregatio
862 1122 1043 1200 declaravit,
1067 1142 1136 1185 non
1162 1141 1258 1203 posse

151 1215 254 1279 recedi
287 1235 342 1278 sen
373 1235 438 1278 non
470 1215 563 1280 licere
596 1216 693 1279 aliam
726 1215 902 1292 materiam,
936 1216 995 1278 etsi
1028 1215 1257 1296 pretiosiorem

156 1309 201 1389 (v.
222 1327 252 1388 g.
273 1309 424 1389 sericum)
451 1308 498 1373 vel
520 1308 585 1371 lino
607 1309 708 1389 quoad
730 1309 897 1373 candorem
916 1307 1078 1389 aequalem
1100 1307 1257 1371 adhibere

152 1404 185 1462 ln
211 1400 413 1464 conficiendis
441 1400 540 1464 Albis.
592 1401 783 1464 Praesertim
811 1407 843 1464 et
870 1402 1033 1481 speciatim
1061 1400 1257 1482 prohibetur

149 1495 355 1575 gossypium.²
398 1494 506 1556 Etiam
526 1494 708 1574 reprobatus
728 1494 793 1558 fuit
810 1513 886 1556 usus
906 1494 985 1557 telae
1004 1494 1125 1556 mixtae
1146 1514 1165 1556 e
1187 1493 1257 1560 lino

150 1592 181 1649 et
200 1588 344 1667 gossypio
365 1589 424 1650 etsi
443 1586 657 1650 subtilissimo.
691 1586 874 1650 Cavendum
894 1591 950 1663 est,
970 1593 1078 1650 monet
1102 1586 1178 1649 Van
1199 1588 1257 1649 der

152 1679 303 1759 Stappen,
325 1700 344 1741 a
364 1678 567 1757 novitatibus,
587 1698 665 1760 quae
687 1681 803 1742 nostris
826 1679 936 1743 diebus
956 1679 1052 1742 nimis
1074 1679 1255 1760 pullulant.

192 1775 221 1832 4.
245 1771 491 1833 Decurrentibus
514 1772 646 1834 saeculis
670 1773 785 1834 diversi
809 1776 940 1836 ornatus
962 1772 1061 1836 Albae
1085 1775 1258 1854 appositae

150 1863 291 1926 inerunt.
344 1863 412 1938 Quo
441 1867 578 1945 praecise
608 1869 748 1946 tempore
776 1866 872 1946 primi
901 1868 1031 1928 conatus
1061 1865 1257 1945 hujusmodi

150 1955 229 2018 iacti
243 1957 318 2033 sint,
332 1963 476 2021 accurate
490 1957 693 2020 determinari
708 1978 772 2020 non
787 1961 898 2039 potest.
934 1957 996 2021 Sed
1010 1957 1061 2020 hic
1073 1977 1154 2020 usus
1168 1959 1259 2022 eirea

149 2051 308 2112 saeculum
322 2049 383 2112 XI.
399 2049 447 2113 vel
462 2050 542 2114 XII.
558 2050 727 2113 invaluisse
742 2050 875 2114 videtur.

193 2144 222 2204 5.
242 2141 438 2221 Principales
459 2147 589 2206 ornatus
611 2148 702 2207 erant
724 2143 852 2205 fasciae³
876 2145 909 2205 in
929 2143 1077 2206 extremis
1107 2143 1162 2223 (in
1187 2164 1257 2208 ma·

150 2234 231 2297 nicia
254 2240 286 2297 et
310 2235 344 2296 in
370 2234 515 2297 inferiori
540 2237 645 2316 parte)
676 2257 692 2298 e
717 2235 814 2297 serico
839 2235 975 2298 colorato
1000 2236 1047 2300 vel
1071 2256 1152 2299 auro
1180 2259 1255 2302 eon·

150 2326 260 2391 fectae.
304 2327 505 2390 Vocabantur
528 2347 670 2408 parurae,
693 2326 849 2408 plagulae,
869 2332 1055 2408 grammata,
1077 2336 1256 2410 gemmata,

150 2419 301 2495 fimbriae,
321 2419 430 2499 plicae,
448 2419 635 2481 aurifrisiis*

193 2515 221 2574 6.
246 2512 376 2575 Saeculo
393 2511 484 2574 XVI.
504 2533 602 2575 novus
621 2517 750 2576 ornatus
768 2513 933 2593 paullatim
952 2512 1154 2576 introductus
1175 2514 1254 2589 fuit,

149 2624 262 2685 nempe
282 2606 359 2667 texti
381 2604 577 2667 denticulati.
620 2605 692 2666 Non
715 2605 886 2669 defuerunt
906 2607 1073 2686 scriptores
1092 2607 1253 2688 liturgici,

150 2698 204 2777 qui
229 2698 324 2759 talem
349 2704 497 2759 ornatum
521 2697 606 2759 velut
630 2696 825 2759 indecentem
851 2702 881 2760 et
906 2699 1002 2760 saeris
1027 2698 1253 2762 functionibus

152 2791 359 2869 incongruum
389 2810 453 2852 esse
481 2788 723 2864 clamitaverint,
752 2789 805 2852 sed
833 2792 1001 2865 immerito,
1031 2791 1079 2852 uti
1110 2789 1250 2855 videtur.

149 2881 278 2945 Abusus
306 2902 379 2946 sane
407 2883 465 2943 hac
493 2882 526 2942 in
555 2901 588 2943 re
616 2901 776 2946 occurrere
803 2888 935 2963 possunt
962 2888 994 2945 et
1022 2883 1073 2947 hie
1100 2884 1149 2949 vel
1181 2885 1252 2948 illie

149 2979 327 3036 occurrunt.
375 2975 494 3035 Veruin
519 2974 570 3035 hic
593 2978 722 3035 ornatus
748 2995 810 3036 nen
835 2981 881 3038 est
907 2975 1048 3052 illicitus,
1073 2976 1251 3041 dummodo

149 3087 295 3129 mensura
321 3072 353 3129 et
379 3066 520 3128 decentia
546 3065 756 3129 observentur.
806 3069 980 3129 (laventus⁶
1007 3070 1134 3132 scribit:
1185 3071 1249 3133 “In

150 3179 272 3222 summa
299 3165 380 3221 veste
407 3164 438 3220 et
464 3159 496 3219 in
521 3160 669 3222 extremis
696 3159 837 3236 manicis,
864 3161 983 3240 aliquid
1010 3161 1178 3226 dumtaxat
1206 3165 1249 3227 sit

149 3274 205 3315 aen
224 3251 401 3332 paululum.
421 3273 456 3312 ne
474 3250 613 3313 tenuiter
631 3250 842 3320 elaboratum:
862 3253 979 3315 nimius
999 3255 1083 3317 enirn
1103 3254 1194 3319 labor
1214 3257 1248 3319 in

149 3346 198 3406 bis
227 3343 351 3423 (Albis)
380 3342 530 3406 ornandis
553 3345 725 3405 vanitatem
747 3346 829 3424 sapit
852 3350 883 3407 et
905 3344 1096 3407 levitaten1.”
1140 3346 1249 3410 Hodie

149 3439 250 3499 ailliue
266 3440 365 3512 aragia
383 3457 474 3515 quarm
493 3443 568 3497 tune
591 3437 729 3512 (sannio
749 3437 856 3512 XVI.)
881 3437 941 3499 tale
958 3439 1115 3500 monitum
1134 3447 1248 3521 aptum

149 3550 213 3593 esse
236 3529 378 3603 videtur;
400 3549 474 3590 nam
502 3529 548 3607 (et
574 3529 605 3588 in
629 3528 686 3589 hoe
707 3528 839 3591 liabetur
862 3529 991 3608 abusus)
1021 3551 1084 3592 non
1109 3533 1249 3612 amplius

149 3645 166 3685 e
189 3622 324 3702 pretiosa
348 3621 478 3682 materia
502 3626 631 3683 ornatus
655 3620 753 3683 Albae
776 3620 929 3695 consistit,
952 3623 1004 3685 sed
1028 3645 1044 3685 e
1067 3623 1122 3685 vili
1144 3628 1248 3687 omni-

150 3714 240 3778 mode
262 3717 394 3776 textura.
439 3712 642 3774 “lleehaniea
666 3712 832 3789 industria,
856 3715 959 3794 inquit
981 3715 1053 3778 Van
1075 3714 1132 3781 der
1152 3716 1248 3799 Stap-

149 3807 234 3889 pen,⁸
262 3805 433 3887 producere
460 3804 579 3884 incepit
604 3807 690 3869 texta
718 3804 921 3881 denticulata,
950 3827 1082 3887 qnorum
1111 3812 1249 3875 materia

182 3974 326 4025 ¹Gennine
347 3974 428 4024 linea.
719 3975 851 4027 hunderts
869 3991 920 4025 von
941 3977 1021 4028 ihnen
1040 3993 1072 4028 zu
1091 3982 1247 4043 emblem

183 4050 311 4101 ²Cotton.
720 4065 771 4100 von
798 4052 845 4102 der
869 4051 980 4116 Praeht,
1006 4054 1065 4105 dem
1090 4055 1246 4121 Reiebturn,

183 4126 319 4193 ⁸Stripes.
719 4127 767 4176 der
793 4126 982 4190 Kostbarlreit‚
1009 4130 1060 4180 den
1090 4130 1245 4186 herrliohen

184 4204 266 4254 *Von
292 4205 342 4254 (len
366 4202 601 4265 mittelalterligen
625 4202 668 4252 Li·
720 4201 886 4254 Stielrereien
903 4219 932 4253 so
949 4206 1075 4256 maneher
1092 4207 1246 4262 derselben.

148 4280 289 4345 turgikern
314 4280 449 4329 orwaebnt
476 4284 564 4329 zuerat
589 4278 668 4328 Inno·
724 4278 840 4342 (Braun,
858 4279 1013 4331 Handbuelr
1031 4282 1078 4332 der
1096 4282 1247 4338 Paramen·

151 4370 215 4408 aena
232 4355 288 4405 111.
307 4356 350 4405 die
369 4356 583 4419 Albenparnren.
603 4355 672 4416 l'iel,
723 4355 771 4413 1111,
789 4371 851 4419 pag.
870 4356 927 4415 96.)

151 4433 212 4481 wer
235 4432 286 4480 viel
312 4432 405 4479 wisaen
432 4446 482 4479 uns
507 4432 549 4480 die
574 4431 669 4480 Inven·
756 4432 933 4482 ⁵'l'beaanrns
955 4432 1098 4484 Sacrorum
1120 4434 1247 4491 Rituurn.

153 4512 215 4562 tare
235 4506 283 4559 aas
307 4505 428 4570 1³.,1s.,
452 4505 506 4554 una
531 4506 570 4556 15.
593 4505 672 4556 Jahr·
759 4504 838 4557 ⁶111.
861 4506 891 4571 Q.
913 4508 971 4557 110.
