2804 4890
185 645 246 707 208
294 656 511 712 LITURGIAE
535 659 688 714 SACRAE'
709 660 925 718 EXPOSITIO
946 662 1177 723 HlS'l'ORIOA.

551 1364 741 1443 CAPUT
770 1369 902 1446 XIII.

253 1594 488 1651 LITURGIAE
513 1596 675 1652 SACRAE
700 1598 932 1655 EXPOSITIO
958 1598 1202 1657 HISTORICA.

642 1806 756 1876 ART.
783 1807 812 1877 I.

420 2000 786 2051 ANIMADVERslouus
801 2001 1033 2055 GENERALES.

216 2177 285 2242 115.
329 2180 475 2259 Liturgia
496 2181 601 2256 (λιῐτον
611 2178 698 2254 ἔργον,
717 2179 879 2258 publicum
890 2199 968 2260 opus
979 2201 1033 2244 seu
1044 2183 1275 2262 ministerium)

182 2277 292 2339 stricto
318 2279 350 2338 et
376 2278 523 2336 consueto
550 2294 641 2335 sensu
669 2273 827 2353 significat
854 2275 1042 2337 sacrificium
1070 2277 1273 2339 incruentum

183 2390 278 2431 novae
304 2371 415 2449 Legis3
441 2369 515 2430 dein
541 2367 683 2430 ordinem
710 2368 745 2430 in
769 2368 976 2434 celebratione
1002 2370 1099 2450 hujus
1125 2371 1271 2433 sacrificii

185 2464 299 2526 Missae
315 2464 552 2525 observandum.
598 2460 694 2524 llebr.
712 2463 741 2535 8,
759 2464 788 2537 2,
806 2461 951 2525 Christus
969 2463 1119 2528 Pontifex
1135 2466 1272 2545 appella·

182 2564 235 2620 tur
248 2564 428 2620 sanctoruni
444 2555 597 2623 minister,
614 2557 670 2614 τῶν
684 2553 768 2633 ἁγίων
780 2555 951 2632 λειτουργός,

226 2656 254 2714 2.
298 2653 368 2714 lloc
398 2653 585 2716 sacrificium
616 2655 761 2718 Christus
791 2656 933 2719 instituit
962 2656 996 2716 in
1024 2653 1138 2717 ultima
1168 2651 1272 2714 Coena

182 2747 329 2825 paschali.
373 2747 432 2808 Ille
455 2750 529 2827 ipsc,
550 2750 602 2827 qui
625 2756 707 2809 “non
731 2752 816 2812 venit
838 2751 953 2812 solvere
976 2749 1075 2827 legem
1095 2747 1150 2809 scd
1171 2746 1271 2808 adim·

181 2839 310 2919 plere‚'’l
337 2841 430 2902 istam
459 2842 595 2905 Coenam
620 2843 797 2922 paschalem
823 2864 895 2905 cum
919 2841 1085 2906 duodecim
1110 2840 1272 2921 Apostolis

181 2941 264 2995 certo
280 2935 449 2997 secundum
467 2937 563 2997 ritum
581 2939 710 3016 leqalern
727 2938 871 3009 eorndlit,
887 2958 957 2999 cum
974 2937 1113 3017 psalmis,
1130 2934 1271 2996 lectioni·

182 3028 249 3101 bus,
283 3028 552 3091 benedictionibus
586 3032 849 3111 caeremoniisque
883 3051 901 3092 a
935 3030 1001 3110 lege
1034 3034 1066 3091 et
1098 3027 1271 3091 traditione

182 3123 323 3201 legitima
341 3123 551 3202 praescriptis.

224 3221 251 3277 3.
297 3216 440 3296 Apostoli
467 3236 538 3280 vero
565 3219 666 3279 edocti
695 3240 713 3280 a
740 3219 886 3290 Domine,
914 3223 984 3297 post
1011 3216 1269 3280 resurrectionem

180 3313 259 3387 ejus,
280 3316 405 3391 accepto
427 3311 548 3390 Spiritu
572 3312 686 3374 Sancto
709 3312 936 3391 Hierosolymis
956 3311 1057 3373 adhuc
1079 3310 1270 3390 congregati,

182 3405 237 3464 SS.
280 3405 476 3466 Sacrificium
516 3406 687 3467 atterebant
725 3406 897 3467 secuudum
935 3405 1093 3484 exemplar
1131 3402 1213 3484 quod
1254 3423 1272 3465 a

183 3497 335 3576 Magistro
363 3499 398 3559 in
426 3498 541 3560 ultima
570 3498 674 3562 Caena
703 3504 897 3580 acceperant,
925 3498 1119 3560 stabilientes
1148 3501 1269 3560 certum

181 3592 323 3653 ordinem
352 3613 549 3653 eormnunem
578 3613 635 3673 pro
665 3594 869 3657 celebratione
901 3593 958 3656 SS.
991 3591 1161 3654 Sacrificii:
1192 3591 1212 3651 i.
1242 3612 1268 3654 e.

183 3686 362 3749 formabant
395 3687 427 3750 S.
460 3686 649 3767 Liturgiam.
704 3686 754 3749 Ita
786 3688 907 3749 factum
938 3691 995 3762 est,
1025 3690 1063 3748 ut
1092 3689 1202 3750 cuntes
1234 3684 1268 3746 in

181 3780 316 3843 diversas
330 3781 441 3843 mundi
455 3785 558 3862 partes
572 3803 634 3844 non
650 3780 747 3845 solum
764 3781 892 3846 eanrlem
909 3781 1083 3843 doctrinam
1098 3779 1269 3854 traderent,

180 3873 232 3936 sed
248 3875 383 3938 eundem
399 3874 521 3940 cultum
537 3874 694 3952 divinum,
710 3875 841 3942 eandem
856 3874 1037 3957 Liturgiam
1054 3873 1268 3936 instituerent.

222 3974 249 4028 4.
296 3969 382 4031 Haec
408 3968 630 4050 Apostolorum
657 3971 802 4048 liturgia
830 3969 930 4031 tribus
957 3967 1114 4049 prioribus
1138 3966 1269 4029 saeculis

182 4062 212 4122 in
232 4064 377 4124 omnibus
400 4065 462 4125 lore
482 4064 623 4142 partibus
644 4065 808 4125 immutata
831 4064 1008 4126 remanebat
1027 4065 1058 4126 et
1076 4060 1268 4125 uniformem

181 4155 247 4218 fere
280 4155 433 4218 Sacrifieii
468 4157 564 4219 ritum
596 4178 652 4237 per
684 4162 786 4220 totum
817 4157 923 4220 orbem
955 4155 1128 4218 exhibebat.
1184 4152 1269 4230 Quae

184 4250 326 4328 liturgia
355 4252 564 4312 essentialiter
592 4258 770 4312 conservata
799 4258 844 4313 est
874 4252 906 4310 in
936 4250 1005 4311 libr.
1036 4250 1080 4310 ΙΙ.
1110 4253 1142 4311 et
1172 4248 1268 4309 Vlll.

617 4444 625 4477 ¹
648 4438 729 4488 Mon.
749 4439 773 4492 5,
796 4438 835 4487 17.
