2804 4890
160 679 221 741 574
257 689 341 743 ΑΡΡ.
367 690 408 745 ΙΙ.
448 691 501 746 DE
523 685 780 744 PARAMENTIS
802 684 1153 743 PONTIFIOALIBUS.

554 1261 744 1341 CAPUT
777 1262 865 1340 III.

333 1461 391 1518 DE
410 1461 686 1520 PARAMENTIS
706 1462 1075 1520 PONTIFICALIBUS.

616 1667 732 1738 Anu.
763 1668 793 1739 Ι.

600 1849 650 1900 DE
672 1849 803 1902 muas.

198 2019 392 2083 saeuitia
422 2027 550 2084 vocatur
583 2021 637 2085 ille
668 2023 798 2084 ornatus
828 2021 951 2102 capitis,
981 2041 1042 2102 quo
1075 2021 1265 2104 Episcopus

155 2116 257 2177 utitur
289 2115 321 2175 in
354 2114 485 2176 dirersis
515 2113 733 2176 functionibus
770 2115 870 2193 (intra
902 2122 933 2178 et
964 2119 1052 2176 extra
1086 2112 1264 2194 Missam),

155 2227 232 2288 quae
255 2228 326 2269 cuin
352 2208 465 2287 majori
492 2208 538 2268 rel
564 2207 679 2269 minori
704 2206 914 2270 sollemnitate
940 2206 1031 2268 fiunt.
1079 2206 1184 2272 Mitra
1209 2209 1264 2271 de

155 2301 297 2380 ponenda
323 2305 370 2363 est
396 2299 434 2361 ad
460 2300 615 2361 orationes
642 2299 766 2373 Missae,
792 2299 832 2362 ad
858 2300 1014 2362 orationes
1040 2300 1073 2360 in
1100 2299 1263 2363 adminis

154 2395 289 2456 tratione
313 2394 586 2454 Sacramcntorum
608 2392 653 2454 vel
675 2393 766 2456 officii
788 2393 878 2471 juxta
901 2392 1058 2453 monitum
1081 2391 1259 2472 Λροεῒοίἰ,1

155 2491 189 2545 ut
211 2487 257 2547 vir
279 2486 361 2546 intcr
380 2485 534 2548 orandum
554 2485 674 2546 detecto
694 2485 795 2564 capite
815 2489 973 2563 appareat.
1017 2485 1262 2548 Caeremoniale

155 2578 395 2657 Episcopornnr²
419 2578 456 2638 de
481 2577 578 2638 Mitra
601 2577 762 2656 sequentia
785 2577 893 2639 habet:
930 2577 1044 2639 blitrae
1068 2597 1147 2639 usus
1173 2581 1259 2641 anti·

154 2670 322 2750 quissimus
342 2675 398 2742 est,
418 2676 448 2731 et
470 2670 538 2747 ejus
560 2667 674 2747 triplex
697 2674 743 2730 est
765 2669 897 2747 species;
919 2689 992 2744 una,
1013 2689 1091 2749 quae
1114 2673 1260 2751 pretiosa

153 2762 280 2834 dicitur,
297 2765 370 2842 quia
385 2762 517 2841 gemmis
534 2767 564 2825 ot
582 2760 738 2842 lapidibus
755 2761 909 2842 pretiosis,
926 2763 974 2825 vel
990 2762 1120 2824 laminis
1138 2764 1258 2838 aureis

153 2856 198 2915 rel
227 2857 382 2934 argenteis
409 2858 552 2916 contexta
579 2874 642 2916 esse
669 2853 763 2929 solet3
791 2856 889 2916 altera
916 2854 1158 2934 auriplirygiata
1186 2858 1258 2919 sine

153 2969 284 3025 genimis
302 2955 332 3010 et
348 2949 414 3009 sine
431 2947 557 3008 laminis
575 2947 677 3010 aurcis
695 2947 741 3008 rel
761 2948 934 3025 argenteis3
952 2947 1004 3009 secl
1024 2948 1070 3009 rel
1090 2947 1258 3028 aliquibus

154 3041 256 3119 parvis
282 3039 461 3117 margaritis
486 3040 667 3118 composita,
692 3041 801 3102 velex
826 3040 923 3102 serico
946 3039 1026 3114 albo,
1050 3059 1129 3101 auro
1156 3042 1257 3104 inter·

152 3133 256 3203 misto,
279 3133 323 3192 rel
347 3153 382 3193 cx
406 3132 467 3193 tela
488 3153 581 3193 aurea
603 3131 740 3211 simplici
761 3132 828 3193 sine
851 3132 978 3193 laminis
997 3136 1027 3194 et
1048 3134 1256 3215 margaritis3

153 3227 256 3295 tertia,
285 3244 362 3303 qliae
391 3224 521 3305 simplex
552 3230 678 3286 uocatur
706 3223 773 3286 sino
801 3245 888 3299 auro,
917 3244 953 3286 ex
982 3225 1122 3302 simplici
1153 3228 1256 3289 scrico

154 3317 355 3387 Damascena,
381 3318 424 3376 rel
450 3318 521 3384 alio,
545 3322 600 3378 aut
624 3317 718 3379 etiam
745 3317 826 3378 linea
852 3338 888 3379 ex
914 3317 975 3378 tela
1000 3316 1068 3377 alba
1095 3317 1255 3391 coniecta,

152 3411 254 3472 rubeis
275 3411 406 3474 laciniis.
424 3430 475 3469 seu
495 3410 639 3486 finagiis,
659 3413 691 3470 et
708 3408 806 3481 vittis,
826 3409 1042 3488 prandentibus.

194 3509 221 3564 ⁸2.
243 3502 382 3563 Pretiosa
413 3502 515 3562 utitur
544 3501 716 3580 Episcopus
746 3502 775 3561 in
807 3500 1057 3563 sollemnioribus
1087 3503 1193 3573 festis,
1223 3514 1254 3570 et

151 3596 338 3674 generaliter
370 3594 617 3673 quandocunque
651 3594 683 3653 in
715 3592 815 3654 officio
846 3594 964 3654 (licitur
998 3593 1148 3672 Hymnus
1183 3600 1252 3662 “Te

151 3689 251 3750 Deum
286 3685 471 3747 laudamns”
502 3689 533 3747 et.
566 3686 597 3745 in
632 3684 728 3746 Missa
761 3686 889 3748 “Gloria
923 3687 953 3747 in
986 3685 1115 3749 excelsis
1150 3689 1251 3754 Deo.''

150 3781 366 3843 Nihilominus
396 3780 427 3840 in
454 3777 570 3842 eisdem
600 3778 698 3851 festis,
726 3779 820 3839 etiam
848 3779 1086 3858 auriphrygiata
1117 3784 1167 3845 uti
1199 3805 1251 3867 po

150 3875 225 3936 terit
254 3921 260 3933 .
295 3921 302 3933 .
337 3920 343 3933 .
372 3891 410 3933 ne
433 3870 550 3932 scilicet
576 3870 749 3950 Episcopus
771 3870 868 3931 nimis
890 3876 1047 3950 gravetur,
1070 3875 1097 3934 si
1124 3875 1158 3935 in
1185 3881 1251 3938 toto

151 3967 258 4028 Officio
280 3966 414 4045 pretiosa
438 3967 555 4024 utatur.

191 4058 438 4138 Auripbrygiata
460 4056 554 4118 mitra
574 4056 676 4116 utitur
695 4054 867 4138 Episcopus
888 4057 925 4117 ab
947 4056 1093 4120 Adventu
1117 4060 1249 4125 Domini

149 4151 300 4230 usquead
324 4151 438 4212 festum
460 4147 654 4213 Natiuitatis.
674 4152 800 4226 excepta
822 4148 986 4210 llorninica
1007 4152 1101 4212 tertia
1124 4155 1250 4217 ilrlren·

149 4251 208 4306 tus.
254 4245 331 4306 Item
351 4263 367 4303 a
389 4239 624 4320 septuagesima
644 4240 795 4319 usquead
818 4242 929 4302 seriam
950 4246 1094 4321 quartam
1117 4248 1250 4325 majoris

150 4336 358 4400 belulomadae
386 4333 546 4408 inclusive,
574 4337 701 4411 excepta
731 4332 895 4395 llominicn
927 4340 1036 4413 quiarta
1067 4335 1249 4422 Quadrage

184 4521 233 4569 ¹1.
257 4519 315 4569 Cor.
341 4521 381 4581 11,
405 4519 428 4567 4.
757 4514 841 4564 ²Lib.
861 4514 883 4564 Ῐ.
903 4530 924 4564 c.
945 4514 1038 4565 XVII.
