2804 4890
381 692 434 745 DE
454 691 614 746 OFFICIO
637 692 814 746 RATIONE
837 693 1066 761 RELIQUIAE.
1205 687 1264 750 401

173 861 308 924 officium
331 882 403 924 cum
427 861 534 937 Missa,
557 883 621 925 non
644 869 749 924 autem
773 864 954 927 solemnitas
976 871 1008 929 et
1030 866 1165 928 exterior
1188 864 1264 927 cele·

173 954 273 1017 bratio
291 955 375 1030 festi,
394 955 665 1036 indulgentiarum
681 955 802 1018 nullam
821 957 886 1017 fieri
906 957 1143 1019 translationem
1162 956 1264 1018 decre·

174 1046 277 1110 vit.''¹⁰
324 1047 410 1110 llaec
435 1048 599 1110 translatio
625 1053 748 1110 tantum
773 1049 875 1111 locum
900 1048 992 1113 habet
1017 1050 1049 1111 in
1075 1048 1165 1111 festis
1186 1068 1264 1129 quaa

173 1140 312 1221 legitime
335 1141 581 1218 transferuntur,
604 1161 666 1204 non
689 1162 759 1203 vero
784 1142 816 1202 in
839 1139 902 1202 illis
924 1162 1002 1222 quae
1024 1141 1091 1204 sine
1113 1141 1264 1203 facultate

172 1233 352 1313 Apostolica
373 1253 430 1314 pro
452 1232 583 1296 arbitrio
605 1234 733 1295 rectoris
755 1234 910 1298 Ecclesiae
932 1234 1179 1297 transferuntur.

215 1326 249 1388 Si
266 1326 382 1388 festum
400 1326 454 1387 alii
473 1327 535 1388 diei
553 1325 741 1407 assignetur,
757 1327 821 1390 sive
840 1327 872 1388 in
889 1330 1077 1408 perpetuum
1095 1326 1263 1389 transfera-

173 1417 234 1493 tur,
255 1417 452 1498 indulgentia
470 1418 564 1480 simul
584 1418 775 1482 transfertur
793 1420 832 1482 ad
850 1416 991 1483 eamdem
1009 1418 1093 1482 diem
1111 1418 1264 1498 adquam

173 1512 289 1574 festum
313 1510 543 1574 transfertur.¹¹

621 1742 735 1814 ΛΒΤ.
760 1743 806 1816 V.

394 1935 444 1986 DE
463 1936 614 1987 OFFICIO
634 1936 802 1987 RATIONE
821 1936 1037 2002 RELIQUIAE.

211 2105 282 2172 253.
308 2107 355 2171 De
381 2108 506 2184 Sancto,
531 2110 623 2187 cujus
649 2108 793 2187 Reliquia
819 2109 954 2189 insignis
978 2107 1076 2184 adest,
1101 2112 1203 2191 potest
1228 2106 1262 2169 in

170 2202 239 2280 ejus
262 2201 342 2264 festo
364 2202 488 2264 recitari
511 2201 647 2263 officium
668 2209 698 2265 et
718 2201 867 2263 celebrari
890 2201 986 2263 Missa
1007 2222 1080 2263 cum
1104 2201 1210 2265 Gloria
1231 2204 1263 2264 et

171 2294 270 2357 credo
283 2294 339 2356 sub
354 2293 418 2355 ritu
433 2293 551 2373 duplici
567 2294 600 2354 in
615 2293 669 2355 illa
684 2293 822 2355 Ecclesia
836 2292 889 2354 ubi
904 2297 1089 2355 asservatur.
1126 2293 1165 2354 ln
1179 2293 1262 2354 hunc

171 2386 264 2448 linem
292 2388 479 2466 requiritur:
513 2388 563 2461 tol
596 2391 630 2447 ut
658 2370 801 2464 lleliquia
826 2385 866 2447 sit
895 2386 1047 2465 insignis;
1078 2385 1130 2465 (d)
1159 2391 1196 2448 ut
1220 2386 1262 2447 sit

174 2476 280 2545 Sancti
301 2480 474 2541 canonizati
496 2484 527 2541 et
549 2479 582 2539 in
605 2475 829 2557 Martyrologio
852 2476 992 2542 Romano
1012 2477 1180 2557 descripti3
1206 2478 1256 2555 (a)

169 2577 205 2633 ut
225 2576 345 2634 constet
365 2572 402 2633 de
423 2572 612 2633 identitate.²

212 2668 239 2725 2.
265 2664 408 2744 Reliquis
435 2664 568 2742 insignis
596 2662 783 2726 Sanctorum
809 2669 855 2726 est
881 2681 994 2742 corpus
1020 2662 1180 2743 integrum
1206 2666 1262 2723 aut

169 2777 284 2837 magna
300 2777 372 2837 pars
387 2756 539 2836 ejusdem,
556 2762 591 2819 nt
608 2760 712 2835 caput,
729 2756 892 2817 brachium
914 2756 1025 2835 (etiam
1042 2753 1107 2818 sola
1123 2753 1262 2819 anterior

170 2850 216 2911 vel
233 2849 375 2930 superior
393 2869 465 2928 pars
482 2847 633 2925 brachii),
651 2868 722 2910 crus
742 2853 797 2911 airt
817 2848 871 2910 illa
890 2867 961 2928 pars
980 2848 1128 2927 corporis,
1148 2847 1262 2929 inqua

169 2961 278 3022 passus
291 2946 338 3004 est
353 2941 485 3018 Mar-tyr,
500 2942 547 3002 uti
563 2939 691 3003 maxilla
707 2940 738 3003 S.
755 2940 951 3020 Apolloniae,
967 2960 1089 3016 manus,
1103 2960 1168 3023 pes,
1183 2939 1262 3005 tibia

170 3039 226 3098 etc.
268 3035 339 3109 Cor,
358 3034 477 3112 lingua,
495 3053 607 3095 manus
625 3034 651 3093 si
668 3053 705 3094 ex
722 3033 874 3096 miraculo
894 3033 1014 3096 intacta
1032 3036 1262 3106 conserventur,

169 3129 218 3189 uti
238 3126 386 3207 reliquiae
407 3126 544 3203 insignes
560 3123 666 3187 haberi
684 3125 821 3187 debent.²

211 3223 239 3281 3.
264 3219 310 3280 De
330 3218 493 3280 identitate
511 3221 652 3281 constare
669 3217 769 3291 debet,
785 3218 868 3298 quod
885 3218 1004 3282 scilieet
1020 3219 1063 3282 sit
1079 3217 1118 3281 de
1135 3237 1262 3299 corpore

170 3314 333 3393 ipsiusmet
366 3310 486 3385 Sancti,
515 3309 554 3372 de
584 3329 645 3390 quo
675 3330 711 3372 ea
740 3308 791 3372 die
821 3311 941 3373 mentio
972 3312 1005 3373 in
1036 3310 1262 3391 Martyrologio

171 3407 311 3468 Romano
336 3404 467 3465 habetur
491 3407 522 3465 et
546 3423 609 3464 non
633 3402 763 3464 alterius
785 3401 929 3481 ejusdem
955 3403 1110 3480 nominis3
1135 3424 1191 3467 nec
1214 3403 1261 3465 oi-

170 3499 278 3559 ficium
297 3497 364 3559 fieri
385 3500 486 3576 potest
505 3495 543 3558 de
564 3493 688 3557 Sanctis
708 3494 800 3574 vulgo
820 3493 1037 3573 “baptizatis''
1057 3515 1110 3557 seu
1128 3513 1260 3576 quorum

170 3590 297 3651 nomina
317 3589 445 3650 fuerunt
464 3591 608 3649 mutuata
626 3587 664 3648 ab
681 3584 752 3648 aliis
770 3607 805 3649 eo
823 3586 905 3666 quod
924 3586 1051 3648 nomina
1069 3588 1196 3667 propria
1216 3589 1261 3668 ig·

171 3682 381 3744 norarentur.³
418 3677 464 3743 De
483 3678 643 3759 Reliquiae
661 3677 827 3741 identitate
842 3677 1004 3741 moraliter
1021 3685 1105 3742 certo
1121 3683 1261 3744 constare

170 3776 260 3838 debet
279 3795 333 3855 per
352 3771 610 3853 approbationem
628 3776 658 3834 et
678 3770 922 3851 recognitionem
941 3791 959 3833 a
978 3775 1172 3852 competente
1191 3792 1261 3835 auc·

171 3869 298 3931 toritate
320 3866 446 3929 factam.
471 3862 632 3943 Reliquiae
653 3861 748 3927 etiarn
771 3883 789 3925 a
813 3862 952 3926 Romano
975 3862 1129 3927 Pontifice
1151 3882 1260 3945 appro

169 3961 258 4023 batae
275 3959 313 4022 ab
331 3957 485 4038 Episcopo
501 3956 561 4018 loci
578 3954 748 4018 Ordinario
766 3956 1028 4033 recognoscendae
1045 3961 1130 4033 sunt,
1144 3978 1208 4021 non
1225 3964 1263 4024 ua

170 4055 272 4117 ‹leniro
288 4051 509 4131 approbentur.
525 4048 576 4110 sed
594 4052 629 4110 ut
646 4053 730 4111 certo
747 4051 877 4124 constet,
893 4047 1015 4111 easdem
1033 4049 1148 4114 Romae
1166 4050 1262 4112 fuisse

171 4146 366 4227 approbatas,
385 4143 532 4221 nullaque
551 4141 591 4203 sit
610 4139 777 4202 dubitandi
797 4141 877 4202 ratio
894 4141 932 4203 de
950 4140 1129 4204 earumdem
1148 4141 1260 4205 identi-

204 4301 267 4352 108.
297 4300 324 4350 (¹.
356 4299 415 4348 lud.
445 4297 522 4346 Decr.
551 4294 636 4343 llrliia
662 4296 690 4343 et.
744 4294 817 4345 1853.

171 4378 293 4439 otniae
314 4378 382 4429 Aug.
409 4376 479 4423 1852.
777 4371 831 4420 2Ι).
853 4373 919 4432 555;
941 4377 967 4423 ct
990 4372 1031 4423 27.
1053 4372 1118 4424 Juu.
1140 4374 1215 4437 1899,
1235 4388 1253 4423 u

208 4452 269 4502 ¹¹8.
289 4452 316 4502 C.
338 4451 399 4501 lnd.
423 4451 453 4499 1‘2
474 4448 538 4499 Jan.
562 4447 636 4497 1878.
741 4448 817 4497 4041.

207 4529 261 4579 ¹D.
291 4528 365 4579 1334.
394 4528 409 4576 ‘2
436 4531 462 4577 ct
490 4525 520 4585 3;
553 4523 635 4577 1722:
663 4525 690 4575 et
777 4523 831 4572 ³D.
859 4524 932 4575 1670.
