2804 4890
148 701 187 763 84
429 710 546 765 RITUS
570 710 718 765 MISSAE
742 711 951 768 PRIVATAE.

151 902 272 962 semper
291 886 432 943 servatur
452 882 575 960 quando
595 880 754 943 osculatur
773 882 900 957 Altare;
920 883 973 945 sed
993 888 1064 965 post
1083 905 1240 949 consecre-

151 978 269 1039 tionem
281 975 408 1055 pollices
420 976 458 1036 ab
472 975 627 1036 indicibus
639 995 703 1036 non
716 976 966 1055 disjunguntuff'
979 983 1010 1041 et
1023 997 1136 1040 manns
1149 999 1242 1059 snper

150 1071 309 1151 corporale
324 1072 495 1149 ponuntur.
540 1069 601 1130 “In
616 1070 702 1130 omni
717 1071 813 1131 etiam
828 1070 1058 1134 deosculatione
1073 1073 1138 1134 sive
1154 1072 1241 1135 Alte-

150 1165 204 1241 ris,
220 1165 284 1226 sive
302 1163 384 1240 libri,
402 1164 465 1227 sive
482 1163 611 1225 alterius
628 1164 684 1239 rei,
701 1185 764 1227 non
782 1165 969 1244 producitur
984 1165 1112 1247 signum
1131 1167 1241 1230 Crucis

149 1257 262 1338 pollice
284 1258 330 1320 vel
351 1277 448 1318 manu
469 1277 562 1335 super
583 1258 626 1330 id,
647 1258 730 1337 quod
750 1258 956 1319 osculandum
976 1257 1054 1321 est.’'

193 1356 221 1413 2.
244 1352 414 1414 “Osculato
439 1351 554 1427 Alteri,
579 1351 698 1414 accedit
723 1352 762 1413 ad
788 1372 886 1413 cornu
911 1353 980 1432 ejus
1005 1352 1183 1430 sinistrum,
1209 1353 1240 1415 id

149 1449 197 1508 est
217 1446 393 1526 Epistolee;
412 1445 467 1506 ubi
485 1449 571 1507 stans
590 1465 696 1507 versus
716 1447 834 1522 Altero,
853 1451 885 1508 et
904 1446 1079 1527 producens
1098 1467 1116 1508 a
1138 1449 1241 1509 fronte

150 1539 188 1601 ad
210 1543 317 1619 pectus
337 1540 462 1620 signum
484 1541 603 1615 Crucis,
624 1540 738 1621 incipit
757 1540 953 1622 intelligibili
973 1561 1044 1603 voce
1066 1540 1240 1603 Introitum

150 1633 275 1708 Missae,
297 1635 328 1695 et
350 1634 549 1714 prosequitur
569 1633 689 1712 junctis
710 1633 863 1696 manibus.
909 1634 991 1696 Cum
1013 1635 1108 1697 dicit:
1135 1636 1241 1699 Gloria

149 1727 251 1797 Patri,
273 1732 381 1788 tenens
401 1728 527 1806 junctas
548 1746 670 1800 manus,
690 1735 784 1807 caput
805 1727 937 1790 inclinet
958 1732 1065 1790 versus
1087 1728 1240 1792 Crucem'’

150 1840 246 1901 usque
272 1820 312 1882 ad
339 1821 430 1882 Sicut
458 1825 523 1884 erat
561 1821 636 1883 excl.
692 1822 793 1882 “Cum
821 1823 936 1900 repetit
964 1821 1150 1896 Introitum,
1179 1843 1240 1886 non

150 1915 254 1995 signat
269 1936 310 1990 se,
326 1920 363 1976 ut
378 1916 476 1995 prius,
492 1920 522 1978 et
537 1936 572 1978 eo
589 1917 731 1995 repetito,
746 1916 867 1996 junctis
883 1915 1028 1978 munibus
1041 1920 1116 1981 ante
1133 1925 1240 1998 pectus

149 2008 269 2071 accedit
291 2008 330 2070 ad
352 2009 492 2070 medium
512 2009 656 2083 Altaris‚²
677 2010 732 2070 nbi
754 2015 840 2070 stans
862 2029 968 2072 versus
990 2009 1071 2073 illud
1092 2011 1240 2074 similiter

150 2102 294 2163 manibus
320 2103 451 2181 junctis,
484 2100 562 2182 [non
589 2102 693 2182 prius]
726 2103 804 2164 dicit
830 2103 938 2166 eadem
965 2123 1037 2166 voce
1064 2109 1114 2167 ter
1140 2106 1240 2186 Kyrie

150 2196 275 2267 eleison,
293 2200 341 2258 ter
359 2197 482 2258 Christe
501 2196 625 2266 eleison,
643 2204 673 2259 et
691 2198 805 2259 ilerum
821 2201 871 2258 ter
886 2196 986 2277 Kyrie
1004 2198 1131 2270 eleison,
1148 2198 1240 2260 elter-

150 2288 283 2366 natim,''
304 2310 368 2351 non
390 2291 518 2352 confuse
540 2296 571 2352 et
593 2290 786 2365 indistinete,
808 2291 901 2352 “cum
922 2290 1079 2352 ministro.
1125 2291 1161 2353 Si
1182 2291 1240 2352 mi-

150 2385 260 2458 nist-er,
286 2385 330 2446 vel
360 2386 412 2463 qni
440 2385 609 2457 intersunt,
637 2382 814 2447 Celebrsnli
839 2403 902 2445 non
929 2382 1148 2463 respondeant,
1175 2384 1241 2464 ipse

151 2477 234 2540 solus
256 2479 361 2539 novies
383 2477 491 2540 dicit.''

193 2575 220 2634 3.
244 2572 359 2634 “Dicto
383 2571 496 2633 ultimo
519 2573 618 2651 li'yrie
644 2570 768 2641 eleison,
795 2569 945 2634 Sacerdos
968 2574 1054 2633 stans
1079 2571 1112 2631 in
1138 2570 1241 2632 medio

151 2664 281 2740 Alteris,
306 2670 337 2728 et
362 2686 473 2726 manus
498 2664 676 2738 extendens,
701 2662 914 2743 elevansque,'’
939 2664 1053 2743 absque
1078 2663 1240 2727 oculorum

151 2758 332 2833 elevatione,
349 2762 465 2838 “nsque
482 2759 520 2818 nd
538 2758 682 2819 humeros
704 2757 802 2837 (quod
820 2758 854 2818 in
870 2758 956 2821 omni
973 2777 1124 2819 manuum
1143 2757 1241 2819 eleva·

152 2854 236 2915 tione
264 2853 475 2928 observatur),
504 2872 574 2913 voce
602 2849 760 2929 praedicta
787 2850 910 2931 incipit,
937 2851 964 2911 si
991 2850 1161 2912 dicendum
1189 2851 1231 2914 sit

154 2946 260 3008 Gloria
286 2946 318 3007 iri
344 2946 478 3008 excelsis.
527 2944 608 3005 Cum
633 2943 710 3005 dicit
735 2945 811 3016 Dea,
837 2944 972 3023 jungens
998 2963 1121 3019 manus,
1147 2947 1241 3024 eaput

152 3038 244 3099 Cruci
264 3039 412 3099 inclinat:
431 3058 490 3116 quo
507 3043 617 3111 erecto,
634 3042 720 3099 stans
736 3038 854 3115 junctis
871 3038 1016 3098 manibus
1032 3042 1105 3099 ente
1123 3044 1242 3117 pectus,

149 3134 349 3214 prosequitur
370 3152 467 3213 usqne
490 3134 528 3195 ed
552 3133 657 3195 finem.
702 3132 784 3196 Cum
806 3132 885 3195 dicit
906 3130 1085 3195 rideremus
1108 3137 1149 3205 ta,
1172 3135 1246 3198 ete·

157 3273 164 3287 .
198 3273 205 3286 .
238 3272 245 3285 .
272 3229 366 3304 caput
387 3225 480 3285 Cruci
504 3226 643 3285 inclinat.
690 3224 771 3284 Cum
792 3225 870 3285 dicit
892 3224 925 3284 in
946 3225 1007 3285 fine
1030 3224 1111 3285 Cum
1133 3228 1241 3288 sancta

150 3319 285 3401 Spiritu,
300 3339 331 3380 se
346 3319 448 3397 ipsum
462 3340 478 3380 a
495 3319 598 3380 fronte
614 3318 651 3378 ad
668 3322 774 3397 pectus
790 3318 904 3396 signal,
920 3317 1047 3379 interim
1062 3316 1241 3380 absolvens:

150 3413 191 3475 ln
206 3413 306 3493 ploria
320 3413 381 3474 Dei
397 3412 512 3474 Petris,
556 3412 697 3483 Arnen?
714 3431 769 3472 nec
786 3412 893 3489 jungit
909 3430 1030 3472 manus.

192 3512 221 3569 4.
245 3507 411 3568 celebrans
433 3506 552 3584 aliquid
577 3505 710 3567 recitans
739 3504 803 3583 (vel
826 3504 971 3581 cantans)
1000 3503 1034 3565 in
1057 3507 1124 3567 toto
1147 3524 1241 3566 cursu

152 3602 304 3663 Sacrificii
328 3621 390 3663 non
412 3600 501 3660 debet
523 3604 617 3679 caput
638 3603 693 3661 aut
715 3617 827 3677 eorpus
850 3596 1029 3659 indecenter
1050 3597 1167 3662 librare
1187 3618 1241 3661 seu

150 3697 279 3776 agitare,
294 3695 345 3756 sed
362 3716 392 3756 se
408 3699 511 3756 teneat
528 3691 729 3766 immobilem,
744 3691 807 3753 nisi
823 3690 975 3754 Rubricae
990 3694 1114 3753 motum
1128 3692 1241 3773 capitis

150 3794 205 3851 aut
220 3789 357 3869 corporis
371 3788 506 3867 exigant.

602 3931 716 4002 ΛΒΤ.
742 3930 786 4003 V.

571 4072 621 4122 nn
650 4072 851 4123 onsrrorns.

192 4197 241 4259 53.
265 4196 379 4258 “Dicto
398 4196 526 4274 Hymno
548 4196 655 4257 Gloria
672 4196 705 4256 in
726 4193 862 4266 excelsis
882 4193 928 4255 vel
948 4193 974 4256 si
992 4212 1056 4256 nen
1075 4191 1117 4255 sit
1136 4192 1239 4255 dicen·

150 4291 218 4365 dus,
235 4313 270 4352 eo
287 4291 410 4364 omisso,
429 4289 595 4350 Celebrans
612 4287 771 4348 osculatur
789 4289 897 4348 ,litare
915 4288 946 4348 in
965 4286 1078 4361 medio,
1095 4286 1239 4348 manibus

149 4386 222 4445 bine
243 4384 315 4445 inde
335 4403 491 4462 supereo,
512 4388 547 4446 ut
568 4402 672 4463 supro,
693 4382 844 4442 extensis:
864 4385 934 4442 tum
954 4380 1019 4443 illis
1038 4385 1112 4443 ante
1132 4383 1240 4469 pectus

183 4516 194 4555 ²
214 4509 276 4560 Vid.
296 4525 322 4560 n.
342 4509 384 4572 40,
402 4522 424 4564 r.
755 4513 764 4540 ·“·
788 4504 849 4567 l'irl.
869 4520 893 4554 n.
912 4505 955 4574 40,
971 4504 998 4568 d.
