2804 4890
501 713 741 769 INSTRUCTIO
765 712 821 767 PII
845 711 886 767 X.
1181 699 1239 763 181

150 908 224 970 prae
241 909 273 951 sc
290 888 382 962 ferat,
399 908 434 950 ac
451 888 556 968 potius
574 886 772 950 audientium
788 886 909 948 animos
926 905 945 946 a
962 884 1007 946 rei
1024 883 1150 946 divinae
1167 903 1238 946 con·

151 982 355 1063 templatione
370 987 492 1055 avocet;
509 981 562 1043 scd
577 980 619 1044 sit
632 981 753 1055 devota,
767 979 928 1055 distincta,
942 981 974 1042 et
988 975 1237 1057 intelligibilis.²²

153 1076 343 1152 Cavendum,
364 1081 400 1138 ut
421 1076 539 1137 musica
559 1074 640 1136 nihil
661 1074 841 1155 profanum,
861 1071 943 1134 nihil
964 1071 1161 1134 mundanum
1183 1073 1239 1134 aut

151 1169 304 1233 theatrale
322 1169 482 1234 resonet.²³

592 1414 798 1465 APPENDIX.

298 1597 438 1660 Epitome
454 1595 666 1648 instructionis
687 1594 733 1646 Pii
748 1594 783 1646 X.
798 1595 842 1645 De
859 1594 979 1645 Musica
992 1594 1094 1646 Sacra.

187 1758 246 1815 1⁰1.
283 1757 426 1821 Principia
443 1757 591 1819 generalia.
628 1756 735 1808 Musica
752 1771 831 1808 sacra
848 1757 977 1822 liturgiae
994 1757 1073 1807 finem
1092 1752 1246 1821 generalem

154 1833 314 1898 participat,
339 1832 386 1896 qui
410 1832 500 1897 gloria
524 1832 575 1882 Dei
601 1835 651 1895 est,
677 1831 859 1882 sanctificatio
883 1831 1087 1895 exemplumque
1112 1828 1241 1879 fidelium.

155 1909 198 1960 Ad
220 1922 359 1960 sacrarum
380 1909 610 1959 caeremoniarum
633 1908 802 1973 splendorem
825 1907 978 1972 augendum
1001 1905 1138 1957 concurrit
1160 1919 1241 1970 quum

154 1985 229 2051 aptis
243 1985 418 2036 concentibus
433 1985 590 2049 liturgicum
606 1988 710 2035 textum
725 1988 844 2035 exornet.

191 2061 289 2127 ltaque
315 2062 419 2113 musica
446 2076 525 2112 sacra
551 2062 678 2126 proprias
704 2061 835 2125 liturgiae
862 2061 1012 2125 qualitates
1038 2061 1186 2126 possideat,
1213 2059 1242 2109 in

155 2138 251 2205 primis
271 2140 448 2190 sanctitatem
468 2153 500 2189 ac
522 2138 672 2189 bonitatem
692 2139 808 2201 formae,
829 2138 900 2188 unde
921 2138 977 2188 alia
997 2141 1063 2188 nota
1082 2141 1180 2203 suapte
1199 2151 1242 2188 ex·

155 2214 251 2280 oritur,
271 2215 445 2266 universitas.

191 2293 215 2343 2.
234 2292 357 2344 Musicae
373 2306 468 2343 sacrae
484 2306 593 2354 uerrere.
631 2291 786 2355 Qualitates
803 2292 853 2342 hac
870 2292 897 2340 in
915 2291 1092 2356 Gregorianis
1109 2290 1242 2342 consenti·

154 2370 206 2422 bus
228 2369 416 2434 inveniuntur3
444 2370 530 2436 igitur
552 2375 649 2421 cantus
672 2370 809 2420 Ecclesiae
832 2371 969 2420 ltomanae
992 2370 1119 2435 proprius
1141 2376 1191 2433 est,
1214 2374 1245 2421 nt

152 2447 215 2511 jure
232 2447 274 2498 lex
292 2448 428 2512 generalis
445 2447 583 2498 enuntiari
601 2451 696 2511 queat:
718 2461 749 2495 co
767 2445 855 2506 manis
872 2453 1003 2495 musteum
1021 2460 1088 2508 opus
1106 2445 1243 2495 Ecclesiae

156 2522 305 2574 inserviens
317 2536 424 2573 sacntm
437 2537 495 2573 csse
508 2526 590 2584 atque
604 2522 769 2583 liturgicum,
782 2537 834 2583 quo
848 2523 935 2582 magis
949 2522 1056 2572 ratione
1068 2535 1126 2583 sua,
1140 2520 1243 2582 afflatu,

156 2613 253 2663 sapore
265 2599 301 2649 aa
314 2599 398 2650 melas
411 2599 608 2660 armariorum
620 2599 731 2650 accedat
738 2613 750 2658 ,·
763 2603 859 2649 corrtra
871 2612 902 2649 ec
915 2598 1004 2648 minus
1018 2598 1118 2660 tempta
1130 2598 1244 2658 dignum

154 2690 220 2738 esse,
240 2690 292 2738 quo
312 2677 400 2736 mania
421 2677 455 2726 ab
477 2677 598 2739 exemplo
619 2677 666 2726 illa
686 2677 803 2726 recedat.
844 2676 942 2740 Itaque
963 2680 1041 2727 vetus
1061 2675 1245 2741 Gregorianus

156 2755 254 2803 cantus
271 2752 457 2803 restituendus
474 2754 525 2815 eat,
542 2767 623 2816 quum
641 2766 733 2802 omnes
751 2767 800 2817 pra
818 2756 892 2801 certo
911 2751 1030 2802 habeant
1048 2750 1169 2801 divinam
1187 2763 1243 2800 rem

157 2828 226 2879 nihil
241 2829 461 2893 magnificentiae
478 2830 613 2891 amittere,
631 2829 695 2880 licet
712 2829 790 2880 unice
807 2844 866 2879 cum
885 2829 933 2879 hoc
950 2829 1051 2879 musico
1069 2841 1166 2893 genere
1184 2840 1244 2877 con·

157 2905 282 2956 societur.
321 2905 490 2955 Nominatim
520 2907 547 2954 in
575 2905 669 2970 populi
698 2920 774 2954 nsum
803 2906 988 2956 restituendus
1018 2904 1101 2970 [est],
1128 2918 1180 2969 qua
1208 2904 1245 2955 ad

158 2981 266 3033 divinas
281 2982 375 3033 laudes
391 2984 573 3045 mysteriaque
590 2981 754 3032 celebranda
769 2982 858 3045 magis
873 2982 1012 3047 agentium
1029 2985 1135 3047 partem
1152 2980 1245 3031 fideles

158 3059 311 3110 conterant.

193 3134 361 3187 Memoratas
388 3138 468 3186 notas
495 3135 615 3200 possidet
643 3149 747 3199 quoque
775 3135 890 3185 classica
916 3136 1082 3200 polyphonia
1108 3136 1245 3185 Romanae

156 3214 263 3265 scholae
278 3214 448 3279 praesertim,
465 3214 545 3277 cujus
561 3213 756 3264 Praenestinus
769 3214 863 3264 extitit
879 3213 1025 3278 perfector.
1052 3214 1141 3278 Quare
1150 3217 1178 3264 et
1190 3213 1250 3278 ipsa

159 3287 215 3339 late
230 3289 259 3337 in
274 3289 360 3338 sacris
375 3288 545 3338 restituenda
559 3289 621 3349 erit,
638 3288 798 3352 praesertim
815 3288 888 3352 apud
904 3288 1083 3350 cathedrales,
1099 3287 1247 3338 seminaria

159 3364 268 3429 aliaque
281 3364 467 3414 ecclesiastica
479 3364 602 3428 collegia.

195 3441 417 3492 Recentiseimum
433 3441 550 3490 nisisicae
565 3455 651 3504 genus
663 3445 690 3491 ct
708 3441 793 3505 ipsum
809 3441 950 3506 probatur,
964 3441 1064 3505 quippe
1078 3441 1149 3504 quad
1163 3454 1248 3503 opera

159 3518 343 3582 excellentiae,
360 3519 522 3585 sapientiae,
539 3519 687 3584 gravitatis
703 3520 785 3585 plena
800 3519 936 3581 exhibeat,
953 3520 1039 3570 sacris
1055 3534 1108 3569 non
1127 3519 1248 3583 indigna.

159 3595 193 3646 In
216 3598 265 3648 hoc
286 3597 339 3648 erit
361 3598 615 3660 collocanda'cura,
638 3613 671 3648 ne
694 3613 777 3662 opera
800 3596 929 3648 hodierno
952 3597 1024 3660 stylo
1046 3597 1250 3648 accommodat-a

157 3673 304 3738 quidquam
321 3674 434 3739 profani
452 3673 582 3737 afferant,
599 3690 665 3725 neve
683 3674 832 3725 theatralia
849 3677 1012 3738 argumenta
1030 3674 1178 3737 redoleant,
1196 3688 1247 3724 neu

160 3748 196 3800 sd
214 3749 365 3815 exemplum
384 3748 497 3814 profani
516 3753 613 3800 cantus
632 3751 804 3814 effinguntur.

197 3825 352 3877 Theatralis
373 3826 462 3888 stylus
482 3827 518 3877 ad
541 3827 649 3877 divinas
670 3840 713 3876 res
733 3826 823 3876 minna
845 3826 965 3887 idoneus,
987 3839 1129 3891 supremae
1150 3825 1205 3888 legi
1226 3837 1247 3874 s.

161 3903 276 3953 musices
306 3903 462 3968 opponitur.
517 3903 798 3954 Cartuerrtionaiismua
828 3903 899 3953 male
930 3902 1075 3966 respondet
1106 3901 1148 3965 iis,
1179 3915 1248 3966 quae

161 3983 258 4030 cantus
276 3994 337 4033 vera
357 3979 502 4043 liturgicus
520 3981 650 4045 postulat.

197 4056 221 4107 3.
240 4056 281 4107 De
301 4059 378 4107 testu
398 4056 534 4117 liturgico.
572 4056 604 4104 ln
625 4056 790 4107 solemnibus
809 4057 894 4106 sacris
914 4056 1051 4120 liturgicis
1070 4055 1250 4120 prohibentur

161 4133 270 4183 omnino
289 4136 387 4184 cantas
405 4132 513 4197 vulgari
533 4133 639 4196 eloquio
658 4133 735 4183 editi.

198 4208 231 4259 In
247 4210 333 4260 sacris
348 4210 487 4274 liturgicis
502 4224 554 4259 non
572 4209 636 4259 licet
651 4209 773 4259 ordinem
790 4208 947 4260 subvertere
964 4223 1049 4272 neque
1067 4208 1250 4274 praescriptos

162 4289 255 4337 textus
271 4286 306 4336 ad
323 4289 419 4336 nutum
437 4290 543 4336 mutare
561 4300 646 4350 neque
663 4299 696 4336 ex
714 4285 822 4350 integro
840 4286 882 4335 vel
900 4286 928 4335 in
947 4290 1026 4350 parte
1043 4284 1178 4349 omittere,
1197 4286 1249 4335 nisi

199 4408 607 4479 neser.1·:p.1.28,11-12.
771 4414 796 4447 ²³
816 4409 916 4459 Bened.
943 4409 1019 4459 XIV.
1044 4408 1129 4458 const.
1154 4408 1252 4461 Annus

737 4486 777 4541 19.
796 4486 874 4541 Febr.
893 4486 967 4540 1749.
