2804 4890
268 645 322 704 DE
335 645 640 705 THURIFERARIO
652 651 696 705 IN
708 652 901 708 VESPERIS
915 653 1183 710 SOLEMNIBUS.
1216 645 1278 707 415

635 847 750 919 ART.
775 849 820 921 V.

276 1041 326 1093 DE
351 1043 637 1096 THURIPERARIO
661 1045 704 1094 IN
728 1045 911 1097 VESPEBIS
934 1046 1185 1100 SOLEMNIBUS.

227 1216 297 1281 262.
321 1220 559 1283 'l'lruriferarius
574 1221 735 1300 egrediens
750 1246 767 1287 e
784 1224 926 1285 sacristia
943 1223 1084 1302 sequitur
1100 1220 1277 1302 acolythos;

191 1312 365 1392 (praecedit
386 1315 413 1375 si
434 1313 631 1378 thuribulum
652 1315 769 1394 ferat3)
797 1316 837 1378 ad
859 1315 969 1378 Altare
989 1314 1174 1397 genuflectit
1194 1318 1278 1377 retro

185 1410 255 1484 post
273 1405 497 1469 Celebrantem.
539 1407 659 1469 Deinde
677 1407 791 1471 debitis
809 1427 882 1470 cum
900 1408 1082 1471 reverentiis
1099 1408 1219 1471 accedit
1236 1406 1277 1470 ad

185 1497 287 1559 locum
307 1518 400 1560 suum
420 1519 516 1580 prope
537 1499 739 1576 credentiam,
761 1501 808 1563 vel
829 1506 900 1582 post
921 1500 1149 1578 Celebmntem,
1167 1501 1215 1563 vel
1237 1500 1276 1562 ad

182 1589 282 1653 alium
299 1590 402 1653 locum
419 1593 662 1656 convenientem.

225 1685 254 1742 2.
277 1682 406 1762 Hymno
433 1685 575 1747 intonato
601 1686 649 1747 vel
673 1687 756 1748 circa
782 1687 877 1749 finem
901 1684 1009 1750 ultimi
1032 1685 1157 1768 psalmi,
1183 1685 1276 1748 factis

182 1773 298 1851 Altam,
314 1775 492 1837 celebranti
508 1782 540 1840 ct
553 1778 647 1842 choro
661 1779 853 1855 reverentiis,
868 1779 973 1860 pergit
987 1779 1027 1840 ad
1043 1779 1228 1853 sacristiam,
1244 1780 1276 1839 et

182 1886 254 1928 cum
271 1867 432 1930 thuribulo
449 1874 480 1931 et
500 1869 644 1932 navicula
664 1872 842 1946 revertitur,
862 1871 939 1933 dum
958 1871 1083 1933 canitur
1102 1870 1276 1950 antiphona

181 1959 221 2022 ad
236 1959 437 2040 Moqaa'ficot:
451 1966 483 2025 et
496 1982 527 2025 se
542 1963 627 2023 sistit
641 1962 725 2041 apud
740 1962 849 2025 Altare
864 1984 880 2026 e
893 1982 992 2025 cornu
1006 1962 1175 2043 Epistolae.
1193 1962 1275 2024 (lum

182 2051 349 2114 Celebrans
362 2053 400 2115 ad
416 2053 525 2115 Altare
538 2053 689 2128 ascendit,
703 2053 927 2118 thuriferarius
941 2053 1017 2117 illuc
1029 2074 1048 2117 a
1061 2055 1157 2117 latere
1170 2073 1274 2117 ascen·

181 2142 252 2219 dit,¹
272 2144 448 2207 naviculam
469 2145 567 2209 tradit
589 2146 841 2210 Caeremoniario
867 2147 931 2225 (rel
952 2146 1273 2227 Assisteni)‚tl1uri-

180 2235 289 2297 bulum
309 2237 443 2299 sustinet
463 2244 535 2300 ante
556 2236 771 2300 Celebrantem
791 2239 888 2300 donec
908 2239 1070 2300 incensum
1089 2239 1273 2318 impositum

181 2333 211 2391 et
231 2328 429 2392 benedictum
450 2331 566 2404 fuerit;
586 2336 662 2392 tunc
683 2328 783 2392 tradit
803 2329 1001 2393 thuribulum
1022 2329 1274 2392 Caeremoniario

185 2421 249 2500 (rel
271 2420 508 2500 Pluvialistae),
528 2427 558 2483 et
580 2422 715 2501 reposita
734 2421 878 2484 navicula
899 2441 992 2502 super
1011 2421 1203 2484 credentiam
1224 2441 1272 2483 ac·

180 2512 262 2575 cedit
279 2513 319 2575 ad
338 2513 499 2575 sinistram
520 2513 724 2588 Celebrantis,
741 2513 795 2575 ubi
815 2515 899 2576 facta
917 2512 1133 2595 genuflexione
1153 2514 1272 2577 assistit

181 2605 358 2669 Celebranti
387 2607 579 2681 incensanti3
607 2607 632 2666 si
660 2627 730 2667 vero
758 2606 864 2669 adsint
890 2604 1105 2682 Pluvialistae‚
1132 2610 1272 2669 remanet

179 2717 274 2777 prope
292 2697 493 2761 credentiam.
532 2698 750 2760 incensatione
767 2703 891 2779 peraeta
910 2697 1107 2761 thuribulum
1125 2720 1144 2762 a
1162 2699 1272 2762 Caere-

179 2791 333 2852 moniario
356 2791 389 2852 in
412 2791 532 2852 Altaris
555 2810 652 2853 cornu
676 2790 835 2869 Epistulae
857 2789 979 2871 recipit.

221 2886 250 2945 3.
273 2882 405 2957 Quando
425 2883 592 2944 Celebrans
607 2884 647 2946 ad
666 2883 769 2945 sedem
788 2902 927 2947 reversus
944 2888 1001 2958 est,
1020 2882 1272 2946 Caeremoniario

184 2975 248 3053 (rel
272 2976 375 3055 primo
401 2974 620 3046 Pluvialistael
650 2974 848 3039 thuribulum
873 2976 1007 3056 porrigit
1031 2982 1117 3038 stans
1139 2977 1178 3041 ab
1202 2976 1271 3053 ejus

178 3065 315 3129 sinistris
348 3066 412 3145 (vel
438 3088 456 3129 a
482 3067 600 3129 dextris
627 3066 842 3144 Pluvialistae,
868 3069 991 3131 elevans
1017 3066 1176 3131 fimbriam
1202 3070 1270 3150 plu-

179 3160 300 3237 vialis),
329 3161 485 3221 inclinans
511 3164 584 3223 ante
613 3165 643 3222 et
672 3167 741 3239 post
771 3161 1024 3223 incensationem.
1081 3161 1271 3235 (Deficiente

179 3253 429 3316 caeremoniario
452 3258 484 3315 et
509 3250 707 3326 Pluvialista
731 3250 956 3315 thuriferarius
981 3252 1197 3317 Celebrantem
1223 3255 1270 3316 in·

177 3346 309 3423 censat.)

218 3443 247 3498 4.
272 3437 402 3511 Deinde,
416 3438 441 3497 si
456 3435 536 3497 nulli
551 3437 598 3498 rel
609 3437 672 3500 duo
685 3441 809 3499 tantum
822 3435 929 3500 adsint
943 3436 1157 3509 Pluvialistae‚
1170 3437 1270 3500 thuri-

179 3531 312 3593 ferarius
332 3530 471 3591 incensat
489 3529 618 3590 chorum
636 3527 743 3591 eodem
762 3526 872 3591 ordine
889 3533 926 3591 ut
943 3528 1101 3590 Diaconus
1121 3530 1153 3591 in
1173 3530 1268 3591 Missa

176 3623 331 3685 solemni.²
372 3621 484 3683 Postea
504 3623 644 3683 incensat
662 3620 740 3681 duos
759 3617 961 3682 Pluvialistas
985 3620 1121 3701 (duplici
1139 3621 1269 3693 ductu).

177 3715 476 3784 caeremoniarum,
489 3713 657 3791 acolythos,
676 3711 754 3789 (nisi
770 3712 803 3773 in
814 3711 908 3774 choro
921 3734 992 3774 cum
1007 3712 1135 3792 reliquis
1148 3714 1269 3778 fuerint

177 3809 356 3883 incausati)
384 3807 519 3885 singulis
540 3804 697 3878 ductibus,
719 3809 751 3868 et
772 3804 924 3885 populum
948 3804 1067 3884 triplici
1090 3805 1198 3875 ductu,
1222 3806 1268 3867 in-

176 3903 296 3964 clinans
314 3906 387 3964 ante
402 3906 432 3963 et
451 3903 530 3980 post.
570 3897 620 3959 Ad
640 3897 748 3960 Gloria
764 3896 857 3959 Polri
874 3896 1007 3961 inclinat
1025 3916 1131 3961 versus
1149 3898 1268 3962 Altare.

178 3996 210 4056 Si
226 3999 330 4059 autem
344 3999 417 4055 ante
431 3988 650 4071 repetitionem
665 3989 855 4070 antiphonae
872 3991 1009 4070 integrae
1024 3991 1267 4053 incensationem

175 4108 237 4150 non
253 4087 430 4168 perfecerit,
445 4085 574 4146 omnino
588 4103 705 4145 cessare
719 4081 1004 4144 debet—Tandem
1019 4082 1217 4145 thuribulum
1234 4085 1267 4146 in

210 4242 351 4292 ¹“Faeta
398 4238 585 4304 genuflexione
632 4242 696 4288 ante
748 4237 878 4288 “nullam
901 4237 1007 4288 faciens
1024 4237 1269 4301 genuflexionanr''

174 4318 305 4383 gradus’'
328 4316 444 4379 (Cerem.
461 4315 495 4366 U.
514 4314 557 4376 S.)
578 4314 620 4364 vel
638 4314 694 4361 “in
752 4313 958 4375 (llartinueei).

173 4396 347 4462 suppedaneo
368 4397 433 4445 ante
453 4395 482 4444 et
503 4394 566 4457 post
588 4390 695 4454 imposi-
783 4389 837 4440 ἓν.
857 4405 883 4441 n.
902 4389 944 4452 87,
963 4390 1025 4441 adn.
1049 4393 1070 4441 1.

172 4474 275 4528 tionem
295 4470 427 4527 incensi'’
451 4468 506 4532 (Da
525 4466 631 4529 Herdt)
653 4464 695 4517 vel
