2804 4890
431 722 483 781 ns
507 723 677 783 nucleus
703 723 940 783 nrruamola.
1212 712 1230 779 7
1323 813 1325 817 ι

137 903 284 963 emanata
299 905 330 962 et
345 901 560 980 responsiones
576 919 787 980 quaecumque
802 900 839 961 ab
856 900 925 980 ipsa
940 899 1108 981 propositis
1125 898 1228 962 dubiis

139 995 256 1074 scripto
282 995 427 1056 formiter
452 994 564 1069 editac,
589 994 730 1056 eamdem
754 994 871 1056 habent
896 994 1117 1058 auctoritatem
1142 1014 1177 1056 ac
1202 994 1228 1055 si

141 1088 321 1151 immediate
343 1088 382 1150 ab
407 1088 473 1167 ipso
499 1088 629 1149 Summo
654 1087 808 1150 Pontifice
832 1093 1065 1168 promanarent,
1089 1088 1229 1168 quamvis

139 1182 229 1244 nulla
245 1183 328 1244 facta
345 1181 444 1244 fucrit
460 1183 498 1244 dc
516 1181 628 1244 iisdem
645 1182 755 1244 relatio
775 1182 944 1244 Sanctitati
963 1180 1075 1244 Suae.''
1089 1183 1114 1216 ²⁶

183 1275 282 1338 Porro
302 1277 333 1338 S.
354 1276 391 1338 R.
413 1275 621 1356 Congregatio
641 1276 827 1338 declaravit:
847 1275 930 1336 “Per
950 1276 1042 1339 verba
1060 1276 1229 1340 dummodo

138 1370 288 1452 formiter
298 1372 416 1453 scripto
432 1371 532 1434 editoe
545 1371 678 1452 fuerint,
693 1370 816 1445 sufficit,
830 1369 913 1450 quod
927 1371 992 1431 sint
1007 1370 1198 1450 subscriptae
1213 1391 1230 1431 a

141 1465 227 1527 Sacr.
249 1465 312 1527 Rit.
334 1464 448 1544 Congr.
471 1464 634 1527 Praefecto
654 1469 686 1527 et
707 1465 890 1541 Secretario,
910 1485 945 1527 ac
965 1465 1107 1545 ejusdem
1125 1462 1230 1545 sigillo

140 1559 292 1633 munitae,
311 1578 368 1621 nec
388 1560 570 1639 requiritur,
588 1563 626 1620 ut
644 1559 709 1621 sint
729 1558 776 1621 vel
797 1559 922 1634 Romae,
942 1560 990 1622 vel
1009 1559 1047 1622 ab
1067 1559 1230 1639 Episcopis

140 1654 177 1714 in
201 1652 266 1715 suis
290 1651 490 1714 Dioecesibus
516 1652 740 1732 promulgatae.
785 1654 949 1733 Tanquam
975 1654 1120 1716 formiter
1146 1653 1231 1716 edita

140 1745 284 1808 habenda
302 1750 378 1808 sunt
398 1746 539 1822 Decreta,
559 1752 591 1809 et
611 1747 837 1827 Responsiones
858 1749 891 1809 in
912 1748 1093 1811 authentica
1115 1747 1230 1811 Collec-

136 1843 224 1904 tione
243 1841 394 1916 insertae,
430 1842 443 1875 ⁶
463 1842 599 1921 itemque
619 1841 760 1918 Decreta,
779 1862 857 1922 quae
876 1843 909 1903 in
927 1843 1152 1906 commentario
1169 1841 1232 1904 offi-

135 1933 212 1996 ciali
239 1934 340 1995 “Acta
366 1932 564 2013 Apostolicae
593 1933 704 1996 Sedis''
732 1934 931 2016 promulgata
958 1939 1042 1997 sunt.

185 2028 214 2088 2.
237 2024 368 2088 Decreta
389 2026 449 2087 ista
471 2025 502 2087 S.
525 2026 561 2088 R.
583 2024 617 2087 C.
639 2027 753 2107 ulique
775 2027 808 2088 in
828 2026 1019 2089 conscientia
1038 2027 1190 2106 obligant,

190 2120 241 2197 (a)
270 2119 305 2181 Si
327 2120 394 2181 sint
415 2118 548 2182 Decreta
570 2121 728 2200 generatio
750 2139 828 2200 quac
851 2120 890 2183 ad
914 2119 1086 2182 Ecclesiam
1108 2121 1231 2182 univer-

140 2214 239 2276 salem
258 2213 459 2294 diriguntur;

191 2306 243 2386 (b)
272 2305 307 2368 Si
322 2306 452 2369 Decreta
464 2306 669 2389 particulatio
681 2307 808 2387 quidem
819 2314 904 2383 sunt,
916 2327 994 2387 quae
1007 2307 1046 2370 ad
1060 2307 1233 2369 Ecclesiam

141 2401 190 2463 rel
215 2420 377 2480 personam
402 2401 624 2480 particularem
647 2401 841 2482 diriguntur,
864 2407 896 2464 at
921 2406 995 2465 sunt
1018 2402 1233 2481 responsiones

136 2515 193 2558 seu
210 2494 435 2559 declarationes
452 2493 534 2558 circa
550 2496 719 2576 generalia,
736 2517 761 2560 e.
779 2516 809 2577 g.
828 2496 910 2560 circa
926 2495 1087 2573 Rubricas,
1105 2495 1191 2559 etc.¹'

187 2587 319 2650 Decreta
340 2593 444 2649 autem
467 2588 681 2668 particularia,
705 2594 878 2668 quaesunt
901 2609 996 2669 purae
1017 2589 1147 2668 gratiae,
1170 2589 1233 2650 dis-

141 2682 341 2762 pensationes
355 2686 409 2743 aut
424 2681 588 2761 privilegia
603 2688 657 2746 aut
672 2682 836 2761 dispositio
851 2680 946 2743 alicui
961 2683 1092 2761 regioni,
1119 2680 1233 2744 Ordini

141 2796 197 2837 seu
213 2774 457 2855 congregationi
474 2775 626 2856 specialis,
642 2776 681 2837 ad
698 2775 869 2838 Ecclesiam
885 2775 1092 2838 universalem
1106 2775 1233 2839 extendi

142 2874 313 2950 nequeunt.

186 3076 214 3138 ὅ.
238 3077 495 3153 consuetudines,
509 3079 567 3140 etsi
582 3076 852 3152 immemorabileS,
864 3097 941 3158 quac
955 3076 1099 3138 Rubricis
1113 3076 1158 3139 vel
1175 3075 1233 3137 De-

143 3173 238 3235 cretis
255 3172 286 3233 S.
304 3171 340 3233 R.
357 3170 617 3251 Congregationis
633 3177 739 3252 aperte
755 3179 941 3251 repugnant,
958 3171 1105 3233 sustiueri
1122 3190 1234 3250 neque·

144 3273 214 3341 unt,
235 3266 287 3328 sed
308 3286 362 3346 per
383 3265 632 3328 Constitutioncs
654 3265 858 3325 Summorum
879 3264 1069 3327 Pontificum
1090 3271 1121 3327 et
1144 3264 1175 3326 S.
1197 3264 1233 3326 R.

144 3360 439 3440 Congregationcm,
456 3366 606 3439 tanquam
623 3358 737 3421 abusus
756 3358 981 3436 rejiciuntur.¹⁸
1026 3357 1235 3420 “Ordinarius

145 3455 254 3517 stricte
271 3458 396 3515 tenetur
412 3455 598 3533 opportunis
617 3453 772 3525 remediia
791 3451 962 3533 providere,
979 3456 1016 3513 ut
1034 3452 1187 3513 Rubricae
1205 3459 1235 3513 el

148 3548 179 3609 S.
198 3548 233 3609 R.
252 3547 287 3609 (¹.
305 3546 436 3609 Decreta
452 3547 512 3609 rite
528 3551 707 3619 serventur3
724 3547 750 3610 si
767 3547 841 3626 quid
859 3546 946 3607 dubii
963 3551 1116 3619 occurrat,
1133 3566 1235 3607 recur-

146 3641 280 3703 rendum
299 3641 337 3702 ad
358 3641 390 3701 S.
411 3640 445 3702 Ο.
464 3661 520 3721 pro
539 3639 778 3703 declaratiouc.”
792 3643 817 3674 ¹⁹
866 3641 922 3715 (lu
944 3640 1052 3715 Quaea
1073 3643 1179 3720 agitur
1198 3641 1236 3700 de

145 3735 281 3796 “ritibus
301 3735 396 3796 sacris
419 3735 451 3796 in
474 3734 589 3809 Missis,
611 3734 726 3796 divinis
747 3735 865 3809 officiis,
888 3734 1161 3798 Sacramentorum
1183 3734 1235 3795 ad-

146 3829 389 3903 ministratione,
403 3828 592 3909 cacterisque
606 3828 645 3889 ad
659 3827 801 3889 divinum
817 3830 937 3889 cultum
952 3827 1230 3908 pertinentibus.'’)

146 3922 265 3985 Eadem
289 3922 320 3984 S.
344 3922 457 4002 Congr.
480 3921 633 3984 decrevit:
656 3922 855 3985 “Invclcrata
877 3942 1087 4002 quaecumque
1110 3924 1142 3984 in
1165 3941 1235 3984 con-

145 4018 282 4078 trarium
312 4015 503 4079 consuetudo
533 4015 681 4095 derogare
712 4037 774 4078 nou
806 4021 908 4096 potest
939 4016 1015 4097 Legi
1045 4036 1064 4077 a
1094 4015 1235 4078 Decretis

146 4112 260 4172 Sacrae
280 4109 540 4190 Congrcgationis
557 4108 797 4189 praescriptac.''
809 4111 835 4144 ²⁰

182 4289 208 4322 ¹³
227 4283 260 4333 D.
288 4283 364 4332 2916.
756 4288 779 4319 Ν
799 4282 842 4331 Cf.
857 4281 933 4331 Decr.
949 4281 1029 4330 initio
1043 4278 1173 4343 Miasalis,
1186 4283 1237 4330 etc.

182 4366 208 4398 ¹⁸
228 4359 305 4409 3023.
318 4361 340 4408 l.
351 4360 375 4409 2.
755 4364 780 4396 ¹⁹
799 4358 831 4408 D.
852 4359 927 4408 2621.
950 4360 972 4408 1.

184 4441 209 4475 ¹⁷
228 4435 272 4485 Cf.
305 4434 338 4485 D.
372 4438 404 4485 15
436 4435 499 4486 Jan.
534 4436 609 4499 1897,
640 4450 666 4485 u.
755 4440 780 4473 ²⁰
798 4434 832 4484 D.
847 4435 923 4485 2792.
938 4435 962 4486 2.

142 4514 267 4564 3⁹45.L
