2804 4890
159 683 220 745 286
305 694 358 749 DE
379 694 777 749 PRAESTANTIORIBUS
802 693 1112 750 vac‘moNlBUS.

562 864 637 925 Alia
651 863 844 943 Anapum.

203 978 231 1036 8.
260 974 312 1053 (1)
342 976 553 1037 Occurrerunt
571 973 677 1035 turbae
694 995 763 1034 curn
779 972 908 1051 floribus
923 977 952 1035 et
968 971 1081 1053 palmis
1094 971 1247 1053 Redemp-

162 1068 223 1130 tori
239 1069 377 1131 obviam:
394 1072 423 1128 et
440 1066 551 1128 victori
570 1067 780 1147 triumphanti
796 1065 892 1145 ‹tipna
909 1065 985 1128 dant
1003 1066 1164 1147 obsequia:

208 1161 260 1240 (2)
287 1159 407 1221 Filium.
423 1159 484 1220 Dei
498 1181 548 1221 ore
562 1163 669 1238 pentes
683 1158 881 1240 praedicunt:
896 1163 925 1219 rt
940 1160 973 1221 in
989 1158 1114 1220 taudem
1129 1157 1249 1220 Christi

160 1273 247 1316 socos
263 1257 373 1316 tonant
388 1274 444 1334 per
459 1252 584 1315 nutrita:
598 1252 632 1313 ΙΙ
634 1273 752 1315 osanna
767 1252 801 1313 in
818 1252 953 1320 excelsis.

561 1457 636 1519 Atia
650 1455 843 1538 Antiphana.

200 1573 227 1630 9.
252 1569 332 1630 Cum
352 1568 483 1648 Anpetis
502 1573 531 1630 et
551 1567 658 1649 pueris
674 1568 781 1646 fideles
798 1567 1006 1639 inveniamur,
1027 1562 1252 1647 triumphatori

161 1658 270 1722 mortis
291 1659 477 1721 clamantes:
497 1657 532 1718 H
534 1678 650 1721 osanna
670 1657 703 1718 in
725 1657 861 1719 eroetsis.

561 1861 843 1943 Arusnapmm.

204 1977 251 2036 10.
280 1973 332 2052 (1)
362 1973 467 2036 Turba
481 1974 591 2042 matta,
606 1991 683 2053 qnae
698 1976 881 2034 convenerat
896 1971 936 2033 ad
949 1971 1032 2034 diem
1045 1975 1174 2054 festum,
1188 1973 1248 2032 eta-
1373 1978 1375 1982 '

160 2068 264 2130 mabat
282 2067 435 2129 Domino:

207 2161 260 2240 (2)
287 2159 478 2222 Benedictus
497 2159 552 2242 qui
570 2159 656 2223 venit
675 2160 710 2222 in
729 2161 856 2222 nomine
875 2159 1023 2222 Domini:
1042 2160 1196 2223 [losanae
1214 2161 1247 2221 in

160 2251 296 2317 excelsis.

204 2441 272 2505 17⁶.
296 2442 444 2504 “Primus
459 2441 589 2505 clericus
605 2462 676 2504 oum
693 2441 792 2504 Cruoe
806 2443 892 2505 sistit
906 2447 979 2505 unte
994 2445 1116 2522 portum
1132 2441 1247 2523 prinei-

160 2536 272 2618 palem‚
288 2536 368 2599 facie
384 2536 422 2599 ad
440 2535 580 2598 eamdem
596 2556 691 2598 versu.
731 2535 893 2598 Secundus
910 2543 941 2599 et
958 2537 1070 2598 tertius
1087 2533 1248 2610 clericus‚''

160 2628 207 2692 vel
227 2629 290 2692 duo
308 2632 478 2709 quatuorve
497 2633 648 2704 cantores,
668 2629 694 2689 si
713 2628 829 2703 adsint,
850 2629 993 2691 “intrant
1013 2628 1196 2703 Ecclesium,
1216 2631 1247 2691 et

159 2723 263 2784 clauso
282 2724 371 2796 osti0,
388 2726 506 2783 stantes
525 2742 611 2784 versu
630 2722 708 2783 facie
727 2722 765 2783 ud
785 2722 1021 2801 praesumentem,
1040 2720 1181 2795 dieunt,’'
1201 2719 1247 2782 vel

159 2820 305 2878 cantant:

91 2960 93 2964 Α
201 2912 228 2970 2.
256 2910 292 2972 V.
308 2908 423 2981 Gloria,
438 2911 514 2981 taus,
530 2915 559 2972 et
573 2912 680 2982 honor,
696 2909 754 2971 tibi
767 2909 809 2971 sit
823 2911 889 2972 Rea
904 2910 1027 2972 Christe
1039 2911 1247 2990 Redemptor:

159 3004 219 3065 Cui
231 3004 350 3084 puerile
368 3003 460 3064 decus
475 3004 628 3083 prompsit
646 3002 679 3061 H
681 3022 798 3064 osanna
812 3003 910 3084 pium.

202 3095 229 3154 3.
253 3090 440 3153 “Celebraus
469 3097 555 3152 extra
586 3090 766 3165 Ecclesiam,
794 3092 874 3155 faeie
902 3092 942 3153 ad
970 3096 1104 3171 portum,
1134 3092 1247 3171 repetit

159 3191 240 3247 tecto
256 3182 388 3266 cupito.”

201 3278 277 3341 Csl„
303 3278 418 3351 Gloria,
435 3281 512 3352 taus,
529 3285 557 3342 et
574 3280 674 3343 honor
689 3280 747 3341 tibi
761 3280 803 3342 sit
819 3281 885 3341 Reo
901 3279 1025 3342 Christe
1041 3281 1247 3361 Redemptor:

159 3373 221 3434 Cui
234 3373 355 3454 petorita
372 3373 464 3435 decus
481 3373 634 3453 prompsit
652 3373 686 3433 II
688 3393 804 3436 osanna
820 3375 919 3455 pium.

200 3466 296 3529 Cuuu.
320 3465 419 3527 Israel
435 3488 465 3529 es
483 3472 516 3528 tu
534 3467 609 3536 lieo,
627 3466 757 3528 Doridis
775 3466 893 3546 inelyte
909 3468 1027 3548 proles:
1044 3467 1181 3531 Nomine
1198 3468 1251 3550 qui

157 3557 190 3619 in
207 3555 348 3626 Domini,
367 3557 433 3618 Rea
448 3555 606 3618 benedicte
624 3557 719 3618 uenis.

201 3646 277 3708 Cu'u.
303 3645 418 3716 Gloria,
439 3647 516 3719 taus,
537 3651 593 3708 ete.

200 3740 297 3801 CLuu.
322 3740 436 3802 Coetus
467 3740 504 3801 im
534 3741 661 3801 eueetsis
693 3744 721 3801 te
754 3739 861 3802 laudat
894 3741 1027 3803 coelicus
1059 3740 1177 3805 omnis:
1207 3744 1250 3804 Et

160 3832 301 3892 mortalis
319 3832 420 3903 homo,
438 3835 467 3892 et
487 3833 599 3892 cuneta
616 3834 717 3892 ereata
734 3830 840 3892 simul.

201 3923 277 3984 Csu.
303 3922 418 3991 Gloria,
439 3924 515 3994 laus,
537 3929 593 3985 etc.

200 4016 296 4079 Cusu.
320 4016 411 4077 Plebs
437 4017 581 4078 Hebraea
607 4017 664 4078 tibi
690 4038 759 4078 cum
784 4017 905 4080 Patmis
928 4019 1017 4082 obvia
1042 4020 1144 4084 venit:
1169 4021 1248 4083 Cum

159 4127 257 4187 prece,
274 4111 353 4176 uota,
371 4107 505 4186 hymnis,
522 4106 670 4169 adsumus
687 4127 753 4169 ecoe
771 4105 838 4169 tibi.

201 4198 276 4260 (ἵει.
303 4198 417 4266 Gloria.
439 4202 515 4270 taus,
536 4204 592 4260 eto.

200 4292 296 4354 Utus.
324 4292 369 4353 111·
385 4292 442 4353 tibi
456 4314 583 4373 passuro
596 4295 756 4355 solvebant
772 4294 880 4357 munia
894 4293 1013 4359 laudis:
1026 4297 1093 4361 Nos
1109 4298 1167 4360 tibi
1181 4319 1247 4378 rep-

156 4385 247 4446 nanti
264 4385 432 4463 panpimus
450 4406 517 4447 ecee
536 4387 639 4447 metas.

201 4477 276 4538 0131„
303 4476 417 4545 Gloria,
439 4478 514 4544 taus,
536 4482 591 4540 ete.
