2804 4890
148 676 191 740 90
432 683 551 741 RITUS
574 682 722 740 Missua
746 683 956 743 fulviana.

151 860 313 934 submissa,
341 858 525 921 “Psalmum
552 858 674 922 Lavabo
703 858 788 922 inter
815 859 1005 934 innoeentes,
1033 881 1106 924 eum
1135 861 1245 928 Gloria

150 954 252 1027 Patri,
270 952 360 1030 ete.,''
380 953 561 1015 inclinando
579 954 618 1016 ad
638 953 770 1017 Crucem
790 957 875 1018 intra
893 956 1101 1039 doxologiam.

195 1051 221 1109 7.
245 1046 443 1122 “celebrans
472 1046 544 1109 lotis
572 1045 728 1122 nranibus,
756 1067 805 1110 eas
836 1046 962 1128 tergit,''
990 1048 1097 1112 dicens
1126 1049 1244 1113 ibidem

151 1145 254 1204 totum
276 1140 327 1202 Pa.
349 1142 470 1203 Lavabo
493 1141 532 1202 ad
554 1140 663 1202 Altare
684 1161 859 1217 conversus,
881 1144 932 1204 “et
954 1143 1018 1204 illis
1039 1149 1112 1207 ante
1135 1149 1244 1225 peetus

151 1235 281 1313 junctis,
296 1225 465 1296 'revertitur
479 1234 518 1296 ad
535 1234 676 1296 medium
692 1235 822 1311 Altaria,
839 1235 892 1296 ubi
909 1242 1005 1311 stans,
1021 1236 1188 1317 oculosque
1203 1238 1242 1299 ad

152 1328 255 1391 Deum
269 1327 402 1403 elevans
417 1333 449 1389 et
464 1328 572 1390 statim
588 1328 767 1404 demittens,
782 1330 926 1390 manibus
941 1331 1061 1408 junctis
1078 1351 1172 1411 super
1188 1330 1243 1391 Al-

150 1426 217 1485 tare
243 1420 506 1501 aliquantulurn.''
533 1422 562 1481 id
590 1427 635 1483 est
662 1442 789 1501 eorpore
814 1423 1023 1498 mediocriter,
1050 1424 1243 1485 “inelinatus

152 1517 230 1578 dicit
251 1521 367 1579 secreto
391 1517 573 1578 Orationem
594 1516 725 1598 Suscipo
747 1518 865 1581 Sancta
888 1517 1038 1590 Trinitas,
1059 1521 1134 1582 etc.⁸
1178 1521 1247 1595 Qua

152 1608 245 1681 dieta,
272 1608 416 1669 inanibus
443 1609 514 1669 hine
541 1608 613 1670 inde
639 1610 785 1685 extensio,
811 1614 842 1671 et
868 1630 960 1689 super
986 1609 1095 1672 Altare
1121 1610 1243 1691 positis,

151 1701 310 1763 oseulatur
332 1701 412 1763 illud
435 1702 467 1761 in
488 1701 608 1764 medio:
631 1707 700 1763 tum
722 1703 841 1782 junctis
863 1704 1007 1764 manibus
1029 1707 1103 1766 ante
1124 1709 1243 1785 poetae,

152 1794 354 1874 demissisque
379 1793 476 1856 acidis
501 1795 541 1856 ad
565 1799 692 1871 terrain,
717 1816 735 1858 a
760 1796 888 1858 sinistra
913 1816 1010 1857 rnanu
1035 1796 1074 1858 ad
1099 1797 1241 1859 dextram

152 1888 246 1950 vert-it
270 1909 300 1950 se
324 1889 363 1950 ael
388 1887 550 1969 populum,
575 1893 607 1950 et
632 1909 736 1950 versus
760 1910 830 1951 eum
856 1890 1025 1952 extendens
1050 1895 1081 1951 et
1106 1890 1242 1969 jungens

151 2002 273 2055 manus,
307 1981 385 2045 dieit
420 2003 490 2044 voee
524 1982 758 2061 aliquantulum
790 1983 888 2045 elata:
924 1985 1018 2046 Orate
1051 1985 1177 2064 fratres,
1212 1988 1242 2045 et

151 2080 267 2136 secreta
282 2095 486 2154 prosequens:
501 2080 537 2136 at
555 2096 656 2137 rrzoam
671 2096 707 2138 aa
722 2082 859 2138 oestrum
875 2075 1085 2155 Sacrificium,
1099 2080 1157 2139 etc.
1175 2096 1242 2156 per-

152 2169 218 2230 fieit
240 2167 424 2243 eireulurn,'’
448 2169 514 2229 sine
538 2189 623 2230 nrora
647 2169 834 2244 “revertens,
858 2170 977 2246 jnrutis
1002 2171 1146 2231 inanibus
1170 2176 1242 2230 alite

152 2267 269 2342 peetus,
292 2282 310 2323 a
332 2282 427 2323 rnanu
453 2262 562 2324 dextra
586 2262 625 2324 ad
650 2261 787 2322 medium
813 2262 941 2323 nitaris.
988 2263 1028 2324 lit
1054 2283 1200 2342 responso
1225 2284 1243 2324 a

152 2357 307 2431 ministro,
334 2356 381 2418 vel
407 2376 425 2416 a
450 2355 743 2416 eirennrstantibns:
770 2356 929 2436 Siaseipiot
955 2356 1112 2418 Douriaus
1138 2358 1241 2417 Sarri-

151 2449 257 2529 ficiam
280 2449 317 2512 do
340 2450 483 2511 orionibus
507 2448 578 2520 tais,
600 2454 657 2510 ete.
686 2449 841 2528 (alioquin
863 2469 918 2529 per
938 2469 970 2511 se
993 2449 1096 2528 ipsum
1117 2449 1241 2512 dicens:

152 2543 349 2622 Sacrificium
373 2543 409 2605 do
433 2544 576 2604 arianida-s
599 2542 692 2621 mois)
720 2543 785 2621 ipse
808 2542 974 2604 Celelrrans
997 2542 1149 2604 submissa
1170 2563 1242 2604 roae

152 2638 246 2697 dieit:
275 2637 397 2708 starem
425 2641 456 2698 et
484 2636 628 2696 inanibus
657 2640 729 2697 ante
759 2640 865 2715 peetus
896 2636 1041 2710 extensis,
1070 2640 1106 2698 ut
1137 2636 1173 2696 tit
1202 2635 1242 2698 ad

153 2731 345 2802 Orationem,
358 2735 444 2791 stans
459 2731 490 2789 in
504 2728 607 2790 medio
619 2728 738 2789 Altaria
752 2748 856 2789 versus
870 2728 997 2801 librurn,
1010 2729 1088 2791 dicit
1102 2728 1243 2791 absolute

152 2825 218 2884 sine
253 2824 395 2893 Oramus,
430 2829 461 2885 et
495 2823 562 2883 sine
596 2821 656 2882 alia
693 2823 930 2901 interpositione
966 2822 1159 2897 Orationem,
1194 2822 1242 2883 vel

153 2916 317 2977 Orationes
336 2915 498 2983 serratas,''
517 2936 647 2976 nurnero
666 2918 696 2976 et
716 2914 825 2976 ordine
844 2919 937 2995 prout
956 2915 1057 2977 dietae
1077 2921 1152 2976 siant
1172 2915 1242 2976 Col·

152 3010 256 3071 leetae.
302 3010 402 3068 “(lnn
418 3010 511 3069 ‹lieitz
527 3010 589 3070 Per
602 3009 784 3079 Iloorinaar,
797 3008 906 3085 jungit
918 3028 1046 3069 maniis:
1060 3029 1130 3069 euni
1146 3008 1242 3071 dieit:

151 3104 259 3163 Jesran
287 3101 459 3172 (Uiriatum,
483 3107 575 3179 eaput
602 3102 749 3162 inclinat:
774 3100 854 3180 quod
881 3102 957 3161 lneit
982 3102 1012 3162 in
1038 3101 1141 3181 prirnn
1166 3103 1242 3164 Ora-

153 3194 267 3267 tione,''
286 3196 349 3274 ipse
368 3193 555 3272 respondens
571 3200 687 3255 seereto
703 3195 815 3264 flama,
834 3195 884 3254 “et
903 3195 934 3254 in
952 3193 1075 3267 ultima,
1092 3195 1118 3254 ai
1136 3194 1242 3274 plnres

152 3290 215 3349 sint
237 3286 416 3348 ‹lieenrlue.''

194 3387 221 3442 8.
245 3383 420 3442 “l'errento
448 3386 551 3441 alitem
583 3381 615 3441 in
644 3381 841 3442 eonelusione
869 3380 1000 3442 ultimae
1030 3380 1172 3444 Serretes
1202 3380 1241 3443 ad

152 3476 242 3538 verba
263 3476 332 3537 illa:
353 3476 414 3535 l'er
432 3475 537 3536 omnia
555 3476 677 3534 saecula
694 3475 887 3534 saeculoram
907 3474 1070 3544 exelusire
1092 3474 1242 3535 Sacerdos

150 3575 235 3631 stans
249 3571 281 3631 in
296 3568 397 3630 rnedio
412 3566 552 3629 Altariau
566 3567 705 3627 ‹lernittit
719 3567 859 3628 ‹leutrarn
875 3586 967 3645 super
981 3566 1100 3640 Altare,
1114 3567 1243 3628 sinistra

151 3665 273 3743 <praeerit
289 3662 532 3730 praefationem,
549 3668 616 3721 tnrn
633 3660 781 3721 anibnlrus
797 3659 966 3739 “‹lepositis
982 3680 1076 3740 super
1090 3682 1125 3722 eo
1141 3661 1242 3722 nrani-

151 3759 207 3819 bus
228 3759 301 3819 hine
323 3755 395 3819 inde
416 3755 561 3829 extensis,
582 3754 660 3816 ‹lieit
681 3753 877 3815 eonrenienti
900 3760 930 3816 et
953 3753 1148 3833 intelligibili
1170 3774 1243 3816 roae

152 3851 394 3914 Praefationem.
440 3848 519 3910 Cum
539 3848 633 3909 dieit:
651 3847 784 3908 Sursum
804 3847 905 3919 corda,
923 3848 1021 3908 elevat
1038 3867 1152 3908 manus
1168 3847 1242 3909 hine

152 3945 224 4010 inde
242 3950 384 4007 extensas
402 3964 499 4023 usqne
518 3942 555 4003 ad
574 3946 692 4021 peetus,
712 3941 756 4002 ita
774 3946 810 4002 nt
829 3941 932 4020 palma
951 3941 1046 4001 unius
1064 3962 1177 4002 manua
1196 3962 1241 4004 re·

151 4039 262 4119 spieiat
279 4038 419 4101 alteram.
466 4036 545 4097 (¹urn
565 4034 659 4097 dicit:
680 4034 804 4097 Gratias
821 4055 949 4114 apamias
967 4033 1114 4107 Domino,
1132 4035 1242 4115 jungit

151 4153 279 4199 ananus:
297 4153 369 4193 eurn
387 4131 482 4192 dieit:
501 4131 566 4191 Deo
586 4133 701 4199 nostro,
721 4127 824 4188 oeulos
843 4128 985 4202 elevate
1018 4128 1127 4189 statim
1147 4129 1241 4191 Cruci

151 4235 242 4306 eaput
264 4227 405 4286 inelinat.
451 4224 625 4302 Responsa:
644 4221 782 4300 Diprinm
804 4226 833 4282 et
850 4222 971 4300 justum
991 4225 1046 4292 est,
1065 4220 1193 4284 elevatis
1211 4224 1241 4283 et

150 4319 286 4383 extensis
299 4322 335 4380 ut
349 4317 436 4397 prius
450 4315 594 4376 manibus
608 4314 806 4394 prosequitur
822 4314 1055 4376 Praefationem
1070 4315 1241 4394 propriam,

338 4491 348 4515 '⁴
371 4483 400 4530 ln
423 4483 471 4529 line
492 4480 622 4528 Oratione
642 4479 798 4539 legendam:
825 4477 849 4522 in
869 4479 993 4527 laetiorem
1014 4478 1043 4527 Β.
1061 4479 1098 4528 Μ.
