2804 4890
179 684 242 747 346
420 696 473 750 DE
491 696 622 751 CULTU
644 697 697 751 SS.
722 697 1035 754 Eucuaulsrlnn.

180 857 264 919 Tum
281 855 402 920 claudit
417 857 599 936 crystallum
616 859 790 935 ostensorii,
801 860 849 937 (et
863 863 1055 942 capsulam),
1065 861 1275 924 ostensorium

183 949 217 1009 in
234 948 336 1012 medio
352 948 455 1011 Altari
472 950 601 1012 collocat
617 955 649 1012 et
664 951 793 1012 unicum
808 971 892 1032 genu
908 951 1015 1013 flectit.

225 1041 357 1117 Deinde,
373 1041 499 1106 admoto
516 1041 647 1105 scabello
664 1044 710 1105 vcl
727 1044 811 1106 brevi
829 1044 911 1106 scala
927 1046 954 1106 si
971 1064 1049 1126 opus
1065 1045 1118 1121 sit,
1135 1050 1273 1110 ostenso

183 1136 268 1197 rium
280 1136 315 1196 in
330 1136 442 1199 throno
456 1156 549 1216 super
564 1137 716 1216 corporali
732 1137 830 1217 ponit.
876 1138 1046 1219 Postquam
1060 1139 1223 1203 descendit
1239 1140 1273 1202 iu

182 1229 427 1309 suppedaneum,
443 1228 692 1310 genuflexionem
710 1232 813 1293 iterat.

224 1324 252 1384 2.
277 1322 312 1384 Si
331 1324 537 1386 ostensorium
557 1343 629 1384 oum
649 1346 672 1387 s.
692 1324 795 1387 hostia
813 1325 847 1385 in
867 1325 1066 1388 tabernaculo
1085 1332 1272 1395 asservetur,

182 1421 289 1497 aperto
303 1415 503 1480 tabernaculo
515 1415 709 1497 genuflectit,
722 1418 859 1480 extrahit
871 1419 1079 1480 ostensorium
1091 1424 1124 1483 et
1138 1418 1224 1483 illico
1238 1419 1272 1480 in

181 1511 293 1572 throno
313 1510 360 1571 uel
381 1508 447 1573 loco
468 1510 619 1571 eminenti
641 1509 780 1585 collocat,
802 1516 833 1572 ct
853 1511 937 1573 facta
956 1510 1173 1591 genuflexione
1195 1511 1272 1574 late·

181 1603 289 1665 raliter
306 1603 491 1665 descendit.⁹

225 1696 260 1757 Si
275 1695 516 1757 Sanctissimum
532 1696 565 1756 in
580 1696 686 1758 eodem
701 1696 901 1760 tabernaculo
914 1698 1090 1777 expositum
1105 1699 1271 1761 maneat.¹⁰

183 1788 332 1851 Sacerdos
356 1790 458 1868 aperit
484 1789 730 1865 tabernaculum,
755 1789 939 1869 genuflectit
964 1796 995 1854 et
1020 1790 1193 1853 lateraliter
1219 1791 1271 1853 de·

180 1882 310 1944 scendit.

223 1975 357 2037 Interim
373 1995 410 2038 ex
426 1975 576 2037 laudabili
594 1976 819 2039 consuetudine
834 1981 981 2040 cantatur
996 1979 1022 2040 0
1038 1978 1185 2042 sullaturit
1203 1979 1237 2040 H
1238 1999 1270 2041 o-

178 2070 249 2142 stia,
273 2069 391 2134 aliusve
415 2070 550 2148 hymnus
574 2069 621 2131 vel
646 2069 819 2150 antiphona
846 2071 1049 2134 inhonorem
1076 2070 1133 2134 SS.
1160 2070 1270 2133 Sacra-

179 2163 288 2227 menti.

219 2259 247 2318 3.
271 2255 443 2338 Postquam
468 2255 617 2319 Sacerdos
641 2255 814 2318 lateraliter
842 2256 877 2334 (a
900 2277 997 2320 cornu
1022 2256 1203 2338 Evangelii)
1234 2259 1268 2318 in

178 2349 308 2430 planum
324 2354 397 2413 ante
411 2349 550 2412 medium
567 2348 676 2411 Altare
691 2349 861 2424 descendit,
876 2370 976 2429 genua
994 2349 1092 2412 flectit
1109 2351 1141 2410 in
1156 2350 1268 2412 infimo

175 2443 286 2523 gradu,
316 2448 347 2507 et
377 2443 462 2506 facta
493 2442 641 2506 mediocri
672 2443 810 2522 corporis
841 2443 1070 2503 inclinatione¹¹
1103 2443 1206 2523 surgit
1236 2448 1268 2505 ct

178 2538 339 2599 incensum
359 2542 408 2600 ter
426 2537 562 2616 imponit
581 2537 647 2596 sine
667 2534 919 2597 benedictione.¹²
944 2535 1063 2596 lterum
1083 2535 1268 2616 genuflexus

177 2629 375 2693 thuribulum
392 2631 506 2709 accipit
524 2634 554 2691 el
572 2630 713 2690 incensat
732 2629 871 2707 “triplici
892 2633 1016 2689 tantum
1034 2628 1131 2690 (luctu
1149 2634 1266 2691 ettam

176 2728 248 2786 ante
266 2743 360 2803 quam
377 2729 446 2803 post
464 2723 708 2783 incensationem
727 2721 885 2801 profunda
902 2722 985 2782 lacta
1003 2723 1115 2801 eapitis
1133 2723 1265 2783 inclina·

178 2816 293 2889 tione‚''
309 2821 396 2878 motu
413 2818 512 2894 gravi,
530 2814 714 2893 interposita
732 2814 911 2875 brevissima
928 2815 1048 2876 iuorula
1065 2835 1163 2875 urium
1183 2816 1267 2876 inter

173 2910 345 2972 alterumve
374 2909 543 2981 ductum,¹³
575 2928 637 2969 non
669 2928 738 2968 vero
769 2909 866 2969 sexies
895 2908 1036 2971 noviesve
1068 2907 1267 2969 thuribulum

175 3002 272 3063 ducit.

218 3096 301 3156 Dum
319 3115 423 3173 preces
438 3095 589 3155 (licuntur
604 3093 641 3154 ad
660 3093 917 3159 benedictionem.
933 3094 1072 3172 exposito
1089 3093 1136 3154 Sa.
1155 3093 1263 3155 Sacra-

175 3195 290 3263 ment0,
325 3187 491 3251 Celebrans
524 3192 554 3250 et
588 3187 729 3247 llinislri
764 3206 888 3249 manere
921 3186 1034 3248 debent
1066 3185 1262 3265 genuflexi¹⁴

177 3283 267 3344 Stare
283 3285 387 3343 autem
404 3281 526 3353 debent,
543 3280 618 3340 dum
636 3286 707 3341 ante
726 3281 863 3341 Toulum
882 3302 952 3359 erpo
969 3284 1137 3341 cantantur
1152 3281 1263 3359 liynnii

174 3375 219 3438 uel
240 3376 361 3454 Recine
380 3377 457 3437 coeli
476 3374 520 3435 uel
542 3372 764 3452 .llapuificul.¹⁵

214 3474 242 3530 4.
267 3468 417 3531 Cantores
456 3467 519 3547 (vel
557 3466 722 3528 Celebrans
757 3486 826 3526 crini
862 3465 982 3527 ‹flerieis
1017 3465 1264 3528 assistentibus¹⁸

174 3565 322 3626 intonant
338 3564 475 3625 Tauium
491 3583 572 3641 erpo.
618 3559 665 3620 Ad
687 3561 878 3620 Veneremur
892 3561 999 3621 ‹uruui
1014 3560 1049 3619 lit
1063 3558 1101 3620 ab
1116 3558 1262 3621 omnibus

175 3657 338 3719 inclinatio
366 3657 478 3735 capitis
505 3653 672 3734 profunda.
718 3651 838 3713 lleindc
868 3652 1030 3713 intonatur
1060 3652 1204 3715 Genitori
1231 3658 1263 3714 ct

175 3753 287 3812 ilerum
305 3751 379 3812 thus
395 3748 570 3828 imponitur
585 3752 614 3809 et
633 3748 812 3807 incensatur
829 3751 862 3805 ut
879 3746 1007 3805 antoa¹⁷

213 3850 240 3907 5.
264 3845 407 3913 “Postea
428 3842 490 3903 (luo
511 3839 624 3902 Clerici
644 3838 768 3899 dicant:
793 3839 829 3899 V.
851 3839 968 3899 l'uucm
989 3839 1026 3900 de
1046 3840 1128 3902 coelo
1148 3843 1205 3900 etc.
1227 3843 1259 3902 et

174 3940 294 4002 Chorus
310 3939 346 4001 R.
392 3936 491 3998 Omne
508 3935 769 3996 delectamentum
785 3929 864 3995 ctc.''
907 3931 1060 4011 'l'empore
1076 3931 1214 4011 paschali
1230 3938 1261 3995 et

203 4068 377 4130 scarelieri,
427 4067 476 4116 IV.
528 4066 592 4128 1533
644 4064 685 4114 De
775 4067 799 4099 ¹³
818 4061 977 4112 Gardellini.

169 4148 265 4197 llerdt.
288 4146 326 4195 ll.
350 4147 391 4194 26.
774 4145 798 4177 1⁴
818 4139 850 4189 D.
900 4141 938 4189 17.
984 4140 1060 4206 Sept.
1109 4141 1184 4205 1897,
1230 4157 1256 4193 u.

204 4224 269 4273 ¹⁰B.
297 4239 322 4285 p.
352 4222 376 4269 in
404 4219 588 4270 tabernaculis
616 4218 682 4269 “re·
740 4216 817 4267 3965.
838 4218 861 4266 2.

167 4299 375 4352 vulvorrtilnis.’'
775 4301 799 4332 1⁵
819 4295 851 4344 D.
868 4297 891 4344 6.
910 4295 977 4345 Nov.
997 4296 1071 4356 19118,
1086 4312 1112 4346 n.
1129 4298 1206 4348 4224.

203 4387 223 4418 ¹¹
248 4380 278 4429 1).
298 4380 336 4428 lu.
354 4377 418 4426 Feli.
438 4377 512 4431 19116,
530 4391 554 4424 n.
571 4374 681 4423 417116.
776 4378 799 4409 ¹⁰
819 4373 992 4429 Martinam.
1012 4374 1050 4424 ll.
1071 4377 1111 4437 11,
1128 4375 1170 4425 50.

202 4456 285 4506 12'lle
319 4453 405 4503 allicio
440 4452 621 4505 thuriferarii.
656 4467 681 4500 n.
774 4455 797 4487 ¹⁷
817 4450 849 4500 D.
868 4453 891 4500 5.
909 4451 964 4500 lul.
988 4452 1061 4507 19117,
1079 4467 1103 4501 n.
1122 4453 1199 4515 4202,
1216 4454 1248 4503 cf

160 4537 217 4585 319,
251 4538 288 4584 10.
736 4530 811 4577 “aen
833 4530 906 4577 ltnm.
928 4528 984 4577 Sor.
1007 4544 1030 4578 n.
1052 4530 1110 4579 ool.
