2804 4890
407 686 462 749 Da
485 686 686 749 Dammae
710 687 944 748 animosam.
1167 676 1228 746 285

586 886 779 967 Antiphone.

179 1023 207 1082 5.
236 1020 289 1101 (1)
317 1021 397 1084 Cum
418 1021 682 1104 appropinquaret
704 1021 858 1085 Dominus
878 1023 1116 1102 lerosolymam,
1138 1022 1224 1086 misit

138 1113 215 1178 duos
233 1136 270 1178 ec
287 1114 449 1197 discipulis
466 1114 541 1188 sais,
560 1117 681 1177 dicans:

185 1209 238 1286 (2)
264 1207 315 1270 Itc
341 1209 374 1269 in
400 1209 572 1277 rastettum,
598 1211 680 1288 puroet
706 1214 814 1271 contro
838 1230 890 1271 uos
916 1215 977 1272 est:
1002 1216 1032 1272 ct
1057 1211 1224 1273 inuenietis

133 1303 256 1382 pullum
275 1301 380 1362 asinoe
399 1301 576 1381 attipalum,
595 1323 798 1383 superquam
820 1304 927 1365 nullus
945 1302 1105 1366 bominum
1129 1304 1227 1365 sedit:

181 1389 234 1466 (3)
262 1389 390 1461 Solvite,
412 1396 440 1452 et
462 1390 609 1453 adducite
634 1389 720 1455 inibi.

181 1479 234 1557 (4)
262 1479 299 1541 Si
319 1481 387 1560 qais
406 1501 458 1542 vos
479 1481 728 1561 interropaoerit,
747 1480 858 1544 dieite:
877 1504 954 1563 opus
973 1483 1109 1546 Domino
1130 1487 1184 1546 ost.

184 1568 236 1646 (5)
264 1569 426 1631 Saleantes
448 1569 647 1632 adduxerunt
669 1571 710 1633 ad
732 1572 860 1633 desum:
883 1577 912 1634 et
934 1573 1152 1649 imposuerunt
1175 1573 1224 1634 illi

136 1660 321 1725 uestimenta
333 1682 399 1734 sua,
414 1668 443 1724 et
456 1663 538 1725 sedit
551 1684 645 1743 super
658 1685 727 1726 cunr
736 1687 745 1725 :

180 1756 233 1833 (6)
257 1755 325 1816 Atii
343 1756 558 1836 expandebant
579 1757 762 1820 uestimenta
779 1779 835 1820 sua
855 1758 889 1821 in
909 1759 975 1822 oia:
993 1758 1049 1820 olii
1068 1780 1171 1822 ramos
1189 1760 1225 1821 de

135 1844 297 1907 arboribus
309 1847 505 1908 sternebant:

183 1937 236 2017 (t)
263 1936 306 2001 Et
325 1939 380 2020 qai
398 1940 616 2019 sequebantur,
637 1942 829 2003 ctamabant:
848 1943 1010 2014 Itosunna,
1031 1943 1220 2015 benedictus,

135 2031 190 2112 qui
205 2031 290 2093 venit
306 2032 339 2093 in
359 2033 483 2095 nomine
501 2033 647 2095 Domini:

182 2125 235 2203 (8)
262 2124 466 2188 Benedielum
487 2145 616 2205 reprcum
636 2128 734 2207 patris
752 2129 852 2189 nostri
867 2128 987 2190 Dauid:
1019 2130 1173 2193 IIosanna
1188 2132 1224 2191 in

136 2217 279 2281 excelsis:
295 2220 439 2282 miserere
458 2221 554 2290 uobis,
570 2220 746 2298 titillavit.

537 2457 609 2518 Atia
624 2458 818 2538 Antiphona.

176 2601 204 2662 6.
222 2599 275 2678 (1)
294 2599 373 2662 Cam
387 2599 525 2663 audisset
538 2601 681 2681 populus,
696 2598 768 2681 prtia
779 2602 802 2663 J
805 2619 873 2662 esus
885 2600 971 2665 venit
983 2603 1222 2683 lerosolymam,

134 2699 319 2775 acceperunt
334 2715 434 2755 ramos
447 2697 640 2774 palmarum:

180 2788 232 2867 (2)
259 2786 302 2850 Et
321 2788 462 2850 unierunt
479 2788 508 2850 ei
524 2789 656 2860 obuiam,
674 2793 703 2850 et
721 2789 895 2851 clamabant
911 2790 1011 2870 pueri,
1030 2788 1183 2852 dicentes:

182 2878 234 2955 (3)
263 2878 327 2938 Itic
342 2883 397 2949 est,
414 2877 467 2957 qui
485 2882 633 2938 uenturus
649 2883 693 2940 est
709 2879 743 2939 in
758 2879 890 2939 satutem
906 2880 1025 2958 papati.

182 2970 235 3049 (4)
262 2969 327 3033 Hic
341 2976 384 3032 est
399 2973 483 3032 satus
498 2974 614 3041 nostro,
631 2976 660 3032 et
676 2970 848 3051 redemptio
864 2972 971 3034 tsroet.

179 3065 232 3142 (5)
260 3063 403 3141 Quantus
427 3069 471 3126 cst
496 3065 563 3137 iste,
586 3065 637 3126 cui
660 3064 780 3128 Tbroni
805 3069 834 3127 ct
857 3064 1097 3128 Dominotioncs
1120 3086 1224 3129 occur·

135 3155 231 3216 runt!

180 3249 232 3325 (6)
259 3247 337 3310 Noli
351 3248 469 3317 timere,
485 3249 553 3326 filia
566 3249 661 3310 Sion:
677 3269 742 3310 ecce
759 3249 825 3310 Rea
842 3253 914 3310 treus
930 3251 1015 3309 venit
1032 3248 1099 3320 tibi,
1115 3249 1225 3310 sedens

133 3358 228 3418 super
242 3340 364 3419 puttam
380 3339 495 3409 asinae,
510 3337 590 3399 sicut
606 3337 756 3417 scriptum
775 3341 830 3399 est.

178 3432 231 3512 (ἵ)
259 3431 351 3494 Sotae
367 3432 443 3502 Rea,
460 3430 632 3512 fabricator
649 3430 770 3502 mundi,
787 3430 842 3511 qui
859 3431 973 3492 ircrrisli
989 3430 1140 3493 redimere
1158 3450 1223 3492 nos.

532 3666 606 3727 Atio
629 3665 823 3745 Antipbona.

176 3815 203 3874 ¹7.
232 3812 285 3890 (1)
312 3812 396 3874 Ante
409 3832 463 3874 sea
476 3809 541 3873 dies
554 3809 702 3872 solemnis
717 3809 862 3879 Pascbao,
876 3807 1000 3889 quando
1014 3808 1100 3870 venit
1112 3808 1220 3870 Domi-

134 3927 193 3968 nus
209 3906 242 3967 in
259 3906 416 3967 ciuitatem
432 3906 619 3974 Jerusalem,

181 3999 234 4077 (l)
263 3998 473 4061 Occurrcrunt
494 3998 522 4059 ei
541 3995 647 4078 pueri:
666 4000 696 4059 et
717 3996 749 4057 in
770 3995 913 4057 manibus
931 3995 1098 4076 portabant
1117 4014 1218 4055 ramos

134 4094 320 4174 palmorum.

181 4188 234 4264 (3)
263 4185 303 4247 Ε(
321 4187 495 4247 clamabant
513 4205 581 4247 uoce
600 4203 720 4263 mapna
737 4181 890 4243 dieentes:
906 4181 1058 4243 ttosauna
1075 4182 1108 4241 in·
1125 4181 1220 4241 eccet-

134 4301 186 4343 sis.

179 4376 231 4451 (4)
259 4374 457 4439 Benedictus,
485 4372 540 4452 qui
565 4371 676 4432 (ψηίδῆ
700 4370 731 4431 in
762 4368 966 4430 multitudine
994 4366 1223 4430 misericordiae

133 4470 220 4529 tuae:
235 4465 384 4527 Itosauun
404 4464 432 4525 in
450 4461 584 4525 excelsis.
