2804 4890
116 721 119 726 ·
154 685 218 751 592
460 697 546 751 ΔΡΡ.
573 696 614 750 11.
651 693 955 781 ADDITAMENTA.

195 864 223 922 3.
248 859 311 921 Vix
335 857 471 942 praecise
495 857 698 921 determinari
722 860 834 937 potest,
859 875 920 936 quo
945 859 1084 937 tempore
1107 853 1251 918 colorum

154 954 285 1016 varietas
315 953 349 1013 in
378 952 473 1013 sacris
503 949 639 1012 vestibus
669 951 768 1012 luerit
797 949 986 1012 introducta.
1040 949 1113 1011 Non
1141 947 1250 1024 semel,

152 1051 183 1108 et
200 1046 287 1126 quasi
305 1065 368 1106 uno
385 1045 451 1107 ictu
467 1043 514 1106 vel
532 1042 700 1104 universali
716 1043 783 1123 lege
802 1043 943 1122 liturgici
960 1042 1078 1106 colores
1093 1043 1127 1105 in
1145 1043 1250 1106 lucem

152 1139 347 1220 prodierunt.
396 1135 585 1200 Benedictus
610 1135 702 1198 XIV.
736 1135 821 1215 (Lib.
847 1135 886 1200 de
913 1136 1117 1199 Saerosancto
1144 1134 1248 1198 Sacri-

152 1234 223 1294 licio
245 1231 375 1309 Missae)
402 1229 491 1306 dicit,
512 1249 608 1310 usque
629 1230 667 1291 ad
690 1228 849 1292 saeculum
869 1227 929 1292 IV.
951 1247 1053 1293 sacrm
1075 1237 1174 1293 vestes
1194 1232 1249 1293 ha·

152 1325 238 1388 buise
265 1325 372 1387 album
399 1325 541 1388 colorem.
590 1323 618 1385 E
645 1323 841 1387 documentis
868 1323 1026 1386 historicis
1053 1331 1186 1400 constat,
1214 1325 1247 1386 id

151 1418 290 1480 absolute
318 1423 350 1480 et
378 1416 550 1480 universim
579 1417 642 1480 dici
672 1438 735 1479 non
764 1437 870 1498 posse3
901 1422 1027 1480 tantum
1058 1419 1089 1479 id
1117 1419 1246 1480 concedi

152 1511 252 1587 debet,
277 1510 460 1592 primordiis
484 1510 677 1589 temporibus
702 1509 809 1573 album
834 1509 968 1574 colorem
993 1511 1028 1572 in
1052 1511 1247 1573 vestimentis

151 1603 367 1666 ecclesiasticis
392 1602 609 1684 praevaluisse,
635 1602 711 1682 quin
737 1622 808 1665 vero
832 1601 889 1666 alii
913 1601 1030 1666 colores
1055 1604 1178 1666 luerint
1201 1624 1247 1664 se·

151 1696 255 1777 positi.
315 1696 564 1759 Consuetudines
600 1696 740 1757 locorum
776 1694 859 1759 solae
895 1715 951 1777 per
987 1695 1088 1759 multa
1123 1695 1247 1758 saecula

152 1809 278 1851 normae
294 1795 394 1863 erant,
411 1789 502 1868 juxta
520 1808 596 1868 quas
612 1789 728 1851 diversi
745 1789 861 1852 colores
877 1790 910 1851 in
926 1790 1015 1852 cultu
1031 1789 1140 1852 divino
1157 1789 1247 1850 adhi-

151 1882 312 1944 bebantur.
357 1881 494 1956 Primus,
517 1882 572 1962 qui
594 1881 632 1943 de
653 1882 696 1942 sic
719 1881 879 1943 distinctis
901 1880 1055 1943 coloribus
1077 1881 1247 1962 liturgicis,

152 1975 234 2036 inter
270 1974 463 2054 antiquiores
500 1972 649 2053 loquitur,
677 1975 740 2036 suit
778 1975 928 2036 Summus
964 1973 1114 2037 Pontifex
1149 1973 1247 2037 Inno-

152 2066 273 2129 centius
292 2065 357 2127 ΙΙΙ.
396 2066 436 2127 In
454 2084 545 2147 opere
564 2086 620 2128 suo
640 2066 707 2128 “De
728 2067 822 2128 Sacro
842 2065 962 2128 Altaris
982 2065 1154 2146 Mysterio''
1171 2086 1247 2147 qua·

151 2163 224 2222 tuor
244 2159 312 2238 jam
334 2158 450 2222 colores
472 2162 645 2233 enumerat,
669 2178 780 2238 nempe
803 2158 919 2236 album,
942 2159 1084 2235 rubeum,
1106 2159 1248 2238 nigrum,

150 2257 181 2314 et
210 2252 353 2314 viridem.
406 2253 526 2314 Verum
555 2251 649 2313 etiam
681 2257 756 2314 tunc
787 2253 937 2332 temporis
966 2253 1050 2314 color
1080 2252 1246 2327 violaceus,

149 2347 208 2407 ctsi
245 2345 352 2406 forsan
388 2344 499 2418 rarius,
534 2343 724 2417 occurrebat,
758 2349 788 2407 et
824 2344 906 2406 brevi
943 2350 1014 2425 post
1048 2345 1248 2425 frequentius

151 2438 291 2499 adhiberi
319 2438 444 2498 solebat.
494 2437 596 2498 Simul
621 2437 676 2498 alii
704 2437 805 2499 adhuc
831 2436 957 2513 colores,
983 2437 1145 2501 nonnullis
1171 2439 1247 2500 locis

152 2532 272 2605 saltem,
298 2532 330 2591 in
355 2551 445 2590 usum
468 2533 628 2591 venerunt.
675 2530 878 2591 Innocentius
903 2529 966 2592 lll.
992 2530 1122 2592 minime
1147 2531 1246 2592 voluit

152 2643 302 2686 canonem
324 2643 377 2685 seu
400 2623 498 2700 legem
521 2621 660 2683 stabilire
680 2622 718 2684 do
739 2620 903 2697 coloribus,
925 2622 978 2684 sed
1001 2624 1097 2686 refert
1119 2627 1246 2684 tantum

152 2717 189 2777 ad
228 2715 467 2777 consuetudines
505 2720 580 2775 tunc
614 2715 790 2776 existentes.
840 2715 955 2776 Revera
993 2735 1106 2796 magna
1144 2716 1248 2777 adhuc

152 2809 316 2871 diversitas
346 2808 427 2868 circa
457 2806 572 2869 colores
603 2807 704 2885 vigere
738 2807 891 2886 pergebat.
947 2809 1006 2883 lta,
1037 2829 1064 2869 v.
1095 2829 1137 2889 g,
1168 2807 1247 2870 dum

155 2903 268 2963 Itomae
287 2902 320 2962 in
338 2902 418 2961 festo
437 2899 584 2978 Corporis
603 2899 721 2960 Christi
739 2898 822 2960 color
840 2900 929 2961 albus
947 2902 979 2961 in
998 2921 1055 2961 usu
1074 2905 1152 2973 orat,
1170 2901 1247 2962 alibi

153 2995 237 3055 color
258 2994 371 3055 rubeus
392 2993 425 3053 in
446 2991 553 3054 eodem
577 2992 656 3052 festo
680 2991 894 3053 adhibebatur.
938 2993 1101 3074 Episcopis
1121 2999 1152 3056 et
1175 2994 1249 3055 aliie

156 3085 377 3166 Superioribus
412 3085 445 3145 in
478 3082 610 3146 diversis
641 3084 821 3163 prouinciis,
853 3083 1055 3159 dioecesibus,
1087 3092 1243 3149 monaste-

154 3181 209 3240 riis
235 3183 292 3240 etc.
320 3176 554 3255 relinquebatur
580 3175 798 3250 determinare,
826 3176 931 3256 quales
956 3176 1072 3240 colores
1098 3178 1248 3241 deberent

153 3293 206 3334 seu
226 3274 351 3351 possent
371 3267 520 3331 adhiberi.

195 3369 223 3425 4.
244 3364 308 3425 Lex
327 3361 522 3436 universalis,
542 3380 602 3440 qua
619 3362 795 3423 accuratius
815 3365 899 3424 totus
919 3383 1018 3426 canon
1037 3363 1075 3425 de
1092 3363 1250 3426 coloribus

154 3456 310 3536 liturgicis
330 3455 427 3517 fucrit
446 3452 605 3529 delinitus,
624 3453 687 3515 lata
705 3458 751 3516 est
770 3475 786 3515 a
808 3455 839 3516 S.
860 3454 1013 3518 Pontifice
1033 3455 1091 3519 Pio
1110 3456 1149 3517 V.
1169 3461 1250 3519 tern-

154 3571 237 3631 pore,
262 3569 322 3629 quo
347 3568 426 3609 nora
450 3546 547 3608 editio
576 3545 712 3607 Missalis
739 3566 810 3607 cunr
836 3548 900 3609 suis
927 3547 1060 3610 rubricis
1086 3550 1118 3610 in
1145 3549 1249 3613 lucem

155 3643 281 3722 prodiit.
325 3642 411 3702 Haec
432 3640 481 3701 lex
504 3638 604 3699 adbuc
624 3638 716 3701 hodio
736 3639 818 3702 valet
839 3644 980 3720 prototo
1001 3641 1073 3704 orbe
1094 3642 1251 3706 catholico

155 3735 261 3797 Latini
286 3733 375 3795 ritus.
422 3733 460 3792 ln
486 3730 641 3810 aliquibus
666 3730 844 3811 regionibus
868 3742 898 3796 et
923 3733 1059 3798 ecclesiis
1080 3733 1248 3816 privilegia

154 3834 183 3890 ol
206 3827 401 3907 exceptiones
424 3825 588 3893 habentur,
611 3827 749 3886 attamen
773 3825 803 3886 id
828 3845 890 3886 non
915 3826 1057 3906 impedit,
1079 3829 1251 3907 quominus

154 3923 307 4001 possimus
334 3920 449 3980 nostris
473 3916 582 3978 diebus
606 3917 690 3996 loqui
716 3917 753 3980 do
781 3937 851 3980 vero
877 3923 909 3980 et
933 3917 1103 3982 universali
1129 3940 1250 3986 canone

154 4014 253 4094 quoad
277 4012 392 4074 colores
414 4010 586 4089 liturgicos.

152 4147 254 4198 llnence
285 4162 347 4197 over
380 4147 424 4195 the
455 4143 673 4204 understanding
723 4144 879 4206 symbolism
905 4144 938 4196 of
962 4146 1049 4195 colors
1075 4147 1101 4196 in
1128 4148 1176 4198 ber
1203 4150 1248 4200 lit·

152 4226 205 4273 ond
236 4225 317 4284 mind,
348 4239 380 4270 ou
411 4231 456 4271 the
487 4222 536 4271 life
567 4221 598 4269 of
628 4221 672 4269 the
724 4236 792 4282 nrgy
821 4221 864 4269 for
892 4223 939 4271 her
965 4224 1072 4272 exulted
1101 4226 1155 4274 and
1183 4227 1248 4291 hely

151 4302 208 4348 sunl
234 4303 287 4351 and
314 4300 399 4348 beart.
443 4298 510 4346 Now
535 4297 590 4346 this
615 4296 672 4344 uni-
723 4311 861 4361 purposes,
892 4297 936 4346 for
964 4299 1093 4362 carrying
1121 4306 1169 4351 out
1199 4304 1249 4353 her

151 4376 266 4438 versally
282 4377 376 4423 knrrwn
394 4376 447 4424 and
464 4374 671 4433 acknowledged
723 4373 813 4421 ‹livini›
831 4375 940 4426 service.
982 4375 1071 4438 (Gihr,
1091 4376 1165 4440 Iloly
1182 4377 1247 4432 sne-

153 4451 211 4500 lact
232 4451 254 4500 is
274 4452 414 4514 employed
436 4451 472 4512 by
493 4452 538 4500 the
559 4450 671 4505 (burch,
723 4448 796 4498 rissce
815 4448 847 4497 of
864 4449 947 4513 Mass,
965 4464 990 4516 p.
1009 4450 1085 4517 298.)

152 4527 290 4579 inasmuch
305 4540 337 4577 as
351 4527 398 4577 she
412 4526 504 4577 makes
520 4539 565 4575 use
581 4525 612 4573 of
626 4526 672 4578 tho
