2804 4890
154 685 195 746 80
438 696 555 752 RITUS
579 697 726 752 MISSAE
751 699 960 755 PRIVATAE.

201 866 273 947 [2⁰]
301 867 405 928 “Tum
431 868 499 929 alba
527 868 681 942 induitur,
713 868 848 948 [Decitio
874 891 922 934 me
949 868 1023 949 etc]
1054 872 1150 950 caput
1176 868 1246 933 sub

156 962 295 1037 mittens,
321 961 434 1023 ‹leinde
461 963 616 1023 manicam
643 963 802 1024 dexteram
830 962 956 1026 brachio
982 963 1120 1039 dextero,
1148 968 1179 1026 et
1206 963 1233 1024 si

155 1056 288 1118 nistranr
320 1056 449 1117 sinistro
483 1056 655 1134 imponens
685 1056 785 1117 alliam
820 1057 919 1136 ipsam
951 1055 1073 1136 corpori
1105 1055 1246 1136 adaptat,

155 1151 254 1212 elevat
272 1153 355 1223 ante,
374 1154 405 1212 et
424 1170 440 1210 a
462 1148 610 1213 lateribus
629 1150 704 1212 hinc
724 1150 806 1217 inde,
826 1154 857 1212 ct

201 1242 273 1324 [3⁰]
300 1243 427 1322 cingulo
451 1262 507 1322 per
531 1243 712 1303 ministrum
738 1264 755 1304 a
780 1249 868 1322 tergo
892 1244 950 1304 sibi
977 1241 1150 1323 porrecto‚''
1174 1263 1246 1305 curn

154 1337 257 1398 floccis
286 1337 493 1409 dextrorsum,
521 1337 573 1398 “se
600 1335 731 1415 cingit,'’
760 1336 882 1398 dicens:
910 1337 1081 1441 l’roeciape
1110 1359 1159 1399 me
1187 1341 1245 1400 etc.

154 1432 322 1493 “Minister
335 1430 435 1494 elevat
446 1430 548 1492 albam
562 1450 654 1510 super
667 1430 870 1509 cingulum
845 1431 1056 1503 circumcirca,
1069 1434 1106 1491 ut
1092 1430 1247 1494 thoneste

154 1524 380 1604 dependeatet
401 1528 487 1602 ttcga
509 1527 573 1584 vtes
575 1544 624 1597 os3
646 1544 681 1584 ac
704 1524 773 1601 ejus
794 1522 934 1584 fimbrias
956 1522 1125 1602 diligenter
1147 1526 1246 1604 aptat,

154 1617 248 1678 utad
268 1618 324 1679 lati
327 1618 470 1679 tudinem
490 1616 582 1697 digit'
574 1638 584 1678 1
559 1617 650 1679 trel
672 1617 806 1691 circiter,
825 1635 919 1697 super
938 1621 1054 1679 terram
1073 1616 1247 1697 aequaliter

155 1709 263 1771 fluat.''

201 1801 272 1883 [4⁰]
300 1802 471 1865 “Sacerdos
496 1803 610 1883 accipit
634 1803 844 1883 manipulum,
868 1803 1027 1866 osculatur
1053 1803 1188 1866 Crucem
1211 1804 1246 1866 in

153 1897 267 1972 medio,
284 1901 315 1959 et
334 1898 468 1976 imponit
486 1896 612 1958 brachio
629 1896 778 1958 sinistr0''
799 1898 881 1960 inter
898 1897 1025 1978 pulsum
1042 1899 1075 1959 et
1092 1897 1246 1974 cubitum,

155 1990 295 2070 illudque
321 1991 440 2052 acicula
467 1991 514 2052 rel
541 1990 691 2053 chordula
718 1991 816 2070 ligare
843 1994 963 2071 potest3
991 1990 1121 2053 interim
1149 1991 1244 2054 dicit:

153 2084 278 2148 Mereor
295 2083 430 2147 Domine
449 2088 506 2147 etc.

200 2176 272 2258 [5⁰]
299 2177 442 2239 “Deinde
468 2177 616 2239 ambabus
642 2177 788 2238 manibus
814 2177 970 2258 accipiens
995 2178 1120 2254 stolam,
1146 2177 1244 2240 simili

154 2272 246 2335 modo
271 2271 478 2345 deosculatur,
503 2275 534 2334 et
560 2271 695 2349 imponit
720 2271 860 2332 medium
885 2271 955 2349 ejus
980 2269 1090 2346 collo,”
1121 2271 1245 2349 (Redde

155 2367 302 2427 milrietc
272 2366 398 2437 t).ita
422 2370 456 2426 ut
478 2366 641 2444 aplaucta
663 2370 857 2442 ctonegmur,
879 2385 941 2426 non
965 2365 1096 2429 veroad
1119 2368 1244 2445 tergum

154 2461 378 2539 rejiciatur,
380 2464 425 2522 ‘ac
453 2460 692 2523 transuersando
717 2479 786 2522 eam
815 2463 889 2522 ante
917 2460 1063 2541 pectus
1055 2480 1088 2522 ur
1118 2461 1247 2525 modum

154 2553 273 2627 Crucis,
296 2552 383 2614 ducit
407 2560 528 2631 partem
552 2573 569 2612 a
591 2553 720 2612 sinistro
745 2553 873 2613 humero
897 2551 1085 2631 pendentem
1108 2551 1148 2614 ad
1172 2551 1243 2613 dex·

153 2651 262 2713 teram.
282 2651 312 2708 et
331 2651 451 2725 partem
472 2667 490 2707 a
510 2646 636 2707 dextero
655 2647 785 2706 humero
805 2644 994 2724 pendentem
1012 2644 1051 2706 ad
1070 2644 1243 2706 sinistram.

155 2739 266 2820 Sic-que
290 2745 456 2819 utramque
481 2743 600 2819 partem
626 2738 722 2801 stolae
748 2738 1000 2800 extremitatibus
1024 2737 1145 2818 cinguli
1169 2738 1244 2801 hino

153 2833 225 2896 inde
247 2834 305 2912 ipsi
327 2833 453 2911 cingulo
473 2831 671 2911 conjungit.’'

198 2931 225 2987 6.
249 2926 432 2988 “Postremo
465 2925 615 2987 Sacerdos
646 2926 760 3004 accipit
792 2923 973 3004 planetam”
1005 2945 1059 2986 seu
1092 2923 1241 2999 casulem,

152 3040 244 3099 quam
261 3019 459 3090 chordulis,
446 3021 471 3079 si
488 3019 604 3095 adsint,
620 3021 753 3081 interius
769 3025 842 3080 ante
858 3022 928 3098 pcct
930 3039 966 3078 us
982 3018 1102 3098 alligat,
1118 3017 1243 3080 dicens:

152 3113 286 3175 Domine
303 3134 356 3193 pm
352 3112 541 3173 'dixisti-tc
498 3119 554 3174 etc
601 3112 635 3173 Si
651 3133 729 3193 opus
745 3113 797 3185 sit,
814 3112 976 3173 sudarium
993 3111 1098 3173 album
1116 3110 1243 3192 cingulo

152 3209 196 3268 ita
213 3205 410 3287 appendatur
427 3210 463 3265 ut
481 3207 528 3266 int
532 3226 564 3266 ra
517 3206 717 3267 tcasulam
736 3211 928 3283 contegatur.

194 3304 220 3361 l.
245 3300 283 3360 In
300 3300 442 3361 sacristia
458 3318 578 3379 semper
594 3300 693 3360 altum
711 3299 873 3360 silentium
890 3304 1039 3372 servetur,
1054 3300 1086 3360 et
1101 3318 1120 3360 a
1136 3298 1243 3379 pueris

151 3394 405 3456 ministrantibus
428 3393 613 3453 servandum
638 3394 790 3471 erigatur.
836 3391 922 3466 Quae
944 3412 1015 3454 vero
1037 3392 1168 3456 omnino
1189 3410 1240 3455 ne

150 3487 282 3550 cessaria
297 3492 381 3560 sunt,
396 3486 543 3548 dicantur
557 3487 709 3547 submissa
725 3506 803 3547 roco.

599 3672 713 3742 Anu.
740 3672 790 3743 ΙΙ.

300 3831 350 3881 un
379 3827 565 3881 incausati
592 3827 823 3878 sacrunorrs
851 3829 902 3879 nu
929 3828 1087 3880 munna.

191 3967 240 4030 50.
263 3967 433 4030 “Sacerdos
456 3966 600 4029 omnibus
624 3967 815 4046 paramentis
839 3964 999 4040 indutus,'’
1022 3966 1125 4045 capite
1147 3968 1240 4038 tecto,

150 4064 282 4142 “accipit
302 4083 395 4123 manu
414 4062 542 4123 sinistra
559 4060 697 4128 calicem,
714 4063 749 4121 ut
767 4080 860 4138 supra
879 4062 1109 4140 praeparatum,
1127 4057 1240 4140 quem'’

149 4158 185 4217 nd
209 4156 324 4216 nocturn
348 4164 454 4217 tcucns
476 4162 599 4234 “portat
621 4155 774 4214 clcruturu
798 4161 869 4214 antu
894 4153 971 4232 [non
995 4152 1096 4232 inira]
1121 4159 1240 4235 pectus.

151 4251 273 4311 bursam
300 4270 393 4310 uranu
417 4250 524 4310 «lextra
549 4269 641 4326 super
664 4249 790 4308 culicum
815 4253 933 4319 tcucns,
955 4247 1006 4308 ct”
1030 4248 1110 4309 nihil
1133 4248 1241 4309 dicens

150 4343 254 4407 “facta
272 4345 443 4405 rcrcrcntia
461 4344 552 4403 Cruci
572 4343 617 4402 rcl
638 4342 768 4418 imagini
789 4340 846 4413 illi,
865 4361 941 4420 quae
959 4341 992 4401 in
1011 4341 1163 4404 Sacristia
1179 4340 1242 4403 erit

540 4491 550 4524 ²
571 4485 743 4547 Martinucci,
763 4484 785 4533 Ι.
809 4485 847 4534 18.
