2804 4890
285 705 372 764 APP.
396 706 438 763 11.
479 706 534 762 DE
557 707 781 766 COLORIBUS
805 709 1043 766 LITURGIGIS.
1150 699 1212 764 593

163 875 191 934 5.
213 871 315 934 Juxta
341 871 424 934 hunc
451 891 600 936 canonem
627 873 719 936 hodie
746 874 883 953 quinque
910 872 1027 936 colores
1053 878 1214 953 tamquam

122 964 263 1046 liturgici
283 969 314 1028 et
335 965 373 1027 ab
395 964 601 1028 ecclesiastica
624 966 810 1028 auctoritate
832 966 955 1046 probati
978 970 1214 1042 enumerantur,

121 1077 232 1140 nempe
258 1056 357 1134 albus,
385 1058 509 1134 rubeus,
538 1058 657 1135 viridis,
686 1057 849 1136 violaceus,
876 1064 907 1122 et
935 1060 1033 1139 niger.
1083 1057 1214 1121 Accedit

121 1152 204 1214 color
228 1170 379 1227 rosaceus,
402 1151 455 1213 sed
479 1154 604 1213 tantum
626 1171 683 1233 pro
705 1151 825 1213 duabus
848 1151 1034 1229 Dominicis,
1054 1173 1096 1214 sc.
1119 1152 1214 1215 tertia

121 1243 284 1307 Adventus
310 1249 342 1306 et
364 1248 476 1325 quarta
500 1243 769 1324 Quadragesimae.
818 1246 898 1320 Quia
925 1246 959 1307 in
984 1244 1067 1310 hisce
1092 1245 1214 1308 duabus

121 1336 298 1400 Dominicis
319 1337 424 1398 luctus
445 1337 656 1418 poenitentiae
679 1357 765 1401 secus
787 1339 968 1419 praevalens
991 1331 1051 1401 isto
1075 1343 1214 1418 tempore

126 1429 307 1510 (Adventus
344 1435 375 1492 et
414 1429 708 1510 Quadragesimae),
745 1450 838 1510 quem
875 1431 1033 1512 significat
1071 1431 1213 1513 apprime

120 1523 204 1586 color
235 1521 399 1598 violaceus,
430 1523 628 1602 aliquatenus
660 1524 829 1600 relaxatur,
859 1524 928 1587 ideo
958 1543 1099 1586 rosaceus
1128 1521 1213 1587 color

126 1615 196 1696 (qui
223 1619 270 1676 est
297 1614 432 1680 violaceo
458 1615 588 1696 clarior)
621 1614 811 1679 conceditur.
860 1616 981 1678 Verum
1007 1636 1071 1679 non
1099 1616 1213 1695 ubique

120 1707 155 1768 in
175 1726 235 1770 usu
254 1709 310 1772 est.

163 1802 191 1861 6.
215 1799 378 1876 Rubricae,
410 1800 522 1881 quibus
555 1800 639 1863 color
670 1801 839 1880 liturgicus
869 1800 1104 1881 praescribitur,
1134 1799 1212 1864 rela-

121 1893 239 1953 tionem
259 1892 374 1954 liabent
396 1893 435 1954 ad
459 1892 619 1973 sequentia
641 1898 841 1973 paramenta:
868 1898 894 1955 1.
919 1894 957 1955 ad
981 1892 1212 1973 Antipendium

120 1984 257 2060 Altaris;
282 1987 310 2047 2.
333 1985 373 2047 ad
398 1984 573 2059 Plauetam,
598 1984 729 2060 Stolam,
753 1985 964 2064 Manipulum,
989 1986 1149 2061 Pluviale;
1173 1985 1213 2047 sd

120 2075 340 2151 Dalmaticam,
354 2076 552 2139 Tunicellam
562 2086 593 2140 et
607 2077 721 2139 Velum
734 2077 906 2140 Humcrsle
919 2078 1020 2157 quoad
1033 2079 1196 2141 ministros
1204 2097 1214 2154 3

120 2172 148 2231 3.
164 2169 204 2230 ad
223 2170 336 2233 Velum
350 2174 381 2231 st
396 2171 529 2232 Bursam
546 2167 670 2230 Calicis.

163 2265 191 2325 7.
214 2261 468 2340 Quandocumque
490 2261 605 2323 idcirco
625 2260 709 2322 color
729 2260 962 2341 praescribitur,
981 2282 1103 2344 semper
1122 2262 1213 2325 debet

119 2374 183 2416 esse
203 2353 382 2415 uniformis.
427 2354 499 2414 Non
521 2353 637 2427 liceret,
660 2353 793 2433 exempli
815 2355 919 2434 gratia
940 2374 1096 2417 assumere
1118 2353 1213 2416 Plan-

119 2450 225 2510 netam
244 2446 306 2508 albi
326 2446 438 2508 coloris
455 2450 487 2507 et
505 2445 625 2507 Stolam
645 2443 756 2507 coloris
775 2445 914 2508 alterius.
957 2447 1065 2527 Neque
1084 2447 1212 2527 permit-

120 2540 210 2615 titur,
228 2544 273 2613 ut,
291 2539 368 2600 dum
386 2537 552 2600 Celebrans
570 2536 701 2599 indutus
718 2542 765 2600 est
783 2539 968 2602 vestimento
985 2539 1072 2602 rubei
1091 2537 1212 2613 eoloris,

118 2631 259 2694 ministri
285 2631 319 2692 in
345 2629 443 2691 Missa
466 2629 611 2691 sollemni
636 2634 797 2692 assumant
822 2629 1032 2694 Dalmaticam
1058 2637 1089 2695 et
1113 2631 1212 2693 Tuni-

118 2724 229 2786 cellem
249 2723 361 2786 coloris
383 2722 445 2784 albi
467 2725 525 2785 etc.

160 2819 189 2878 8.
212 2816 277 2879 Lex
303 2815 341 2878 de
367 2813 531 2889 coloribus,
558 2815 590 2876 id
617 2815 744 2896 insuper
770 2817 874 2877 notari
901 2816 1001 2892 debet,
1028 2822 1146 2898 spectat
1172 2815 1211 2878 ad

119 2913 338 2988 paramentum
363 2907 410 2968 vel
436 2913 552 2968 vestem
577 2926 632 2987 per
657 2926 699 2982 sc,
724 2912 755 2969 et
779 2927 842 2971 non
868 2908 907 2969 ad
934 2908 1112 2986 accessoria,
1138 2910 1158 2972 i.
1185 2929 1211 2972 e.

118 3005 275 3062 ornatum.
320 3000 405 3061 Hinc
428 3000 509 3060 nihil
531 2998 684 3079 prohibet,
708 2999 875 3079 quominus
898 3002 931 3062 in
952 3001 1057 3065 casula
1080 3002 1141 3064 nlbi
1163 3022 1211 3064 co

119 3093 194 3157 loris
216 3095 394 3173 apponatur
415 3112 492 3154 crux
514 3091 561 3154 vel
586 3091 683 3153 fascia
706 3091 818 3154 coloris
841 3093 928 3155 rubei
952 3114 1005 3156 seu
1028 3095 1093 3159 vice
1115 3114 1212 3171 versa,

118 3185 287 3249 dummodo
311 3184 384 3248 talis
407 3188 535 3247 ornatus
558 3203 622 3248 non
643 3183 772 3247 excedat
793 3184 968 3248 moderatas
992 3187 1209 3249 dimensiones.

120 3279 202 3339 Nam
225 3278 339 3339 abusus
364 3282 411 3340 est
434 3276 584 3339 conficere
609 3276 804 3349 vestimenta,
830 3297 908 3357 quae
932 3278 1070 3340 diversos
1095 3279 1211 3343 colores

118 3371 265 3433 exhibent
285 3371 339 3444 ita,
360 3373 395 3430 ut
415 3368 523 3430 nullus
543 3368 627 3431 color
645 3369 687 3429 sit
708 3368 959 3448 praedominans,
978 3378 1010 3432 et
1031 3376 1106 3434 tunc
1127 3373 1211 3434 hisce

118 3463 312 3526 vestimentis
338 3463 386 3523 uti
412 3461 504 3540 juxta
528 3460 758 3539 beneplacitum
785 3467 840 3523 aut
864 3481 920 3541 pro
947 3463 1003 3524 hoc
1028 3461 1129 3527 colore
1154 3468 1210 3526 sut

117 3575 173 3637 pro
191 3555 255 3617 illo.
295 3554 332 3616 Id
350 3557 437 3634 patet
452 3575 468 3616 e
486 3553 617 3614 Decreto
635 3552 666 3613 S.
687 3552 818 3613 Rituum
834 3551 956 3632 Cong.,²
970 3573 1030 3633 quo
1044 3553 1105 3615 ists
1117 3552 1209 3615 vesti-

116 3653 222 3711 menta
246 3666 372 3727 prorsus
395 3645 558 3725 reprobata
583 3644 722 3704 fuerunt.

159 3744 186 3801 9.
210 3739 340 3819 Aliquot
360 3738 451 3800 annis
471 3737 583 3799 abhinc
604 3734 743 3816 quaestio
763 3737 882 3817 agitata
904 3738 968 3800 fuit
985 3736 1024 3801 de
1044 3739 1208 3802 vestimen-

116 3835 157 3894 tis
178 3832 251 3896 fisvi
272 3836 303 3894 et
325 3830 457 3893 caerulei
481 3828 602 3892 eoloris.
647 3829 783 3891 Exstant
805 3849 889 3891 nunc
912 3830 997 3892 varia
1020 3830 1152 3895 Decreta
1175 3834 1207 3896 S.

116 3926 248 3988 Rituum
265 3925 374 4003 (long,
391 3945 407 3986 e
425 3922 537 4003 quibus
555 3923 651 4002 patet,
666 3922 741 3984 haec
757 3921 942 3986 vestimenta
959 3943 1023 3987 esse
1040 3924 1208 4005 prohibitu.

158 4019 206 4079 Ad
229 4018 377 4078 dubium:
400 4016 471 4076 “An
493 4019 675 4094 paramenta
696 4013 807 4076 coloris
829 4014 901 4076 flavi
924 4015 1065 4079 adhiberi
1088 4018 1208 4098 possint

116 4133 171 4192 pro
192 4130 375 4191 quocunque
396 4108 508 4181 colore,
528 4107 619 4181 nigro
641 4104 811 4184 excepto?'’
855 4107 886 4169 S.
910 4107 1008 4186 Cong.
1031 4108 1208 4190 rescripsit:

115 4201 319 4283 “Negabis''

157 4296 206 4357 Au
229 4295 378 4356 dubium:
401 4293 610 4354 “Paramenta
632 4290 743 4351 eoloris
765 4290 848 4363 fluvi,
870 4297 937 4353 turn
960 4293 1148 4357 sericatum
1170 4318 1207 4359 ex

115 4410 190 4450 atrro
217 4393 372 4453 contexta.
402 4388 572 4465 possuntne
601 4382 740 4445 adbiberi
772 4403 828 4463 pro
858 4384 937 4453 albo,
967 4386 1072 4459 viridi,
1103 4389 1206 4458 rubro,

114 4503 149 4547 ac
184 4481 329 4555 violaceo,
363 4475 547 4559 praesertim
584 4476 616 4535 in
650 4473 786 4536 ecelesiis
822 4477 1068 4556 pauperioribus,
1106 4481 1207 4547 farere

575 4577 631 4630 ²D.
647 4579 723 4634 2769.
