2804 4890
501 712 554 769 DE
576 715 737 770 OANONE
760 716 917 771 MISSAE.
1211 706 1252 769 95

156 903 211 946 ens
232 883 361 947 calicem
382 885 474 965 juxta
497 886 615 947 nodum
638 886 723 948 intra
746 886 900 967 cuppam'’
925 888 944 949 i.
968 909 993 950 e.
1017 908 1113 950 manu
1136 887 1247 952 dextra

158 997 262 1057 supra,
284 977 414 1041 sinistra
438 979 523 1040 infra
546 979 675 1054 nodum,
699 980 750 1042 “et
773 979 1025 1060 aliquantulum''
1049 982 1070 1044 i.
1093 1001 1119 1045 e.
1144 981 1246 1061 spatio

143 1076 291 1151 ‚quatuor
302 1072 429 1134 circiter
440 1072 624 1152 digitorum,
638 1072 751 1134 “illum
764 1073 896 1149 elevans,
908 1095 943 1137 ac
956 1075 1065 1136 statim
1078 1074 1246 1155 deponens,

162 1163 314 1244 [interea]
344 1165 440 1227 dicit:
466 1167 633 1247 Accipiene
659 1171 690 1229 at
716 1167 801 1229 dunc
826 1168 1020 1248 praeclarum
1048 1167 1184 1230 Calicem
1211 1167 1246 1231 in

155 1263 279 1321 sanctos
294 1280 330 1321 ao
347 1260 536 1322 verrarobiles
553 1280 664 1323 tironus
679 1260 783 1322 suoa.''
821 1261 910 1321 Tunc
928 1260 1101 1340 repositum
1117 1259 1246 1323 calicem

155 1351 262 1414 eodem
276 1352 370 1413 modo
383 1358 502 1427 tenens,
518 1353 610 1413 “oum
624 1352 719 1414 dicit:
734 1353 810 1415 item
828 1353 886 1416 tibi
899 1355 1017 1434 pretias
1031 1375 1135 1434 opens,
1151 1357 1247 1434 caput

156 1443 309 1508 inclinat''
327 1466 432 1508 versus
449 1466 473 1507 s.
491 1447 644 1521 hostiam;
662 1447 755 1508 “cum
773 1446 868 1509 dicit:
887 1447 1097 1523 bene-l-diait,
1117 1447 1246 1508 sinistra

155 1538 281 1599 calicem
309 1539 395 1602 infra
418 1559 551 1619 cuppam
582 1538 715 1618 [adhuc]
744 1545 863 1614 tenens,
889 1539 998 1601 dextra
1023 1541 1128 1619 signat
1153 1560 1246 1620 super

154 1652 243 1708 eum3
260 1638 292 1695 et
308 1653 513 1714 prosequens:
532 1634 679 1714 deditque
697 1631 953 1716 discipulusne,
972 1637 1030 1698 etc.
1049 1640 1081 1700 et
1099 1636 1248 1698 ambabus

155 1725 299 1785 manibus
317 1730 425 1787 tenens
442 1725 580 1800 calicem,
598 1725 743 1788 videlicet
761 1727 889 1788 sinistra
907 1724 1038 1806 pedem''
1057 1727 1123 1788 scil.
1142 1727 1244 1788 indice

153 1822 186 1879 et
209 1816 323 1897 pollice
347 1817 468 1896 junctis
493 1838 588 1898 supra
614 1818 734 1899 pedem,
760 1818 888 1898 reliquis
913 1819 1024 1898 digitis
1050 1819 1136 1880 infra
1161 1839 1244 1894 eum,

154 1910 285 1972 “dextra
305 1910 422 1973 nodum
444 1912 530 1973 infra
550 1911 716 1992 cuppam,''
737 1912 783 1974 ita
803 1911 931 1975 calicem
953 1911 1118 1992 paululum
1139 1933 1157 1973 a
1179 1933 1243 1974 cor-

154 2002 254 2083 porali
273 2002 382 2078 elevat,
402 2024 533 2083 eumque
553 2024 616 2067 non
635 2004 744 2066 —vel
764 2005 858 2065 vix-
877 2004 915 2066 ad
936 2025 968 2067 se
988 2005 1154 2080 inclinans,
1173 2008 1244 2085 post

154 2097 256 2170 rerba,
281 2096 376 2159 bibite
401 2119 438 2160 ea
461 2120 494 2160 eo
519 2119 635 2170 omnes,
659 2097 794 2159 “cubitis
818 2117 911 2177 super
934 2097 1044 2159 Altare
1067 2098 1188 2177 positia,
1212 2101 1244 2161 et

152 2190 254 2269 capite
275 2188 459 2264 inclinato,''
479 2192 546 2252 sine
568 2211 664 2266 mora,
685 2190 827 2269 “profert
847 2194 977 2266 attente,
998 2191 1190 2265 continuate,
1211 2193 1242 2253 et

152 2290 269 2344 secreto
283 2287 437 2362 utsupra,
452 2285 542 2345 rerba
557 2284 798 2345 consecrationis
816 2283 1003 2362 Sanguinis:
1020 2284 1084 2346 llic
1098 2289 1143 2347 est
1159 2283 1242 2346 anim

153 2376 254 2447 Catia,
287 2375 366 2440 etc.''
421 2376 597 2439 Dicendum
631 2376 815 2457 Sanguinis,
847 2398 912 2440 non
944 2378 1089 2458 Sanguis.
1142 2378 1246 2440 Verba

152 2469 317 2548 utriusque
333 2469 573 2530 consecrationis
590 2469 627 2529 ob
642 2468 818 2548 periculum
833 2469 960 2532 errandi
976 2468 1163 2548 proterenda
1180 2489 1243 2530 uon

152 2566 226 2623 sunt
247 2563 437 2623 memoriter.

194 2658 222 2715 2.
245 2654 388 2728 “Quibus
410 2654 513 2728 dictis,
535 2655 660 2735 reponit
682 2655 810 2717 calicem
831 2675 925 2735 super
947 2653 1126 2736 corporale”
1148 2655 1243 2735 erigit

152 2770 183 2810 sc
195 2755 224 2810 et
239 2754 372 2826 utraque
385 2767 480 2810 manu
494 2749 634 2827 deposita
647 2748 773 2810 “dicens
788 2754 921 2810 secreto:
935 2750 1022 2811 llaec
1036 2751 1241 2829 qrrolicscnm·

152 2862 209 2923 que
233 2840 385 2924 feceritis,
410 2847 468 2905 etc.
494 2842 677 2924 genuflexus
705 2843 900 2924 Sanguinem
924 2848 1100 2906 reverenter
1125 2843 1244 2908 adorat.

152 2935 234 2996 'lum
256 2955 288 2997 se
309 2934 414 3013 erigit,
435 2940 466 2996 et
488 2935 642 3013 accipiens
665 2934 793 2995 calicem
815 2935 1045 3014 discoopertum
1068 2955 1139 2995 cunr
1164 2936 1241 2995 San-

151 3029 246 3108 guine
268 3026 418 3089 ambabus
440 3027 595 3102 manibus,
618 3032 655 3089 ut
677 3028 776 3107 prius,
798 3027 897 3089 elevat
920 3048 1002 3103 eum,
1024 3026 1086 3104 et,’'
1110 3028 1242 3090 intentis

152 3122 184 3182 in
204 3141 276 3183 eum
297 3119 433 3197 oculis,¹⁰
454 3122 622 3196 “erectum,
643 3125 798 3200 quantum
818 3120 977 3183 commode
999 3120 1121 3201 potest''
1141 3121 1242 3183 itaut

151 3215 263 3295 capitis
282 3215 430 3276 verticem
450 3214 647 3292 aliquatenus
666 3213 803 3290 excedat,
824 3214 870 3276 vel
890 3219 926 3275 ut
945 3215 1026 3275 oculi
1048 3214 1241 3277 Celebrantis

153 3309 236 3369 intra
270 3307 381 3389 pedem
416 3307 521 3369 calicis
556 3307 729 3387 perspicere
765 3307 897 3381 valeant,
933 3307 1092 3370 “ostendit
1125 3307 1241 3387 populo

150 3401 364 3464 adorandum:
384 3421 456 3463 mox
477 3399 601 3480 ipsum''
621 3420 676 3481 per
694 3399 835 3463 eamdem
857 3401 973 3462 lineam
993 3405 1108 3462 rectam
1130 3400 1241 3462 demit-

151 3501 218 3556 tens
234 3498 433 3556 “rererentor
448 3494 572 3575 reponit
588 3514 681 3574 super
696 3494 854 3573 corporale
871 3496 903 3554 in
920 3494 1022 3556 locum
1038 3491 1240 3574 pristinum,’'

152 3589 286 3650 carendo
309 3607 347 3649 ne
370 3588 515 3662 hostiam,
538 3587 585 3651 rel
607 3588 724 3648 hostias
744 3587 907 3666 manipulo
930 3592 1049 3666 tangat,
1071 3588 1123 3648 “et
1145 3606 1241 3647 manu

151 3680 277 3744 dextera
303 3681 386 3760 palla
413 3681 586 3760 cooperit‚¹¹
615 3701 649 3741 ac
675 3679 857 3757 genuflexus
887 3680 1124 3740 Sacramentum
1152 3699 1240 3739 reno-

151 3775 384 3839 ratur.''-Hae
404 3780 538 3856 quatuor
554 3775 787 3855 genuflexiones
806 3774 845 3837 ad
866 3773 1082 3836 Elorationom
1101 3774 1244 3854 quamvis

153 3887 349 3946 magnacum
364 3866 537 3930 reverentia
552 3871 657 3929 tamen
672 3866 738 3928 sino
754 3885 840 3925 mora
856 3866 942 3925 liant.

187 4056 210 4090 ra
228 4051 312 4106 Bubr,
758 4055 785 4092 ²1
803 4048 837 4100 V.
853 4063 881 4100 n.
898 4050 942 4114 46,
959 4049 985 4102 l.
