2804 4890
303 676 357 732 DE
381 676 557 745 RELIQUO
580 677 740 735 orslclo
760 679 892 737 HuJUs
914 680 1072 738 FERIAE.
1171 671 1230 734 321

142 848 237 911 dicit:
255 849 351 913 Pater
368 854 473 911 noster
489 853 546 912 etc.
565 849 707 912 extendit
725 870 845 913 manus.
890 851 1004 915 Clerici
1023 854 1229 934 respondent:

142 943 206 1005 Sed
220 941 318 1005 libero
332 963 386 1005 nos
400 964 418 1004 e
433 945 524 1015 ezelo,
539 947 570 1004 et
585 941 768 1006 Celebrans:
783 945 886 1008 Amen
901 946 957 1008 sub
972 947 1098 1008 silentio
1107 966 1116 1022 ;
1130 951 1162 1009 et
1176 945 1229 1008 ad·

141 1036 202 1098 huc
224 1040 334 1098 tenens
356 1054 467 1096 manus
489 1040 640 1110 extensas,
663 1035 829 1116 subjungit
851 1039 884 1098 in
906 1039 1005 1119 priori
1028 1043 1102 1102 tono
1125 1038 1228 1101 feriali

146 1127 243 1209 [“qu0
261 1128 344 1190 dixit
362 1129 458 1190 Peter
477 1127 617 1208 riostar'’]
632 1148 639 1189 :
657 1128 844 1195 Libertinos
863 1135 920 1194 etc.
939 1138 971 1194 et
988 1132 1093 1193 cleriei
1114 1132 1147 1193 in
1167 1131 1229 1194 fine

142 1223 347 1302 respondent:
366 1222 501 1284 Amm.”

184 1319 210 1377 7.
234 1315 422 1377 “Celebrans
442 1313 636 1394 genuflectit,
657 1316 769 1396 surgit,
789 1317 977 1397 discooperit
997 1318 1135 1393 calicem,
1156 1339 1227 1399 sup·

142 1409 230 1487 ponit
245 1413 392 1488 patenam
407 1409 536 1484 hostiae,
551 1413 583 1471 et
596 1413 705 1470 tenens
720 1429 816 1471 manu
830 1410 959 1473 sinistra
973 1416 1120 1491 patenam
1135 1431 1229 1492 super

142 1501 259 1576 Altare,
278 1501 379 1565 elevat
398 1501 525 1565 dextera
545 1502 690 1577 hostiam,
709 1508 746 1565 ut
765 1503 803 1564 ab
821 1503 966 1566 omnibus
986 1504 1085 1567 rideri
1106 1504 1227 1585 possit.³

143 1595 287 1658 Declinat
303 1595 438 1657 hostiam
456 1595 635 1659 immediate
651 1616 744 1676 super
761 1596 887 1658 calicem
905 1597 970 1676 jam
987 1597 1228 1677 discoopertum,

140 1692 172 1749 et
187 1689 295 1751 statim
311 1688 427 1750 dividit
444 1709 510 1751 eam
529 1689 563 1750 in
581 1693 643 1750 tres
660 1694 775 1768 partes,
792 1710 877 1752 more
894 1691 996 1765 solito,
1013 1690 1093 1752 nihil
1111 1690 1228 1764 dicens,

140 1801 272 1861 quarum
288 1782 435 1844 ultimam
453 1782 599 1844 immittit
615 1783 648 1843 iu
664 1782 801 1858 calicem,
818 1784 936 1863 pariter
951 1782 1032 1844 nihil
1048 1782 1155 1846 dicens
1170 1803 1227 1844 nec

141 1874 299 1954 signans.'’

177 1971 205 2029 8.
218 1968 393 2048 “Cooperto
404 1968 499 2032 calice
512 1967 705 2048 genuflectit,
718 1973 749 2032 et
761 1970 960 2049 postmodum
973 1988 1113 2047 surgens,
1127 1969 1226 2030 mani-

140 2060 196 2122 bus
215 2062 335 2139 junctis
353 2081 447 2141 super
466 2061 569 2122 Alteri
589 2066 620 2123 et
641 2062 811 2124 inclinatus
830 2062 907 2123 dicit
926 2068 1042 2125 secreto
1062 2062 1225 2145 Perceptio

140 2154 276 2235 corporis
293 2158 351 2216 etc.
369 2155 491 2216 omissis
509 2154 629 2215 duabus
646 2154 717 2215 aliis
735 2155 946 2217 Orationibus.
992 2154 1112 2218 Iterum
1130 2173 1225 2234 genu-

141 2246 249 2321 flectit,
277 2246 389 2309 deinde
417 2251 541 2327 accepta
570 2252 684 2325 patena
712 2267 782 2308 cum
811 2248 923 2322 hostia,
952 2251 987 2309 ut
1015 2248 1102 2322 alias,
1129 2246 1224 2310 dicit:

140 2342 257 2402 Panem
285 2343 446 2403 coelestem
472 2347 529 2402 etc.
573 2340 707 2402 Domine
736 2362 795 2403 non
820 2361 890 2402 sem
917 2341 1031 2420 dignus
1056 2344 1114 2403 etc.
1141 2360 1225 2404 more

140 2434 232 2496 solito
264 2438 312 2494 ter
341 2434 518 2513 percutiens
550 2437 667 2512 pectus.
722 2432 836 2494 Hostia
867 2453 898 2494 se
930 2433 1044 2511 signat,
1076 2431 1225 2494 dicendo:

140 2527 260 2608 Corpus
278 2526 408 2590 Domini
427 2527 525 2589 riustri
542 2534 599 2589 etc.
617 2531 647 2588 et
665 2547 696 2588 se
713 2523 954 2587 communicat.’'

181 2623 209 2681 9.
232 2620 350 2682 “Facta
371 2619 456 2683 brevi
479 2620 693 2695 meditatione,
717 2618 905 2698 discooperit
926 2618 1053 2681 calicem
1076 2624 1106 2682 et
1129 2638 1224 2698 genu·

139 2712 247 2774 flectit.
293 2712 402 2793 Surgit
420 2718 451 2776 et
467 2712 604 2775 collectis
620 2713 657 2774 de
675 2732 760 2774 more
777 2713 973 2792 fragmentis,
991 2712 1104 2791 accipit
1122 2710 1225 2772 amba-

138 2805 195 2868 bus
211 2807 354 2868 manibus
371 2805 529 2880 calicem,'’
547 2806 592 2867 rel
610 2806 738 2867 sinistra
754 2809 911 2886 patenam,
928 2805 1029 2867 “nihil
1047 2805 1153 2878 dicens
1168 2822 1225 2865 nec

138 2920 170 2960 se
188 2901 325 2977 signans,
344 2905 375 2961 et
393 2901 490 2960 sumit
509 2905 684 2961 reverenter
702 2919 738 2960 ex
756 2920 792 2961 eo
810 2897 998 2979 particulam
1016 2897 1134 2959 hostiae
1153 2915 1225 2958 cum

139 2992 242 3054 rino.''

182 3089 229 3146 10.
253 3085 396 3147 “Omissa
431 3091 578 3147 consueta
611 3083 717 3146 calicis
751 3084 979 3165 purificatione,
1014 3103 1099 3145 more
1133 3082 1225 3145 solito

138 3180 237 3241 abluit
260 3179 376 3259 digitos
398 3199 492 3259 super
513 3178 640 3239 calicem
663 3198 734 3238 cum
758 3179 829 3238 vino
851 3181 882 3239 et
904 3195 992 3256 aqua.
1015 3211 1058 3219 —
1081 3175 1224 3254 Surgunt

139 3274 266 3335 iuterim
287 3292 403 3346 omnes,
424 3278 455 3334 et
474 3273 553 3334 cerei
575 3269 836 3350 extinguuntur.'’

182 3370 228 3426 11.
252 3365 450 3439 “Celebrans,
470 3370 596 3443 sumpta
616 3364 648 3423 in
669 3362 771 3426 medio
791 3362 950 3425 ablutione
969 3362 1097 3425 calicem
1118 3362 1224 3440 tergit,

138 3460 275 3538 cooperit
294 3463 386 3538 atque
405 3457 582 3538 componit;
603 3454 654 3518 et”
674 3455 838 3535 paululum
857 3453 1059 3527 “inclinatus,
1080 3453 1224 3515 manibus

137 3553 256 3632 junctis
276 3558 348 3613 ante
367 3555 484 3632 pectus,
504 3550 581 3612 dicit
601 3553 734 3612 secreto:
755 3549 846 3626 Orrod
865 3569 915 3611 ore
933 3549 1125 3627 sumpsimus
1145 3543 1223 3608 etc.''

180 3644 397 3706 “Descendens
408 3645 448 3727 in
465 3645 595 3725 planum
615 3642 734 3703 Altaris
751 3647 782 3705 et
801 3641 883 3703 facta
901 3659 972 3702 cum
991 3638 1111 3701 clericis
1127 3656 1224 3718 genu-

137 3738 269 3802 flexione
286 3738 391 3812 Cruci,
407 3741 550 3818 cooperto
566 3736 668 3816 capite
684 3734 853 3796 revertitur
869 3735 902 3794 in
919 3729 1124 3795 sacristiam.''

180 3922 248 3986 las.
271 3923 315 3985 ne
329 3922 461 3999 Pyxidis
473 3920 685 3999 Repositione.
711 3920 743 3982 Si
759 3921 848 4001 pyxis
861 3941 932 3981 cum
949 3920 1005 3982 SS.
1023 3920 1224 3983 Sacramento

137 4019 168 4079 in
187 4019 313 4099 capsula
331 4017 485 4097 sepulchri
505 4020 690 4089 asservatur,
707 4014 874 4076 Celebrans
893 4012 1023 4075 indutus
1041 4013 1222 4094 superpelli-

136 4135 187 4174 ceo
203 4119 234 4175 ct
248 4112 328 4175 stola
344 4111 412 4172 alba
429 4109 536 4170 “radit
554 4109 592 4170 ad
609 4106 788 4181 sacellum‚''
804 4111 834 4168 et
851 4106 944 4168 sicuti
960 4107 1072 4187 pridie,
1089 4109 1224 4189 “accipit

135 4207 236 4268 velum
249 4226 306 4286 pro
319 4203 467 4276 humeris,
481 4210 511 4264 et
525 4201 780 4283 praecedentibus
792 4199 913 4262 clericis
925 4220 996 4261 cum
1010 4202 1104 4263 cereis
1118 4220 1223 4263 accen·

136 4300 178 4360 sis
198 4303 337 4378 reportat
357 4296 513 4379 pyxidem.
533 4293 716 4356 servandam
737 4294 770 4354 in
789 4293 989 4355 tabernaculo
1009 4293 1110 4373 posito
1130 4314 1223 4375 super

168 4440 180 4473 ⁸
200 4435 331 4485 Elevatnr
346 4434 433 4483 altera
448 4436 554 4481 tantum
570 4445 650 4480 manu
706 4445 755 4481 nec
770 4429 834 4480 thus
849 4430 1004 4492 adhibetur,
1019 4446 1052 4481 nc
1066 4431 1116 4481 hae
1133 4429 1177 4484 die
1192 4430 1225 4486 (le

133 4528 181 4568 nec
195 4513 318 4567 fimbriae
331 4513 458 4576 planetae
472 4509 651 4561 sustolluntur
705 4521 774 4558 novo
791 4514 950 4558 consecrata
966 4512 1091 4574 putetur.
