2804 4890
287 719 343 776 DF.
365 720 565 777 INGRESSU
588 722 834 778 SACERDOTIS
857 724 911 778 ΔΙ)
933 724 1099 780 Atrans.
1200 714 1239 777 81

157 884 198 966 [si
211 886 338 948 abusive
352 885 444 960 desit,
459 885 624 948 inclinatio
638 886 829 966 omittitur],
844 888 946 967 capite
961 894 1105 967 cooperto
1119 888 1239 951 accedit

152 979 190 1041 ad
209 979 329 1053 Altare,
348 979 494 1041 ministro
513 1000 585 1041 cum
605 979 726 1042 Missali
753 1028 760 1041 .
792 1028 799 1041 .
825 980 1037 1060 praecedente,
1056 981 1239 1062 superpelli-

152 1094 238 1136 ceum
268 1072 411 1135 induto.'’
467 1073 633 1136 Celebrans
661 1074 726 1153 ipse
755 1078 858 1154 portet
887 1075 1033 1150 calicem3
1063 1074 1173 1155 quodsi
1201 1095 1240 1141 ex

152 1166 255 1247 aliqua
281 1187 373 1228 causa
400 1186 473 1228 eum
500 1187 563 1229 non
591 1170 704 1247 portet,
731 1167 850 1228 accedit
877 1168 1023 1230 manibus
1050 1168 1180 1247 junctis,
1207 1173 1240 1232 et

152 1279 256 1322 omnes
284 1260 472 1322 reverentias
499 1259 621 1323 detecto
648 1260 750 1340 capite
778 1261 864 1323 iacit.
936 1261 1106 1324 “Procedit
1132 1265 1238 1325 autern

152 1353 248 1415 oculis
276 1352 431 1427 demissis,
461 1353 582 1415 incessu
611 1351 720 1434 gravi''
750 1373 814 1415 non
845 1354 1034 1417 festinanter
1063 1355 1152 1435 quasi
1183 1375 1239 1438 per

152 1448 285 1527 plateam
304 1446 478 1522 ambulans,
497 1448 619 1510 “erecto
637 1445 795 1528 corpore.''
838 1447 910 1510 “Ad
929 1449 1060 1527 januam
1080 1449 1239 1512 sacristiae

152 1561 230 1621 aqua
247 1541 419 1615 benedicta,
437 1542 463 1601 si
481 1541 640 1602 commode
659 1541 725 1603 fieri
744 1546 856 1622 potest,
875 1563 906 1604 se
924 1543 1036 1621 signet,
1055 1544 1103 1605 sin
1122 1543 1238 1618 minus,

152 1654 182 1697 se
208 1634 407 1699 abstineat.''¹
457 1636 492 1698 Si
519 1636 661 1699 sacristia
688 1637 731 1700 sit
757 1639 841 1699 retro
867 1641 938 1720 post
963 1637 1083 1715 Altare,
1110 1659 1127 1703 e
1153 1643 1242 1720 parte

154 1726 315 1807 Evangelii
333 1727 556 1808 egrediendum
573 1733 604 1790 et
619 1749 635 1789 e
651 1733 740 1807 parte
757 1727 916 1808 Epistolae
932 1729 972 1790 ad
990 1729 1076 1790 illam
1093 1729 1237 1793 acceden-

152 1819 225 1882 dum
242 1823 313 1883 est.²

190 1915 247 1976 “Si
266 1936 338 1979 vero
355 1916 523 1996 contigerit
542 1937 613 1979 eum
631 1917 766 1979 transire
784 1923 856 1978 ante
875 1916 984 1980 Altare
1003 1918 1118 1996 majus,
1136 1918 1237 1997 capite

151 2014 293 2089 cooperto
317 2009 414 2071 iaciat
438 2010 477 2071 ad
502 2009 580 2070 illud
605 2010 827 2070 reverentiam:
853 2011 878 2070 si
903 2017 976 2072 ante
1000 2010 1103 2073 locum
1130 2010 1237 2072 Sacra-

151 2100 280 2177 menti,''
306 2102 355 2164 vel
381 2124 400 2165 a
425 2103 521 2165 latere
548 2102 689 2181 ejusdem
716 2107 864 2178 transeat,
891 2102 1131 2183 “genuflectat''
1176 2103 1237 2166 Ne-

152 2196 267 2258 minem
285 2196 403 2259 salutat
421 2196 646 2271 obvenientem,
666 2197 727 2258 nisi
748 2197 950 2277 Episcopum,
970 2197 1017 2259 vel
1039 2196 1238 2260 Sacerdotem

152 2295 295 2370 paratum
322 2290 361 2352 ad
388 2291 497 2352 Altaro
524 2289 742 2370 procedentem
769 2290 815 2352 vel
844 2290 916 2351 inde
944 2290 1136 2354 redeuntem.
1203 2291 1237 2354 Si

152 2385 302 2445 transitus
321 2385 364 2445 sit
383 2388 545 2463 angustus,
566 2383 621 2463 qui
640 2381 760 2445 accedit
778 2383 818 2445 ad
838 2383 948 2446 Altare
967 2384 1071 2446 locum
1091 2384 1180 2447 cedet
1200 2384 1238 2448 de

152 2477 252 2539 Alteri
276 2477 445 2541 redeunti.³

191 2574 218 2632 2.
241 2572 345 2633 “Cum
369 2572 545 2651 pervenerit
567 2572 607 2634 ad
631 2571 750 2647 Altare,
774 2576 861 2634 stans
884 2577 957 2635 ante
980 2572 1067 2634 illius
1091 2573 1237 2634 infimum

151 2666 292 2742 gradum.
318 2672 412 2744 caput
437 2665 565 2743 detegit,
591 2665 727 2727 biretum
752 2665 898 2728 ministro
922 2664 1088 2746 porrigit,’'
1114 2666 1161 2728 vel
1187 2686 1236 2728 ca·

152 2760 285 2838 putium,
301 2760 328 2821 si
344 2780 380 2821 eo
396 2763 514 2833 utatur,
532 2759 692 2838 deprimit,
709 2760 761 2822 “et
776 2759 891 2834 Altari,
908 2779 961 2820 seu
979 2759 1110 2838 imagini
1129 2759 1236 2820 Cruci·

154 2852 202 2912 fixi
216 2854 349 2933 desuper
362 2853 480 2932 positae
493 2852 648 2933 profunde
661 2873 692 2913 se
707 2851 859 2913 inclinat’'
872 2852 1010 2932 corporis
1024 2852 1236 2914 inclinatione.

152 2946 205 3008 “Si
232 2952 339 3009 autem
366 2947 399 3007 in
425 2966 460 3008 eo
486 2945 528 3008 sit
555 2945 791 3008 tabernaculum
821 2945 878 3006 SS.
908 2945 1113 3021 Sacramenti,
1140 2964 1236 3025 genu-

152 3037 295 3102 flectens''
321 3040 354 3101 in
379 3040 486 3119 plano⁴
511 3039 669 3102 “debitam
694 3039 772 3101 facit
797 3039 1011 3102 reverentiam.
1076 3039 1166 3101 Tunc
1191 3058 1236 3101 as-

152 3132 284 3209 cendit,’'
307 3134 461 3213 incipiens
483 3133 593 3195 dextro
615 3132 702 3213 pede,
724 3133 784 3194 “ad
807 3132 945 3194 medium
968 3132 1098 3207 Altaris,
1121 3132 1175 3194 ubi
1198 3132 1236 3194 ad

153 3247 246 3289 comu
273 3227 436 3306 Evangelii
462 3227 547 3289 sistit
572 3224 731 3288 calicem.’'
763 3225 955 3305 (Religiosus
981 3226 1153 3306 caputium,
1179 3227 1237 3287 mi·

151 3321 247 3384 nistro
262 3321 443 3399 adjuvante,
457 3321 644 3400 componit.)
666 3320 765 3381 Manu
780 3319 1062 3381 dextra“extral1it
1077 3318 1236 3399 corporale

153 3413 187 3476 de
207 3415 311 3489 bursa,
334 3413 415 3494 quod
438 3413 580 3476 extendit
603 3414 636 3474 in
658 3413 761 3474 medio
784 3411 934 3486 Altaris,''
956 3413 1045 3493 prius
1067 3413 1238 3493 plicaturas

153 3506 301 3583 laterales,
319 3515 388 3569 tum
407 3507 594 3588 plicaturam
612 3507 825 3586 posteriorem,
843 3506 956 3567 ultimo
975 3507 1162 3568 anteriorem
1186 3505 1238 3584 (in

150 3621 205 3680 qua
219 3602 305 3664 Crux
318 3621 376 3664 acu
389 3601 608 3663 convenienter
620 3600 744 3678 depicta
755 3600 833 3677 est),
848 3599 891 3661 ita
904 3605 940 3660 ut
952 3600 1021 3678 ejus
1033 3619 1088 3660 ora
1099 3599 1237 3679 spatium

152 3694 240 3775 digiti
256 3696 354 3758 distet
370 3715 388 3756 a
405 3695 509 3757 fronte
525 3694 668 3767 Altaris,⁵
686 3695 738 3756 “et
754 3713 847 3772 super
864 3693 943 3754 illud
960 3693 1087 3755 calicem
1106 3693 1172 3755 velo
1188 3713 1236 3755 co-

152 3797 293 3869 opertum
308 3788 469 3864 collocat,'’
486 3794 516 3851 et
534 3788 636 3851 velum
652 3787 797 3850 decenter
813 3787 952 3867 adaptat,
969 3792 1005 3850 ut
1021 3787 1103 3849 calix
1118 3786 1238 3850 velatus

152 3885 188 3945 sit
204 3888 291 3947 totus
308 3884 341 3944 in
360 3888 448 3963 parte
464 3882 612 3943 anteriori
625 3882 646 3953 §.⁶
665 3879 810 3942 “bursam
828 3880 954 3942 autem’'
972 3881 1037 3960 jam
1055 3880 1144 3960 prius
1160 3879 1237 3942 dum

151 3979 285 4041 extrahit
303 3977 472 4057 corporale,
491 3976 621 4038 collocat
639 3975 698 4035 “ad
718 3994 815 4036 comu
835 3973 1031 4052 Evangelii,''
1050 3974 1095 4036 ita
1112 3976 1150 4035 nt
1168 3974 1237 4055 ejus

151 4078 295 4151 apertura
315 4072 357 4132 sit
379 4090 484 4132 versus
505 4068 643 4129 medium
666 4068 795 4137 ditaris,
818 4069 877 4129 nisi
902 4069 1004 4146 imago
1027 4069 1060 4129 in
1081 4087 1116 4130 ea
1138 4068 1236 4131 alium

150 4176 264 4228 statum
285 4166 433 4244 requirat.
479 4163 533 4222 “Si
557 4164 587 4222 in
609 4161 710 4222 :illari
733 4168 913 4240 paramenta
934 4162 1058 4240 accipit,
1077 4162 1134 4222 lroc.
1155 4162 1238 4224 idem

152 4260 224 4322 tacit
245 4265 412 4338 antequam
434 4255 598 4317 descendat
620 4256 657 4314 ab
679 4255 792 4321 Alteri,
813 4259 848 4317 nt
871 4255 999 4316 Missam
1021 4254 1176 4315 inclroet.'’

183 4383 192 4415 ¹
212 4375 245 4427 D.
267 4375 344 4425 2514.
366 4373 390 4423 4.
755 4375 766 4407 ⁴
787 4367 818 4418 D.
837 4369 913 4419 2682.
930 4368 972 4420 4⁷.

183 4453 245 4503 τι).
268 4452 345 4501 suaa.
371 4452 409 4500 12.
755 4451 766 4483 ε
787 4446 818 4495 1).
843 4447 919 4495 arsa.
946 4448 985 4496 12.

182 4535 194 4567 ³
214 4526 424 4590 martinaceus
440 4528 481 4589 18,
495 4527 536 4576 aa.
754 4527 765 4559 ο
786 4522 817 4572 n.
841 4521 915 4573 1379.
