2804 4890
168 698 228 761 494
280 704 334 764 DE
357 703 498 764 FUNCT.
523 703 631 763 Pasa.
656 703 936 763 SAORAMENTIS
960 706 1153 766 ADNEXIS.

168 873 269 934 adhuc
294 873 435 935 sensibus
459 874 553 954 viget,
576 872 805 937 absolutionem
829 875 947 955 pluries
970 874 999 937 ei
1024 873 1166 937 conferre
1191 874 1261 954 post

169 967 291 1028 brevem
316 965 601 1029 reconciliationem
625 965 758 1048 juvabit.
806 967 841 1029 Si
865 968 931 1047 jam
956 966 1097 1029 sensibus
1121 971 1206 1028 earet
1230 968 1263 1029 et

169 1058 293 1120 nullum
320 1058 446 1135 doloris,
473 1079 529 1121 nec
554 1058 759 1120 absolutionis
785 1058 932 1122 desiderii
959 1059 1088 1139 signum
1112 1056 1263 1132 ostendit,

168 1171 232 1213 non
248 1150 376 1231 expedit
391 1151 478 1214 valde
495 1152 619 1231 saepius
635 1153 719 1213 intra
735 1151 868 1214 eundem
886 1152 970 1215 diem
987 1152 1215 1215 absolutionem
1233 1150 1263 1213 ei

169 1245 336 1325 impertiri.
377 1243 423 1306 At
442 1245 470 1307 si
490 1243 543 1308 ille
564 1244 745 1306 habituatus
766 1245 865 1308 fuerit
887 1246 919 1306 in
940 1245 1044 1325 pravis
1064 1243 1263 1326 cogitationi-

170 1336 237 1413 bus,
261 1337 288 1398 si
316 1337 421 1417 aliquo
447 1337 574 1400 vulnere
601 1336 745 1412 moritur,
773 1338 820 1398 vel
847 1336 953 1417 aliqua
977 1337 1044 1401 odii
1069 1338 1116 1400 vel
1144 1335 1263 1417 impuri

170 1430 285 1493 amoris
306 1431 449 1510 passione
471 1433 518 1492 est
541 1429 692 1506 irretitus,
715 1431 742 1491 si
765 1429 934 1492 infirmitas
956 1437 1003 1492 est
1026 1430 1121 1491 nimis
1144 1428 1264 1504 acerba,

169 1528 201 1586 et
221 1524 285 1603 ipsa
305 1543 368 1585 non
387 1522 498 1585 libenti
516 1523 622 1584 animo
640 1521 761 1598 suffert,
782 1528 857 1584 tunc
877 1523 1000 1602 saepius
1020 1522 1174 1586 absolutio
1192 1520 1263 1582 dari

170 1618 289 1696 potest:
318 1614 511 1689 sinautem,
538 1613 652 1677 sufficit
680 1620 716 1676 ut
745 1615 843 1676 trium
871 1623 926 1676 aut
954 1619 1088 1694 quatuor
1114 1615 1264 1677 horarum

170 1708 309 1787 spatium
329 1707 519 1782 intercedat;
538 1706 735 1787 frequentius
754 1714 870 1783 tamen,
890 1708 916 1768 si
936 1707 1070 1785 jamjam
1091 1706 1265 1768 moriturus

170 1804 226 1864 est.
268 1799 342 1861 Non
362 1799 415 1861 abs
437 1819 469 1860 re
490 1799 561 1874 erit,
582 1806 754 1878 aegrotum,
775 1799 852 1860 dum
873 1805 977 1861 mente
999 1799 1105 1880 pollet,
1128 1816 1264 1871 monera,

170 1898 207 1954 ut
233 1892 261 1954 si
286 1891 373 1972 loqui
396 1911 460 1954 non
487 1891 595 1971 possit,
622 1889 748 1969 signum
775 1891 900 1970 aliquod
929 1892 1173 1954 determinatum
1200 1891 1264 1965 det,

171 1984 248 2046 dum
270 1983 498 2047 absolutionem
524 1984 656 2063 quaerit,
678 2004 705 2045 e.
730 2003 759 2062 g.
784 1982 889 2065 oeulos
915 1982 1041 2045 claudat
1066 1983 1114 2048 vel
1139 1986 1265 2059 reseret,

171 2096 301 2140 manum
324 2075 431 2151 elevet,
454 2081 548 2155 caput
570 2075 746 2137 inclinet.''³

214 2170 242 2230 3.
263 2168 452 2231 Morientem
473 2166 612 2246 adjuvet,
634 2171 670 2229 ul
689 2165 814 2231 “eliciat
835 2170 922 2229 aetus
943 2167 1027 2243 fidei,
1048 2167 1114 2249 spei
1134 2170 1166 2231 et
1185 2165 1265 2229 cari·

172 2261 248 2323 tatis
285 2261 479 2341 aliarumque
516 2258 701 2321 virtutum.''
761 2259 926 2321 Orationes
964 2281 1021 2341 pro
1058 2258 1265 2335 moribundis,

172 2352 347 2417 benedictio
373 2351 564 2426 moribundi,
591 2352 739 2431 suspiria⁴
767 2352 914 2414 distincte
939 2356 969 2414 ct
995 2355 1082 2433 quasi
1109 2352 1147 2414 ad
1174 2372 1265 2416 aures

172 2446 329 2522 dicantur,
351 2450 385 2509 at
406 2466 470 2507 non
491 2443 673 2519 clamando;
696 2445 882 2523 “praecipue
904 2445 1058 2508 invocatio
1083 2446 1139 2508 SS.
1164 2443 1265 2507 nomi-

172 2558 249 2599 num
279 2538 356 2600 Jesu
387 2542 418 2599 ct
450 2537 580 2612 Mariae,
611 2537 648 2597 ad
680 2537 737 2598 hoc
767 2537 863 2599 etiam
895 2537 1152 2616 interrumpendo
1182 2557 1264 2600 com-

174 2631 405 2693 mendationem
426 2627 594 2690 animae.''⁵
638 2628 704 2691 Nee
727 2628 803 2690 talia
826 2629 961 2707 suspiria
984 2630 1183 2706 omittantur,
1205 2628 1265 2692 etsi

174 2722 318 2784 infirmus
335 2721 476 2784 sensibus
494 2721 665 2782 destitutus
684 2720 844 2795 videatur;
863 2742 925 2783 nou
946 2742 1016 2784 raro
1033 2723 1117 2783 enim
1137 2720 1267 2784 auditus

173 2815 274 2877 adhuc
295 2815 389 2894 viget,
411 2813 538 2892 reliquis
559 2812 699 2874 sensibus
720 2814 786 2892 jam
807 2813 1008 2876 cessantibus.
1053 2815 1150 2896 Saepe
1171 2814 1267 2876 mori·

174 2907 297 2969 bundus
322 2927 400 2987 aqua
425 2905 586 2967 benedicta
611 2909 803 2985 aspergatur.

215 3003 244 3062 4.
268 2999 330 3063 Pro
355 2997 622 3060 conmendatioae
647 2997 770 3060 animae
797 2997 947 3060 Sacerdos
972 3000 1135 3080 “aspergat
1160 3020 1267 3079 aegro-

173 3097 253 3166 tum,
269 3090 384 3154 lectum
402 3096 433 3153 et
449 3091 687 3152 circumstantes
703 3110 783 3170 aqua
800 3091 971 3164 benedicta,
989 3092 1096 3154 dicens
1112 3094 1269 3174 Asperpea

175 3206 223 3248 me
239 3189 307 3257 etc„
325 3183 476 3245 Crucifixi
492 3184 661 3262 imaginem
678 3188 803 3262 aegroto
820 3183 1021 3247 osculandam
1038 3184 1183 3265 praebeat
1212 3233 1219 3244 .
1254 3232 1262 3245 .

174 3295 301 3340 accensa
327 3275 455 3338 candela
485 3274 579 3355 [quae
604 3275 645 3336 sit
670 3274 841 3345 benedicta,
867 3280 901 3336 ut
928 3276 1110 3339 iiioricntem
1137 3277 1268 3355 adjuret

174 3373 282 3434 contra
304 3369 492 3432 tentationes
512 3366 744 3446 daemonum],⁰
766 3367 897 3446 genibus
920 3367 1007 3430 ssexis
1028 3389 1099 3430 cum
1123 3369 1270 3430 omnibus

175 3461 451 3525 circumstantibus
473 3461 578 3522 lueres
600 3460 744 3520 llilanias
767 3460 906 3529 recitet,'’
926 3462 997 3521 cte.⁷

216 3556 369 3633 “Egressa
402 3555 507 3617 anima
541 3553 578 3615 de
610 3571 746 3631 corpora,
780 3553 886 3613 statim
921 3552 1061 3614 dicatur:
1096 3554 1268 3619 Siibveaite

176 3647 287 3711 Sancti
307 3646 396 3712 lbi?
414 3650 471 3708 cic.

209 3849 313 3912 ³llpud
337 3846 455 3898 Scarini.
496 3846 539 3896 cf.
564 3846 695 3895 Exhorta-

175 3925 232 3974 tion
260 3924 304 3972 for
330 3924 375 3973 the
401 3923 454 3972 last
480 3923 555 3984 hour,
583 3922 609 3970 in
635 3920 695 3971 tine.

745 3858 768 3894 v.
799 3845 871 3909 apud
903 3844 1030 3908 Konings
1060 3845 1099 3897 11.
1130 3861 1155 3897 n.
1191 3849 1268 3905 1509.

745 3919 893 3970 Lehmlruhl
930 3920 969 3970 ll.
1006 3936 1031 3971 n.
1068 3922 1191 3983 510-522,
1226 3922 1269 3975 Da

180 4000 271 4060 (Vade
287 4014 389 4049 mecum
406 3999 441 4049 ad
457 3997 525 4059 inf.)

211 4075 306 4124 «ibid.
327 4090 353 4139 p.
375 4074 416 4124 38.
454 4073 584 4126 Manuale
605 4071 695 4122 Sacer·

176 4153 324 4211 dotum,
356 4145 697 4211 Schneider-lehmknhl,

177 4225 322 4292 Appendix
345 4225 386 4276 11.

212 4303 273 4353 sne
291 4302 389 4352 Herdt.

212 4379 297 4428 wau.
321 4380 371 4428 etc.

213 4455 320 4504 ²Plura
340 4453 372 4503 de
392 4453 442 4504 hac
463 4451 625 4519 gravissima
644 4466 698 4502 ma·

177 4530 249 4583 teria
269 4529 437 4581 visitationis
459 4528 625 4579 infirmorum
646 4530 697 4579 ete.

744 3994 834 4046 Ilerdt
853 3995 909 4046 ΠΙ.
929 3998 994 4055 210;
1016 3996 1090 4047 etin
1111 3998 1269 4063 Theologiis

744 4072 937 4135 pastoralibus,
980 4071 1108 4137 Schnech,
1150 4073 1268 4139 Banger,

744 4147 870 4210 Gassner,
888 4152 938 4198 etc.

779 4222 929 4289 “Expedit
951 4227 982 4273 ut
1003 4224 1092 4289 quivis
1113 4238 1206 4276 reeens
1226 4240 1269 4276 or·

744 4299 856 4350 dinatus
884 4298 1015 4351 Sacerdos
1042 4301 1095 4349 sibi
1122 4307 1268 4367 componat

745 4374 895 4426 industrias
908 4380 935 4426 et
951 4379 1043 4428 modos
1057 4377 1174 4439 juvandi
1188 4379 1268 4429 mori·

744 4450 850 4501 hundos
866 4457 892 4502 et
912 4453 1012 4516 agendi
1029 4466 1089 4504 cum
1107 4453 1269 4521 aegrotis’*

745 4526 869 4579 Lacroix.
