2804 4890
167 721 221 777 DE
244 684 365 778 Misus
386 722 642 778 PONTIFICALI
664 722 719 777 AD
742 722 1052 779 FALDISTORIUM.
1098 712 1156 776 193

65 915 97 956 n.
126 899 184 957 102
210 899 363 959 notatur.⁴
429 898 646 964 Incensatione
672 907 796 980 peraeta
823 902 995 983 Episcopus
1023 902 1155 966 inclinat

66 989 106 1052 ad
129 990 261 1052 Crucem
283 995 314 1052 et
335 1011 500 1053 conversus
523 1012 615 1072 super
637 995 797 1056 sinistram
821 1016 909 1057 suam
931 995 1092 1060 descendit
1113 996 1153 1060 ad

66 1084 281 1148 faldistorium
306 1085 410 1166 ibique
436 1085 530 1148 sedet.

108 1185 136 1241 5.
160 1181 259 1244 Mitra
293 1180 434 1260 deposita
469 1181 643 1262 Episcopus
675 1203 768 1263 super
802 1184 963 1247 sinistram
999 1205 1087 1247 suam
1122 1205 1154 1248 se

67 1277 161 1338 vertit
189 1275 230 1337 ad
259 1275 378 1350 Altare,
408 1276 486 1356 legit
516 1276 700 1352 introitum,
730 1278 808 1340 dicit
836 1279 870 1340 K
871 1278 936 1359 pria
968 1282 1092 1354 eleison,
1123 1285 1154 1343 et

69 1373 111 1452 (si
139 1376 249 1434 cantus
275 1373 317 1434 sit
344 1373 470 1449 finitus)
504 1371 627 1436 intonat
657 1374 772 1438 Gloria.
827 1376 960 1437 Iutcrim
990 1376 1155 1456 Presbyter

65 1465 212 1528 assistens
241 1471 304 1529 stat
333 1487 351 1528 a
380 1466 499 1530 dextris
530 1468 677 1548 Episcopi
707 1474 885 1532 monstrans
915 1488 993 1548 quae
1022 1468 1153 1549 legenda

63 1565 155 1636 sunt,
181 1561 340 1625 Diaconus
365 1564 508 1624 consistit
534 1585 551 1624 a
576 1565 705 1640 dextris,
733 1565 948 1627 Subdiaconus
973 1585 991 1626 a
1016 1565 1154 1627 sinistris

63 1655 211 1736 Episcopi
234 1656 286 1718 sed
310 1656 474 1736 paululum
500 1660 614 1721 retro.⁵
660 1656 807 1720 Minister
830 1659 868 1721 de
892 1659 972 1721 libro
995 1662 1058 1721 stat
1082 1662 1154 1721 aute

67 1746 258 1828 Episcopum
293 1751 380 1830 (post
408 1749 656 1829 faldistorium),
685 1755 717 1813 et
746 1750 825 1812 alter
853 1771 925 1813 cum
954 1750 1084 1813 candela
1112 1749 1152 1812 ad

65 1841 161 1921 hujus
186 1843 358 1906 sinistram.

106 1939 134 1997 6.
157 1935 208 1997 Ad
236 1941 364 1999 cantum
392 1937 500 2016 hymni
533 1939 639 2002 Gloria
667 1939 839 2018 Episcopus
867 1958 1032 2002 conversus
1059 1958 1153 2019 super

61 2031 224 2093 sinistram
256 2052 344 2093 suam
379 2033 472 2094 sedet.
528 2035 605 2096 'l'res
639 2034 781 2094 Ministri
814 2038 899 2095 stant
932 2039 1005 2096 ante
1039 2034 1153 2112 ipsum,

64 2122 223 2186 Diaconus
244 2124 278 2185 in
300 2124 413 2201 medio,
434 2125 600 2204 Presbyter
620 2125 767 2187 assistens
788 2146 806 2187 a
827 2125 946 2188 dextris
966 2131 996 2188 et
1020 2123 1152 2187 Subdia-

62 2239 158 2281 conus
189 2240 207 2281 a
238 2219 376 2282 sinistris
409 2220 549 2282 Diaconi.
605 2220 762 2282 Diaconus
794 2222 930 2301 imponit
961 2221 1089 2282 mitram
1121 2226 1152 2283 et

61 2313 221 2394 gremiale,
242 2319 274 2377 et
295 2314 379 2376 facta
401 2316 573 2377 reverentia
595 2320 657 2376 tres
678 2315 787 2376 sedent
808 2315 841 2376 in
863 2334 988 2376 scamno
1011 2335 1076 2387 sno,
1099 2315 1151 2375 Pr.

62 2406 210 2467 assistens
232 2407 362 2486 propius
385 2407 548 2486 Episcopo,
573 2406 730 2468 Diaconus
753 2407 787 2467 in
809 2405 921 2468 medio.
967 2405 1081 2468 Clerici
1104 2406 1151 2467 in-

64 2499 243 2575 servientes,
275 2499 360 2561 facta
389 2501 606 2580 genuflexione
638 2501 676 2562 ad
710 2499 852 2570 Crucem,
884 2503 1015 2579 possunt
1045 2497 1151 2560 sedere

62 2592 211 2673 gradibus
236 2592 356 2656 Altaria
382 2595 414 2654 in
442 2594 536 2656 latere
563 2594 722 2673 Epistulae
748 2599 817 2674 post
844 2592 1066 2654 faldistorium.

106 2690 134 2750 7.
159 2686 263 2750 Canta
291 2688 383 2750 finito
412 2688 585 2767 Episcopus
613 2692 699 2748 stans
729 2707 833 2749 versus
863 2686 1014 2767 populum
1044 2688 1150 2747 cantat

60 2781 129 2845 Pax
159 2782 244 2844 vobis
282 2783 344 2862 (vel
377 2783 468 2844 Doni.
502 2784 602 2859 aab),
634 2786 664 2845 ct
697 2803 801 2845 versus
834 2782 942 2843 Altarc
977 2782 1150 2844 Orationes.

63 2873 186 2938 Deinde
213 2880 338 2955 accepta
370 2875 465 2937 mitra
496 2878 527 2937 et
558 2875 700 2955 gremiali
733 2874 828 2950 sedet,
859 2879 891 2936 et
924 2873 1150 2947 Subdiaconus,

63 2969 156 3031 factis
187 2969 369 3031 reverentiis
399 2989 472 3030 cum
501 2969 636 3029 secundo
668 2965 929 3042 Caeremoniario,
961 2973 1046 3030 stans
1077 2972 1150 3029 ante

63 3062 254 3144 Episcopum
297 3063 330 3124 in
374 3063 575 3124 conveniente
619 3061 771 3123 distantia
813 3065 921 3123 cantat
964 3061 1148 3141 Epistolam.

63 3156 184 3218 Deinde
204 3163 330 3237 accepta
349 3155 564 3217 benedictione
585 3160 669 3218 tenet
691 3154 817 3217 Missale
837 3176 874 3217 ex
894 3175 955 3234 quo
977 3154 1150 3234 Episcopus

61 3250 139 3331 legit
162 3249 336 3330 Epistolam
361 3255 392 3311 et
416 3249 535 3328 reliqua
558 3269 654 3328 usque
678 3248 715 3309 ad
743 3249 949 3328 Evangelinm
974 3247 1046 3309 incl.
1092 3247 1149 3308 As-

61 3344 180 3406 sistunt
198 3344 250 3407 Pr.
269 3344 416 3406 assistens
433 3348 464 3405 et
482 3342 639 3404 Diaconus
657 3363 675 3402 a
692 3342 810 3403 dextris
828 3346 859 3404 et
876 3342 1023 3403 sinistris.

99 3439 152 3502 Ad
174 3440 338 3501 lectionem
361 3437 525 3519 Evangelii
548 3437 706 3499 Diaconus
728 3437 983 3517 Evangeliarium
1004 3437 1095 3516 ponit
1116 3436 1150 3498 in

60 3530 164 3595 medio
198 3530 313 3608 Altari,
349 3531 510 3593 ministrat
545 3530 718 3606 incensum,
751 3528 934 3609 genuflexus
969 3528 1003 3589 in
1039 3527 1149 3590 infimo

57 3626 159 3709 gradu
189 3628 252 3703 (vel
277 3629 310 3690 in
336 3628 439 3691 media
463 3628 660 3693 extremitate
685 3624 894 3706 sappcclanei)
925 3622 1003 3685 dicit
1029 3622 1150 3684 Mirrada

58 3742 112 3786 aar
129 3744 244 3795 meam,
262 3729 331 3799 ete,
349 3724 430 3805 petit
446 3723 694 3786 benedictionem
712 3725 744 3783 et
761 3722 868 3782 cantat
887 3716 1105 3799 Evangelium,
1121 3721 1153 3780 et

58 3816 177 3896 reliqua
199 3816 282 3878 flunt
302 3821 337 3877 ut
361 3818 393 3877 in
415 3816 513 3878 Missa
533 3815 673 3878 sulenmi.

99 3914 128 3972 8.
152 3911 335 3991 Episcopus.
354 3915 518 3991 postquam
537 3911 715 3972 inccnsatus
733 3910 789 3973 cst.
809 3928 863 3986 per
881 3907 1038 3968 ‹lcxlcrum
1060 3925 1149 3966 suam

60 4003 253 4066 convertitur
274 4003 313 4064 ad
337 4002 447 4064 Altare
468 4008 498 4063 et
517 4003 644 4072 ,intonat
670 4002 779 4068 Credo,
803 4004 834 4061 ct
857 3997 975 4076 reliqua
998 3997 1089 4065 liunt,
1112 4000 1147 4057 ut

59 4096 99 4159 ad
124 4096 239 4160 Gloria.
284 4096 441 4159 Diaconus
464 4117 519 4156 suo
543 4103 680 4173 tempore
703 4094 827 4154 bursam
852 4092 889 4153 ad
915 4091 1022 4153 Altare
1045 4089 1146 4152 affert.

94 4231 107 4264 ⁴
128 4226 168 4274 Ex
181 4225 268 4275 Missa
283 4223 336 4273 ista
350 4221 500 4288 pontificali
514 4235 575 4285 sup·
631 4229 658 4268 et
681 4218 870 4268 subdiaconus
892 4218 927 4267 ad
952 4214 1148 4266 intonationem

58 4302 112 4368 ple,
130 4316 198 4364 quae
215 4301 259 4351 hle
278 4315 330 4349 non
350 4303 488 4349 notantur.
631 4297 732 4355 Gloria,
754 4297 788 4345 ad
812 4295 871 4344 Pas
892 4294 969 4344 vobis
995 4294 1049 4353 (vel
1073 4291 1149 4342 Dom.

92 4380 258 4446 ⁶Supplcnt
289 4379 360 4430 enim
394 4380 450 4428 loco
482 4377 576 4426 Iliaco·
632 4371 719 4433 aab),
751 4375 778 4419 et
810 4370 963 4431 Orationes,
995 4367 1030 4417 ad
1063 4366 1147 4417 inton.

56 4474 151 4511 nomm
168 4456 355 4510 assistentium
377 4454 467 4515 (caer.
487 4455 535 4517 Ep.
553 4452 577 4513 I,
632 4448 717 4498 Credo
757 4451 832 4497 stant
873 4450 935 4512 post
975 4442 1149 4507 Episcopum,

57 4537 83 4607 8,
102 4535 155 4601 2.).
192 4534 231 4589 At
250 4533 333 4601 juxta
352 4533 420 4584 alios
439 4531 578 4583 Diaconus
630 4540 699 4576 unus
713 4529 774 4592 post
791 4525 883 4587 alium,
899 4527 929 4575 ut
945 4522 979 4573 ad
997 4521 1100 4575 Altera.
