2804 4890
205 681 259 742 DE
282 678 528 740 OAPELLANIS
554 682 594 737 IN
617 677 736 736 MISSA
760 678 932 739 salvara
956 678 1148 736 EPISOOPI.
1190 669 1250 733 125

483 874 591 913 PRIMUS
823 873 974 913 SECUNDUS
1085 871 1193 912 umens
1202 871 1251 910 ΟΔ·

445 949 639 989 carantonus.
806 949 999 989 CAPELLANUS.
1084 946 1242 986 Pantanus

157 1026 201 1078 21.
215 1022 344 1079 Elevatio
406 1026 532 1090 Inclinat,
541 1024 710 1093 attcllitpla·
770 1025 898 1089 Inclinat,
963 1024 1067 1080 attollit

210 1098 309 1153 calicis.
375 1110 478 1165 oetam,
519 1101 606 1166 surgit
645 1117 709 1155 cum
735 1101 884 1167 planetam,
906 1101 1001 1166 surgit,
1023 1118 1068 1155 ca·

374 1176 504 1242 secundo,
547 1174 709 1240 genuflectit
734 1175 813 1231 licem
833 1175 964 1242 cooperit,
984 1191 1068 1241 genu-

374 1251 457 1306 aimui
477 1269 540 1305 cum
561 1250 707 1318 Episcopo,
734 1250 821 1305 flectit
832 1251 914 1305 simul
926 1266 989 1305 cum
1001 1249 1067 1316 Epi·

375 1326 487 1392 bugiam
552 1325 707 1391 reassumit,
733 1343 826 1394 scopo.
1128 1325 1172 1379 Ad
1186 1325 1251 1378 sini·

375 1401 479 1456 assistit
492 1401 528 1456 ad
541 1400 650 1456 librum.
1092 1406 1179 1455 stram
1206 1418 1250 1455 ac-

155 1491 201 1545 22.
219 1488 340 1545 umero
409 1493 449 1547 ut
485 1491 520 1545 ac
563 1492 708 1545 Memento
769 1492 809 1546 nt
847 1492 882 1546 ac
922 1490 1068 1546 Memento
1093 1473 1249 1559 aucam

208 1572 243 1621 tc.
373 1568 511 1623 vivorum.
733 1568 870 1622 vivorum.
1093 1548 1193 1635 libum
1207 1568 1251 1604 ³⁸·

410 1641 708 1697 Genuflcxionesaimul
770 1642 945 1708 Discooperit
971 1648 1000 1698 et
1027 1646 1068 1697 te-
1091 1630 1184 1711 ⁸¹⁸fi¹i
1216 1631 1250 1678 Ui

373 1735 438 1774 cum
450 1717 589 1785 Episcopo
602 1718 679 1770 facit.
733 1717 774 1784 git
794 1717 906 1772 calicem
926 1733 978 1771 suo
996 1723 1067 1772 tem·
1092 1717 1206 1766 Prlffllffl·

733 1809 829 1859 pore,
867 1792 1067 1857 genuflexiones

734 1885 796 1922 cum
811 1867 949 1934 Episcopo
965 1866 1066 1935 iacit‚¹¹

734 1943 762 1996 in
791 1943 845 1996 fine
874 1941 953 1994 Pater
981 1935 1067 1995 aaa&
1128 1943 1161 1997 In
1195 1942 1250 1997 fina

734 2016 850 2083 extergit
890 2024 1066 2083 patenam
1092 2016 1250 2071 Paternac-

733 2110 818 2159 quam
842 2093 979 2159 Episcopo
1002 2109 1067 2146 cum
1091 2091 1249 2146 teraddex·

733 2167 833 2222 osculis
845 2168 967 2234 porrigit.
1092 2173 1180 2221 teram
1205 2184 1250 2221 ac·

1092 2240 1174 2308 cedit,
1204 2260 1249 2307 ge-

1091 2315 1244 2371 nuflectens

154 2413 199 2467 23.
214 2410 330 2466 Domine
411 2410 530 2467 Inclinat
555 2415 584 2466 et
612 2427 708 2477 percu·
770 2409 888 2466 Inclinat
915 2415 945 2464 et
971 2424 1067 2476 percu·
1092 2398 1249 2458 mumque

190 2505 254 2542 noa.
273 2485 333 2541 ad.
374 2487 411 2542 tit
424 2493 529 2553 pectus.
733 2486 770 2539 tit
781 2494 886 2551 pectus.
1091 2465 1247 2531 Ῑῧῑθῑθυθῐθ·

190 2561 320 2630 Sumptio
409 2561 528 2616 Inclinat
540 2559 685 2628 profunde.
769 2561 888 2615 Inclinat
901 2558 1045 2626 protunda.
1091 2546 1123 2595 ”t
1153 2557 1249 2595 mm·

191 2637 298 2691 Hostia
311 2643 341 2692 et
1090 2616 1152 2671 dus.

191 2712 347 2779 Sanguinis.

155 2804 198 2857 24.
213 2802 314 2858 Distri·
410 2803 534 2872 Deponit
549 2802 661 2869 bugiam
677 2809 707 2857 et
767 2800 899 2868 Cooperit
953 2800 1065 2857 calicem

207 2878 287 2933 butio
374 2878 533 2947 genuflectit
554 2877 582 2931 in
603 2878 708 2945 superi·
735 2878 835 2944 (aperit
902 2877 1066 2932 tabernacu-

207 2951 292 3007 Com-
372 2970 420 3008 ore
454 2954 541 3020 gradu
577 2970 594 3007 a
621 2953 707 3007 latere
731 2952 836 3017 lum),¹⁸
850 2952 1009 3017 genuflectit
1035 2957 1066 3007 et

208 3029 316 3083 munio-
373 3027 525 3094 Evangelii,
539 3028 627 3081 donoc
641 3028 707 3095 Epi·
731 3027 873 3082 descendit
903 3027 931 3080 in
961 3026 1065 3092 superi·

206 3104 259 3158 nis.
372 3120 473 3171 scopus
499 3101 610 3156 dixerit:
649 3103 707 3156 Mi·
731 3119 806 3157 orem
836 3103 951 3166 gradum
980 3120 999 3156 a
1026 3101 1066 3157 la·

373 3184 488 3232 meatur
513 3184 535 3229 et
562 3177 707 3242 Indulpen·
732 3184 790 3232 tere
827 3177 977 3244 Epistolae,
1016 3176 1065 3232 ubi

372 3256 448 3307 tiam.
732 3251 890 3317 genuflexus
935 3253 1066 3318 t'mrfiteor

731 3327 838 3392 recitat,
852 3334 882 3380 et
893 3325 1050 3394 respondet.

409 3403 484 3459 Dum
495 3403 649 3472 Episcopus
657 3404 704 3457 SS.
1126 3404 1167 3457 Ut
1193 3401 1249 3470 pri·

373 3479 582 3533 Sacramentum
595 3478 703 3544 accipit,
1089 3493 1160 3531 mus.

372 3554 458 3609 sumit
481 3562 611 3621 patenam
633 3553 706 3617 (abs-

373 3645 427 3697 que
467 3628 560 3693 stola),
604 3628 704 3682 itemm

372 3704 540 3772 genuflectit,
563 3707 592 3757 et
614 3703 705 3757 verbis

373 3779 487 3835 Domine
507 3796 562 3832 ooo
583 3795 643 3832 eum
663 3777 706 3832 di·

371 3871 440 3922 aaut
464 3853 547 3908 tertio
570 3853 703 3919 repetitis,

371 3927 479 3984 accedit
500 3929 536 3983 ad
558 3928 619 3994 eiua
641 3927 705 3983 dex·

371 4014 453 4071 tram,
476 4009 607 4071 patenam
629 4020 705 4059 men-

371 4084 402 4133 to
439 4079 703 4134 communicantium

371 4170 537 4224 supponens.

192 912 313 951 'fflXTUS-

194 4304 220 4338 ¹¹
237 4298 294 4350 Suo
317 4303 438 4363 tempora
463 4298 548 4349 affert
574 4298 673 4347 instru-
729 4299 905 4351 tabernaculo
923 4299 1151 4359 extrahentem
1169 4308 1245 4360 aper·

154 4382 273 4428 mentum
292 4377 376 4441 pacis,
395 4378 441 4427 ubi
461 4392 518 4426 mos
537 4377 619 4441 viget.
731 4376 777 4438 ire,
800 4384 851 4426 etc.
875 4384 902 4426 at
928 4382 991 4425 tnnc
1017 4372 1125 4422 interino
1148 4373 1245 4423 stolam

194 4456 219 4490 ¹⁸
237 4452 401 4517 capellanus
412 4452 539 4517 pyxidem
553 4455 674 4516 potesta
729 4454 859 4503 inlitibcre
873 4454 961 4503 (lebet.
