2804 4890
155 681 217 748 590
332 693 418 753 APP.
442 693 485 753 11.
528 693 583 754 DE
606 694 863 755 raaauaams
885 694 1066 756 saraam.

156 856 386 938 apponantur.’'
432 857 482 920 Ex
506 859 569 921 alio
594 858 726 921 Decreto
751 862 897 920 vetantur
920 855 1117 935 Antipendia
1141 854 1251 917 decur-

159 957 232 1027 tata,
251 952 358 1032 prouti
375 951 509 1032 pallium
527 971 669 1032 parvum,
688 949 825 1013 mediam
845 951 1009 1012 dumtaxat
1028 955 1153 1030 partem
1173 948 1253 1010 alta·

156 1045 200 1106 ris
221 1050 339 1126 tegens,
357 1064 376 1106 a
396 1062 504 1108 mensa
524 1044 710 1125 dependens.

595 1322 709 1394 ΛΒΤ.
735 1322 806 1395 ΙΠ.

304 1504 355 1556 DE
379 1504 578 1557 CONOPAEO
602 1505 673 1555 SEU
697 1505 796 1556 VELO
821 1501 1096 1554 TABERNACULI.

196 1664 267 1730 362.
290 1667 551 1744 Tabernaculum,
581 1687 679 1747 quum
706 1669 749 1731 sit
779 1667 864 1732 locus
892 1667 1096 1729 habitationis
1126 1685 1248 1747 perma-

154 1777 231 1821 nens
251 1759 371 1822 Christi
388 1759 518 1824 Domini
536 1760 592 1822 sub
611 1761 712 1840 specie
730 1760 821 1841 panis
840 1761 923 1822 inter
942 1780 998 1823 nos
1015 1757 1249 1833 commorantis,

154 1851 389 1931 religiosissima
410 1852 572 1915 devotione
596 1853 724 1915 tractari
745 1852 844 1916 debet.
889 1852 963 1915 Ideo
987 1851 1171 1925 sacerdotes,
1194 1851 1248 1931 qui

153 1949 229 2006 sunt
246 1943 388 2007 custodes
406 1944 561 2006 divinitus
578 1946 673 2025 positi
690 1944 889 2009 eucharistici
911 1944 1093 2022 Salvatoris,
1110 1944 1250 2007 maxima

152 2055 228 2098 cura
253 2042 285 2099 et
309 2036 448 2100 sollertia
473 2035 650 2116 invigilent,
676 2058 715 2100 ne
740 2057 804 2099 non
829 2037 930 2099 solum
956 2039 1062 2101 omnia
1088 2056 1107 2099 a
1132 2037 1250 2098 'saher-

152 2128 265 2191 naculo
290 2130 377 2191 intus
402 2134 433 2192 et
458 2131 595 2192 exterius
621 2134 797 2206 arceantur,
824 2151 901 2210 quae
927 2131 1088 2210 majestati
1116 2129 1175 2193 Dei
1203 2129 1248 2191 ibi

153 2223 307 2284 reconditi
335 2227 523 2304 repugnant,
551 2223 603 2284 sed
633 2227 668 2283 ut
698 2224 825 2303 insuper
851 2225 926 2285 hace
954 2244 1025 2285 arca
1053 2222 1186 2284 Domini
1209 2241 1249 2284 eo

153 2314 316 2394 splendore
346 2315 569 2391 circumdetur,
598 2334 659 2394 quo
688 2315 780 2377 fidem
811 2320 842 2377 et
872 2316 1077 2376 reverentiam
1105 2317 1250 2378 nostram

151 2408 293 2487 apprime
315 2409 562 2470 manifestemus

193 2504 221 2561 2.
246 2501 371 2562 Rituale
401 2501 576 2561 llomanum
602 2499 694 2562 habet
723 2505 847 2562 notam:
887 2499 1158 2564 “Tabernaculum
1188 2501 1248 2562 Co·

152 2613 268 2672 nopaco
293 2593 437 2654 decenter
460 2597 606 2654 ornatum
630 2591 702 2653 sit.''
749 2592 831 2666 Quid
856 2613 927 2655 vero
949 2599 998 2656 cst
1022 2593 1248 2673 Conopaeum?

152 2685 209 2746 Est
236 2686 338 2747 velum
364 2685 403 2746 ad
432 2686 531 2746 instar
558 2685 686 2746 tcntorii
712 2685 895 2760 formatum,
922 2687 1004 2765 quod
1031 2686 1169 2766 undique
1197 2686 1247 2748 rel

149 2778 259 2839 saltem
288 2779 321 2838 in
352 2779 455 2840 fronte
485 2777 667 2856 dependeat.
719 2778 818 2839 Juxta
850 2778 1017 2841 llcorotum
1049 2780 1080 2839 S.
1111 2779 1246 2840 Rituum

152 2870 262 2949 Cong.¹
285 2870 546 2945 Tabernaculirm,
569 2870 601 2930 in
625 2890 685 2949 quo
708 2871 888 2931 reconditur
914 2871 970 2932 SS.
995 2873 1247 2947 Sacramentum,

151 2961 314 3042 Conopaeo
336 2962 514 3024 omnimode
538 2963 689 3040 cooperiri
714 2962 813 3025 dehet.
860 2964 932 3024 Non
957 2964 1070 3043 ubique
1094 2963 1168 3025 haec
1193 2984 1247 3025 ru·

150 3054 234 3115 brica
260 3054 450 3129 observatur,
477 3055 593 3134 partim
622 3055 695 3134 quia
721 3058 878 3116 structura
908 3056 1114 3118 Tabernaculi
1143 3056 1246 3120 Cono-

150 3167 262 3225 pacum
285 3167 348 3207 non
373 3147 539 3226 permittit,
563 3148 679 3227 partim
703 3149 775 3227 quia
800 3149 901 3211 forma
925 3148 1142 3221 Taberaaculi,
1166 3169 1247 3230 quae

149 3246 196 3301 est
221 3238 446 3318 praegrandior
469 3244 500 3301 ct
526 3239 614 3300 valde
639 3241 774 3319 pretiosa
799 3240 999 3320 l'onopacum
1025 3241 1150 3306 ridetur
1176 3243 1246 3304 red·

149 3331 221 3393 dere
249 3331 452 3411 superfluum.
504 3331 654 3392 Attamen
684 3331 858 3392 curamlum
888 3336 944 3407 est,
974 3339 1008 3395 ut
1039 3336 1246 3414 praescriptio

149 3424 187 3485 ab
210 3424 348 3486 Ecclesia
372 3424 454 3486 facta
478 3425 510 3484 in
535 3424 658 3503 praxim
682 3423 863 3485 dcducatur.

192 3521 219 3580 3.
244 3516 336 3580 Color
376 3517 542 3595 Conopaei,
582 3516 844 3596 quemadmodum
885 3519 999 3580 iterum
1040 3522 1071 3582 S.
1111 3520 1246 3584 Rituum

151 3610 248 3690 (long.
269 3611 302 3670 in
322 3609 428 3671 coslam
451 3609 581 3670 Decreto
602 3608 781 3686 declaravit,
799 3614 901 3690 potest
919 3631 984 3674 esso
1004 3618 1058 3674 ant
1080 3612 1169 3674 albus
1189 3620 1245 3676 aut

149 3702 319 3764 conformis
348 3701 443 3763 colori
474 3701 573 3761 Officii
602 3701 664 3763 diei
693 3721 746 3762 seu
775 3702 859 3773 festi,
888 3703 940 3764 scd
969 3723 1131 3784 nunquam
1160 3709 1247 3770 color

150 3797 238 3873 niger
259 3794 466 3874 permittitur,
486 3795 577 3871 cujus
597 3793 663 3856 loco
683 3795 714 3854 in
736 3794 885 3874 Exequiis
905 3796 1127 3858 defunctorum
1150 3800 1247 3862 viola-

149 3908 220 3949 cous
241 3886 325 3948 color
346 3885 541 3948 adhibendus
563 3889 618 3949 cst.

190 3984 218 4042 4.
243 3980 347 4041 Etiam
380 3981 461 4041 circa
492 3980 656 4041 materiam
687 3979 815 4044 libertas
846 3982 949 4045 datin.
1004 3983 1111 4047 Potest
1142 3984 1245 4051 Cano

149 4093 259 4153 paeum
277 4073 385 4135 coatici
406 4094 421 4134 e
440 4071 593 4151 gossypia
612 4072 657 4134 vel
676 4071 759 4143 lana,
778 4074 823 4135 vel
843 4075 949 4137 serico.
987 4076 1142 4141 Convenit
1160 4100 1247 4153 sane,

148 4171 184 4228 ut
205 4165 315 4228 saltem
339 4166 369 4226 in
392 4164 500 4227 diebus
522 4165 642 4226 festivis
662 4170 694 4228 et
715 4165 965 4228 sollemnioribus
987 4169 1119 4231 sericum
1144 4171 1246 4235 Corio

147 4278 258 4340 paeum
282 4260 468 4339 apponatur.

190 4356 218 4419 5.
242 4350 442 4432 Conopaeum
474 4356 520 4414 cst
552 4352 734 4414 recentioris
766 4354 886 4415 aetatis.
940 4353 1047 4417 Medio
1076 4377 1151 4419 aero
1183 4358 1244 4424 SS.

611 4519 666 4570 11).
681 4521 759 4572 ³055.
