2804 4890
304 682 359 738 DE
380 684 547 740 LITANIIS
569 685 619 739 ET
642 686 754 740 MlSSA
777 686 862 741 CUM
886 687 1074 741 VESl'ERlS.
1180 678 1238 741 337

193 861 221 918 4.
245 857 433 921 “Celebrans
448 859 647 940 prosequitur
663 859 805 923 litanias
821 881 915 940 usque
931 861 969 922 ad
987 860 1110 924 aaran
1127 861 1238 924 eraudi

151 972 207 1014 nos
234 950 392 1013 inclusive.
438 951 549 1032 Surgit
574 955 605 1014 et
631 952 887 1033 praecedentibus
912 952 1032 1015 clericis
1059 953 1178 1015 accedit
1205 954 1237 1013 in

150 1044 342 1120 sacristiam;
365 1045 430 1119 ubi,
453 1045 595 1125 deposita
618 1045 698 1108 stola
722 1046 866 1121 violacea,
890 1047 1004 1127 accipit
1028 1046 1237 1126 manipulum,

151 1137 264 1200 stolam
279 1143 310 1200 et
326 1139 486 1218 planetam
502 1139 564 1201 albi
581 1138 723 1202 eoloris.''

193 1228 263 1292 211.
286 1229 331 1291 ne
358 1230 464 1292 Missa.
488 1231 676 1295 “Celebrans
704 1233 871 1297 comitatus
897 1256 915 1297 a
942 1233 1062 1296 clericis
1090 1233 1172 1296 redit
1199 1232 1238 1294 ad

152 1324 281 1387 Altare'’
297 1329 329 1388 et
344 1325 478 1387 celebrat
495 1326 625 1388 Missam
641 1347 726 1389 more
742 1327 833 1390 solito
848 1327 932 1391 hisce
948 1327 1101 1406 exceptis:
1118 1326 1238 1388 omittit

152 1418 336 1494 Introitum,
358 1420 467 1492 Crede,
490 1420 705 1495 Offertorium,
725 1421 836 1501 Apsus
856 1419 926 1492 Dei,
947 1425 1039 1501 atque
1059 1419 1125 1481 loco
1147 1419 1237 1480 Com·

153 1511 311 1575 munionis
330 1512 409 1573 dicit
428 1513 590 1592 l'esperas'.

193 1609 220 1666 2.
245 1605 382 1668 Proinde
406 1605 506 1684 (dicta
525 1606 727 1670 Confessione
744 1608 819 1685 etc.)
842 1606 1003 1669 “ascendit
1020 1606 1139 1681 Altare,
1156 1627 1237 1667 eorn-

152 1698 295 1778 pletaque
314 1699 454 1762 oratione
472 1701 575 1780 Aufer
592 1721 611 1763 a
628 1701 716 1762 nobis
736 1705 792 1764 etc.
813 1701 845 1761 in
865 1701 933 1780 ejus
952 1700 1065 1775 medio,
1083 1699 1162 1760 dicit
1181 1700 1238 1759 irn-

152 1791 301 1854 mediate:
317 1793 350 1853 K
351 1794 416 1872 yria
431 1791 555 1856 eleison.
599 1792 650 1854 Ad
668 1794 772 1856 Gloria
786 1793 820 1856 io
835 1792 961 1856 excelsis
975 1793 1143 1873 Pulsantur
1156 1813 1237 1855 cam-

153 1905 260 1965 panae,
285 1905 362 1965 quae
386 1906 483 1965 usque
507 1886 546 1947 ad
571 1887 650 1948 hanc
675 1888 783 1948 horam
809 1886 960 1948 siluerant
970 1885 998 1962 ;''
1024 1890 1065 1962 et,
1089 1886 1117 1947 si
1142 1885 1238 1946 Missa

152 1983 306 2054 cantetur,
321 1999 447 2059 organa,
464 1999 541 2059 quae
557 1980 701 2059 deinceps
718 1982 751 2041 in
769 1980 865 2041 Missa
882 1980 1048 2060 pulsantur
1064 1984 1101 2042 ut
1117 1979 1239 2047 assolet,

150 2075 182 2135 et
196 2092 365 2152 campanae
381 2074 508 2135 statutis
525 2073 717 2153 temporibus
733 2078 803 2153 post
820 2073 959 2134 Missam.
997 2071 1041 2133 At
1057 2072 1083 2133 si
1099 2072 1238 2133 Ecclesia

152 2165 359 2241 Cathedralis,
383 2166 429 2228 vel
456 2166 595 2228 Ecclesia
621 2166 738 2227 Matrix
764 2167 814 2226 cui
840 2165 919 2228 aliae
945 2165 1055 2228 filiales
1080 2164 1238 2243 subjectae

153 2259 227 2334 sint,
246 2263 311 2321 tam
330 2258 449 2320 vicinae
467 2259 541 2333 sint,
560 2264 595 2320 nt
615 2259 719 2320 audiri
737 2258 858 2338 possint
876 2278 1054 2339 campanae,
1074 2257 1240 2338 pulsentur

154 2352 278 2432 quidem
302 2353 387 2414 intra
410 2352 591 2427 Ecclesiam,
614 2373 676 2413 non
699 2373 770 2412 vero
792 2351 827 2411 in
849 2351 930 2413 turri
953 2351 1049 2412 donec
1072 2369 1239 2429 campanae

153 2445 349 2507 Cathedralis
364 2445 410 2507 vel
426 2444 568 2507 Matricis
584 2444 739 2506 Ecclesiae
754 2444 872 2524 pulsari
888 2443 1086 2523 inceperint.²

195 2538 243 2599 Ad
266 2539 419 2617 hymnam
441 2539 638 2617 Angelicum,
660 2538 684 2598 si
708 2537 867 2599 commode
889 2537 956 2599 fieri
979 2539 1081 2617 polest
1102 2536 1149 2597 vel
1170 2539 1240 2616 post

154 2632 296 2693 Officium
327 2632 390 2692 diei
423 2633 533 2692 Sacrae
565 2631 722 2709 Imagines
752 2650 848 2709 usque
877 2629 978 2691 adhuc
1009 2629 1126 2690 velatae
1155 2629 1238 2690 dete-

151 2726 294 2804 guntur.³

194 2822 221 2878 3.
245 2819 341 2879 “Post
366 2818 539 2898 Epistolam
563 2818 729 2879 Celebrans
750 2818 829 2880 dicit
855 2815 993 2897 [cantat]
1020 2821 1068 2879 ter
1088 2816 1238 2897 alleluja,

152 2912 299 2975 elevando
315 2912 471 2991 gradatim
488 2932 602 2986 vocem,
618 2916 648 2975 et
665 2911 769 2973 cleriei
790 2908 962 2990 [cauteres]
983 2913 1053 2990 post
1069 2908 1239 2988 quamlibet

150 3006 247 3067 ricem
267 3006 300 3066 in
319 3005 425 3067 eodem
445 3011 518 3066 tono
541 3010 685 3084 repetant
707 3003 817 3066 illud.''

193 3102 221 3159 4.
247 3098 321 3158 Post
365 3098 556 3159 ablutionem
603 3097 690 3159 “loco
735 3096 809 3156 Ant.
857 3099 1043 3160 Comraanio
1089 3099 1239 3160 dicuntur

155 3193 306 3271 l'esperac
322 3196 357 3251 ut
373 3192 405 3252 in
423 3189 575 3265 blissali,’'
590 3189 771 3251 alternatim
787 3210 859 3250 curn
874 3189 1003 3251 clericis.
1048 3190 1098 3252 Ad
1114 3191 1237 3272 Magai-

152 3285 224 3362 ficat
244 3285 276 3344 in
296 3285 391 3344 Missa
409 3288 543 3359 cantata,
562 3303 625 3346 non
644 3303 714 3345 vero
733 3283 766 3343 in
786 3282 882 3343 Missa
899 3282 989 3357 lecta,
1007 3282 1117 3346 Altare
1135 3284 1238 3345 incen-

152 3398 218 3440 sare
237 3377 332 3438 licet.⁴

194 3477 221 3531 5.
246 3471 321 3534 Post
337 3471 467 3531 Missam
483 3468 632 3531 Sacerdos
648 3469 778 3530 indutus
792 3469 1015 3548 superpelliceo
1030 3475 1061 3532 et
1076 3469 1154 3531 stola
1169 3469 1238 3531 alba

147 3564 294 3644 pyxidem
306 3585 378 3625 cum
391 3584 414 3624 s.
429 3563 599 3624 Particulis
611 3562 651 3623 ad
665 3561 901 3624 tabernaculum
915 3565 1063 3640 reportat,
1076 3562 1239 3624 observans

151 3661 258 3732 ritum,
282 3660 327 3721 uti
354 3659 386 3718 in
413 3658 515 3720 Coena
539 3656 668 3718 Domini
697 3655 743 3733 (n.
771 3657 859 3732 185).

195 3754 221 3810 6.
247 3750 367 3811 Deinde
388 3748 640 3828 “extinguuntur
661 3753 722 3808 tres
743 3746 887 3807 candelae
910 3747 942 3806 in
962 3746 1090 3826 cuspide
1111 3746 1239 3808 arundi-

152 3845 211 3920 nis,
231 3865 308 3924 quae
328 3843 463 3922 amplius
483 3861 546 3902 non
566 3840 781 3902 accenduntur
799 3843 831 3900 et
850 3838 971 3900 arundo
991 3839 1059 3919 ipsa
1079 3843 1240 3901 amovetur

153 3935 336 3998 omuino.''⁸

186 4141 335 4190 ²Caercm.
361 4140 411 4203 Ep.
436 4138 475 4187 ll.
500 4139 542 4200 27,
567 4139 614 4197 23;
641 4139 669 4187 et
724 4135 778 4186 diei
804 4135 892 4199 (dupl.
918 4137 961 4184 1⁸0
983 4134 1031 4196 el.)
1056 4133 1183 4186 habenda
1204 4135 1240 4184 sit

151 4219 178 4268 S.
195 4218 223 4267 (l.
240 4219 271 4267 R.
288 4217 365 4266 varia
382 4217 497 4265 decreta.
722 4212 881 4263 Benedictio
895 4211 1066 4262 sanctissimi
1080 4211 1121 4261 vel
1136 4227 1238 4277 proces

186 4296 249 4346 Η).
271 4297 350 4351 1249;
370 4300 396 4343 et
416 4295 491 4342 2965.
509 4294 533 4342 2.
723 4290 763 4339 sio
793 4290 875 4352 (qaae
901 4294 991 4340 taurea
1018 4290 1161 4355 procedere
1188 4305 1240 4337 noa

187 4381 198 4412 ⁴
221 4375 250 4422 ln
276 4373 361 4422 Missa
385 4375 558 4419 ‹arrisecratur
580 4371 670 4419 hostia
724 4369 802 4417 debet
829 4383 861 4417 ex
887 4367 1121 4433 “Sepulchra'’l.

152 4453 241 4515 major
274 4467 323 4515 pro
356 4448 521 4511 Osterrsorio,
554 4447 577 4496 si
610 4463 668 4496 cum
759 4446 900 4495 ⁵Meroor.
920 4446 974 4497 Bit.
1010 4444 1053 4495 (Υ.
1072 4444 1104 4495 l).
1122 4446 1198 4495 asta,
1216 4448 1239 4496 5,

153 4531 263 4579 licentia
288 4528 426 4576 ordinarii
453 4541 562 4591 vespere
588 4524 670 4585 hujus
