2804 4890
347 692 402 748 DE
425 692 671 748 GRAECORUM
696 691 827 748 LIBRIS
852 695 1089 753 LITURGIOIS.
1203 692 1265 755 223

172 867 297 949 quando
316 867 347 929 S.
368 866 462 929 Sedes
480 866 709 947 legislationem
728 867 907 947 liturgicam
926 868 985 930 sibi
1004 871 1146 933 nondum
1165 893 1260 937 raser-

174 965 308 1037 vaverat,
325 962 359 1023 in
375 961 485 1023 multis
502 966 641 1024 mutatae
658 967 742 1037 sunt,
760 962 804 1023 ita
821 967 857 1024 ut
873 963 972 1024 nimia
989 965 1121 1028 varietas
1138 987 1162 1029 s.
1181 969 1262 1031 ritus

172 1056 207 1117 in
225 1055 355 1119 diversis
373 1055 572 1118 Dioeeesibus
590 1060 621 1117 et
640 1055 813 1118 Ordinibus
832 1057 985 1137 religiosis
1005 1059 1150 1124 oriretur.
1195 1061 1261 1126 Nec

172 1169 271 1230 pauca
285 1150 398 1212 menda
412 1151 447 1211 in
460 1149 676 1231 manuscripta
691 1151 878 1231 irrepebant.

214 1248 242 1307 5.
266 1244 368 1319 Quare
398 1244 575 1306 Concilium
605 1245 708 1306 'Pridl
738 1245 865 1310 Missale
899 1246 1009 1325 (sicuti
1040 1249 1255 1330 Breviarium)

171 1337 401 1402 emendandum
421 1339 565 1402 decrevit.
629 1338 730 1413 Quam
749 1341 998 1405 emendationem
1019 1363 1037 1404 a
1057 1343 1114 1405 Pio
1134 1344 1192 1405 IV.
1213 1345 1260 1406 in·

172 1434 314 1497 choatam
336 1433 367 1494 S.
390 1433 467 1495 Pius
487 1434 527 1496 l’.
548 1456 566 1497 a
588 1437 668 1496 1570
690 1434 866 1514 complevit,
888 1436 933 1497 ita
953 1440 989 1498 ut
1010 1437 1070 1498 “ad
1092 1437 1260 1517 pristinam

172 1527 298 1590 Missale
327 1527 431 1607 ipsum
459 1533 639 1590 sanctorum
668 1528 800 1591 Patrum
830 1550 971 1592 normam
1001 1552 1036 1593 ac
1065 1531 1183 1594 ritum'’
1214 1552 1258 1595 re

171 1622 364 1684 stitueretur.
408 1621 530 1684 Deinde
555 1622 699 1686 Clemens
724 1623 820 1684 VIII.
847 1645 873 1686 a.
901 1628 979 1684 1604
1005 1625 1132 1687 Missale
1157 1627 1259 1688 denuo

171 1717 365 1797 recognitum
399 1721 430 1779 et
465 1737 483 1778 a
519 1717 608 1780 novis
642 1718 799 1780 erroribus
835 1719 1047 1792 emendatum,
1083 1720 1259 1799 iterumque
1337 1730 1341 1737 '
1367 1716 1369 1720 '

171 1809 317 1872 Urbanus
338 1810 435 1872 l'llI.
456 1832 482 1872 a.
506 1814 585 1871 1634
605 1811 689 1873 idem
709 1812 835 1875 Missale
855 1813 1038 1893 praesertim
1061 1812 1094 1874 in
1114 1813 1259 1876 Rubricis

170 1905 364 1984 recognitum
382 1904 432 1966 edi
450 1906 581 1967 curavit.
627 1906 749 1966 Horum
769 1907 867 1967 trium
888 1907 1078 1969 Pontificum
1098 1906 1258 1969 Constitu·

170 1999 270 2061 tiones
285 1999 452 2079 impressae
466 2006 540 2062 sunt
554 1999 647 2062 initio
661 1999 807 2061 Missalis.

212 2095 239 2153 6.
264 2092 459 2155 Peculiarem
487 2113 557 2154 vero
583 2093 764 2173 Liturgiam
789 2115 826 2155 es
853 2094 977 2155 indulto
1005 2094 1185 2174 Apostolico
1212 2115 1257 2158 re·

170 2187 274 2248 tinent
298 2186 438 2249 Ecclesia
463 2187 641 2250 Mediolano
672 2188 867 2268 (Liturgiam
894 2188 1173 2266 Ambrosianam);
1200 2189 1257 2251 Or-

169 2280 258 2343 dines
273 2280 424 2360 Religiosi
442 2282 734 2356 Cartlmsianorum,
752 2282 994 2344 Carmelitarum
1011 2287 1042 2343 et
1061 2283 1257 2346 Praedicato·
1289 2295 1292 2300 '

168 2392 240 2435 rum
266 2392 320 2435 seu
348 2372 638 2435 Dominieanorum.
683 2374 807 2454 Reliqui
837 2373 971 2436 Ordines
1000 2373 1149 2453 Religiosi
1177 2373 1255 2435 oeci-

169 2468 308 2531 dentales
324 2469 450 2532 llissale
464 2473 495 2532 et
511 2470 607 2532 ritum
626 2470 801 2532 llomarmm
816 2475 1000 2550 sequuntur,
1015 2469 1156 2549 quamvis
1171 2470 1258 2548 ipsis,

167 2565 261 2624 sicuti
279 2565 435 2643 plerisque
452 2563 660 2635 Dioecesibus,
681 2565 760 2624 festa
778 2565 914 2642 propria,
932 2586 958 2623 e.
978 2585 1007 2642 g.
1027 2565 1213 2623 Surretorum
1229 2566 1260 2624 ct

168 2653 338 2717 Beatorum
368 2652 498 2717 Ordinis
527 2654 575 2716 vel
607 2656 822 2718 Praefationes
852 2656 1007 2736 propriae,
1036 2658 1105 2732 etc,
1134 2654 1260 2718 indulta

170 2747 299 2810 fuerint.

592 2936 835 2999 APPENDIX.

374 3119 424 3169 DE
440 3120 668 3172 GRAECORUM
684 3119 811 3169 LIBRIS
827 3119 1050 3171 LITUROIOIS.

212 3287 281 3354 126.
305 3289 407 3353 Sunt:
421 3289 599 3370 Anapuosis
612 3309 667 3352 seu
682 3288 884 3369 Apostolicon
901 3289 1028 3352 Biblion
1044 3318 1080 3343 =
1095 3287 1259 3352 Lectiona·

170 3385 270 3455 rium;
286 3383 476 3447 Diucom'rou
495 3406 551 3463 pro
566 3405 694 3446 munere
711 3385 840 3444 Diaconi
854 3405 860 3447 :
873 3387 895 3445 A
904 3384 1044 3462 piusraon
1056 3405 1112 3464 pro
1128 3383 1259 3446 solemni

168 3477 383 3542 benedictione
405 3498 521 3559 aquae3
542 3476 767 3558 Antlaolopiou,
790 3477 811 3539 i.
835 3499 861 3542 e.
884 3477 1075 3557 florilegium
1098 3479 1262 3541 continens

172 3572 278 3636 Officia
304 3573 444 3645 Domini,
466 3574 505 3634 B.
533 3573 575 3632 ll.
602 3573 640 3634 Υ.
667 3577 696 3632 et
724 3572 909 3632 Sam-torma
938 3592 993 3649 pro
1021 3575 1056 3630 1⁵2
1084 3571 1258 3644 mensibus3

168 3664 394 3746 Euctolopiou,
417 3667 438 3730 i.
460 3688 486 3731 e.
510 3667 636 3729 Rituale
659 3666 866 3739 Graecorum3
889 3662 1076 3743 Liturpicon
1098 3665 1262 3728 continens

172 3772 232 3821 tres
256 3761 426 3839 Liturgias,
450 3780 561 3839 nempe
589 3766 639 3835 (a)
669 3759 844 3836 lrimrgiam
871 3760 901 3817 S.
931 3758 1035 3817 ltasilii
1061 3777 1116 3836 pro
1143 3757 1260 3833 l'igilia

172 3853 295 3917 Natalis
312 3854 441 3915 Domini
459 3860 490 3916 et
508 3854 714 3934 Epiphaniae,
733 3873 788 3932 pro
808 3852 980 3912 Dominicis
998 3851 1259 3926 Quadragesimae

168 3953 200 4009 et
220 3948 299 4009 festo
321 3948 352 4008 S.
376 3947 504 4013 Basilii:
531 3947 582 4024 (a)
608 3945 787 4022 liturgiam
810 3944 1178 4006 l‘raesamtilreatorum¹
1202 3963 1258 4022 pro

167 4044 235 4107 toto
253 4047 393 4124 tempore
412 4042 684 4122 Quadragcsimac,
704 4041 840 4121 exceptis
861 4040 1015 4116 Salmatia,
1036 4038 1211 4101 Dominicis
1230 4043 1262 4102 et

172 4137 263 4199 Feria
287 4137 325 4197 V.
349 4137 382 4196 in
407 4138 509 4197 Coena
535 4135 680 4200 Domini:
709 4136 758 4210 (c)
789 4134 964 4212 liturgiam
990 4135 1021 4194 S.
1047 4132 1258 4210 Clrrysostomi

171 4250 228 4310 pro
250 4230 370 4310 reliqua
391 4233 467 4292 anni
489 4234 596 4310 parte;
620 4227 770 4308 'I’ppicom
794 4228 813 4288 i.
837 4249 861 4289 e.
886 4229 960 4290 ordo
985 4228 1136 4289 recitandi
1159 4226 1259 4287 divini

172 4325 283 4398 Officii,
312 4324 343 4385 in
374 4345 434 4404 quo
461 4327 590 4387 notatur
618 4322 692 4402 quid
722 4322 805 4383 inter
835 4323 1001 4382 llissarum
1032 4321 1193 4393 solemnia,
1221 4320 1258 4380 ad

204 4455 215 4489 ¹
236 4448 305 4501 Sesa.
327 4448 417 4500 XXV.
780 4453 788 4484 ¹
811 4445 858 4494 llti
881 4446 953 4510 apml
976 4459 1025 4495 nos
1045 4459 1095 4511 pro
1118 4444 1190 4498 feria
1211 4443 1259 4493 Vl.

742 4523 769 4574 in
790 4523 950 4573 parasceue.
