2804 4890
157 679 218 741 304
399 684 453 741 DE
476 687 596 741 FERlA
618 687 670 741 Vl.
696 687 736 740 ΙΝ
762 687 1003 744 PARASGEVE.

507 1166 696 1243 CAPUT
731 1167 902 1244 XVIII.

158 1364 216 1418 DE
234 1364 360 1419 mssa
379 1363 907 1436 PRAESANCTIFICATORUM,
927 1368 1006 1423 SEU
1026 1367 1083 1421 DE
1103 1368 1248 1424 SACRIS

310 1452 482 1510 RITIBUS
502 1454 547 1509 IN
567 1455 695 1510 FERIA
714 1457 769 1511 VI.
788 1457 833 1510 IN
855 1457 1101 1513 PARASCEVE

538 1551 870 1608 PERSOLVENDIS.

618 1740 733 1810 Aba.
757 1740 786 1811 Ι.

511 1922 562 1973 DE
592 1923 893 1977 PRAEPARANDIS.

203 2093 271 2157 187.
294 2094 335 2158 ln
354 2095 460 2158 Altava·
479 2096 609 2175 mojori:
628 2095 758 2158 “Altare
779 2096 882 2177 ipsum
902 2095 1107 2178 undequaque
1126 2099 1248 2162 nudum

159 2208 230 2250 cum
246 2209 298 2251 sex
314 2188 507 2250 candelabris
521 2188 707 2252 habentibus
723 2210 824 2273 cereos
840 2190 993 2255 extinctos
1010 2212 1096 2253 cerae
1111 2212 1247 2254 eommu-

157 2283 216 2345 nis.
263 2282 348 2344 Crux
373 2283 476 2362 lignea
500 2283 532 2343 in
554 2282 661 2346 eodem
685 2288 829 2363 cooperta
853 2283 939 2350 velo''
964 2283 1105 2348 violacei¹
1129 2284 1250 2359 eoloris,

161 2371 263 2453 “quod
283 2372 375 2436 facile
396 2373 545 2435 removeri
565 2372 693 2453 possit.·''
736 2374 770 2434 Si
791 2373 875 2434 Crux
896 2373 1055 2436 ordinaria
1075 2394 1131 2454 pro
1151 2373 1246 2435 denu-

161 2466 286 2528 datione
306 2473 363 2528 ete.
386 2467 523 2527 adhiberi
548 2471 689 2546 nequeat,
711 2467 772 2527 alia
795 2467 880 2527 (hux
902 2467 935 2527 in
957 2467 1060 2528 Allari
1082 2487 1174 2529 mane
1195 2488 1247 2546 ap-

159 2565 303 2640 ponatur.
348 2559 522 2622 “Pulvinar
538 2559 706 2621 violaceum
724 2561 757 2621 in
773 2560 908 2622 seeundo
922 2559 1023 2639 gradu
1039 2560 1198 2636 Allaris;''
1215 2561 1247 2621 in

159 2653 257 2714 offieio
272 2654 403 2714 solemni
418 2653 480 2714 duo
495 2653 557 2715 alia
571 2674 628 2733 pro
643 2674 665 2713 s.
683 2653 849 2714 Ministris.

199 2750 227 2808 2.
250 2747 312 2807 “Iu
331 2746 497 2810 credentia.
538 2745 654 2826 Mappa
673 2747 764 2807 unii-a
783 2747 897 2826 plioala
917 2768 971 2827 pro
990 2747 1102 2808 Altari.
1143 2747 1249 2826 Logilo

159 2859 229 2900 oum
260 2838 389 2899 biissali.
436 2839 535 2899 Bursa
563 2839 645 2914 nigri
675 2839 786 2898 eoloris
814 2860 885 2899 rum
913 2841 1077 2919 corporali,
1106 2840 1187 2920 palla
1216 2843 1248 2902 et

159 2932 390 3011 purifiealori03
412 2932 512 2993 velum
533 2933 660 3007 nigrum
682 2952 738 3011 pro
758 2930 882 2994 a·aliee.''
927 2932 965 2992 In
988 2932 1095 2994 Officio
1116 2934 1245 2994 solemni

158 3024 221 3088 duo
236 3024 421 3085 candelabra
437 3045 493 3104 pro
509 3023 669 3102 acolythis.

200 3120 228 3179 3.
251 3118 374 3198 “Propo
395 3119 594 3179 credenhhur.
640 3118 767 3196 'Iapeto
789 3118 934 3196 pulvinar
956 3118 1126 3179 violaceum
1147 3125 1177 3180 et
1198 3137 1246 3178 re·

156 3211 221 3273 lum
240 3211 345 3273 album
365 3212 462 3272 serico
483 3210 616 3273 violaceo
634 3210 836 3272 uonlerhrm''
854 3232 910 3291 pro
928 3211 1108 3274 adoratione
1128 3210 1247 3272 Crueis.

158 3299 264 3361 “Crux
282 3299 548 3380 processionalis.’'

199 3398 227 3454 4.
251 3394 310 3455 “In
327 3394 447 3458 baceno
464 3394 639 3473 Sepulchri.
686 3394 852 3471 (brumale
868 3401 1002 3455 stratum
1018 3413 1111 3472 super
1128 3393 1245 3454 Allare.

157 3487 271 3548 Velum
298 3486 457 3549 humerale
484 3486 598 3547 album.
664 3486 892 3547 Baldmlrinmn
920 3487 983 3547 sive
1010 3484 1155 3547 Umbella
1182 3484 1242 3546 albi

155 3580 275 3644 eoloris.
319 3579 482 3642 lutortitia
499 3584 530 3642 et
549 3580 628 3642 cerei
648 3600 703 3656 pro
723 3577 946 3657 processione.''

605 3843 718 3913 ΛΒΤ.
743 3843 793 3913 ΙΙ.

335 4027 572 4079 CONSPECTUS
593 4027 741 4076 mmmm
766 4027 887 4077 HI‘JUS
912 4027 1059 4077 FERIAE.

199 4201 266 4264 188.
292 4201 317 4262 l.
342 4202 556 4273 Purslmlione
579 4204 650 4259 aule
674 4200 780 4259 ultan·
806 4200 897 4262 iaetu.
919 4199 1070 4258 ‹liruulur
1093 4199 1123 4259 in
1146 4218 1242 4258 eornu

160 4297 331 4375 llpislolue:
348 4295 515 4373 l'roplrolia
529 4314 598 4352 eum
614 4294 728 4352 'lun-m
742 4313 748 4357 ;
763 4297 771 4345 l
780 4292 889 4357 butio:
903 4292 1010 4352 laelio
1023 4311 1092 4351 rum
1108 4291 1224 4350 'Praetu
1236 4310 1243 4362 ;

159 4388 483 4463 Passio—(Forrriml

464 4531 472 4562 ¹
493 4523 526 4575 Ι),
545 4525 585 4573 au,
605 4523 667 4572 Deo.
689 4526 763 4579 ram,
782 4539 806 4572 n.
825 4522 901 4572 3535.
920 4524 943 4577 8,
