2804 4890
168 671 230 735 274
314 680 368 737 DE
391 678 788 736 PRAESTANTIORIBUS
813 678 1121 738 FUNOTIONIBUS.

326 869 441 920 esseae
453 869 477 910 s,
491 867 658 909 arrursrurs.
774 917 780 929 .
868 869 1048 912 asurmrcrro
1064 870 1226 916 murmura.

172 931 267 990 rentia
283 932 390 1001 Alteri,
408 931 519 989 medius
536 930 612 987 inter
628 949 696 986 suos
714 924 794 985 clen-
836 930 958 988 “ultimo
985 931 1085 989 laicis’'
1116 933 1168 1006 [ad
1193 955 1260 994 can-

172 1028 221 1066 cos
237 1010 347 1066 accedit
366 1010 403 1067 ad
421 1009 563 1066 cancellos
582 1004 796 1078 l'resbyteriia
836 1008 936 1081 cellos]
981 1010 1134 1069 “omnibus
1172 1031 1261 1083 genu-

173 1095 258 1158 parte
279 1087 439 1159 Epistolae.
480 1086 592 1143 lbidem
612 1086 716 1157 incipit
737 1084 795 1142 dis·
837 1087 1028 1155 flectentibus,
1055 1096 1083 1145 et
1111 1091 1261 1149 candelam

173 1165 300 1222 tribuere
318 1164 462 1233 candelas,
480 1164 576 1236 primo
593 1164 672 1232 viris,
691 1163 794 1220 deinde
836 1172 862 1220 et
881 1183 998 1222 manum
1017 1166 1199 1224 Celebrantis
1216 1188 1261 1226 os

173 1242 319 1313 foeminis,
336 1244 495 1314 praebente
513 1243 538 1298 ei
556 1242 691 1299 candelas
709 1241 795 1298 tertio
837 1243 1002 1300 culantibus
1023 1245 1152 1315 exeeptis
1174 1247 1261 1302 Prae·

173 1319 277 1378 clerieo
305 1339 324 1378 a
352 1319 489 1389 sinistriS,
519 1320 670 1378 allatasa
700 1319 795 1391 primo
837 1319 913 1388 latis,
948 1321 973 1377 si
1007 1321 1155 1378 adsint.'’⁰
1192 1324 1261 1381 Dia-

171 1398 304 1456 elerico.'’
836 1416 926 1454 conus
954 1398 1066 1455 assistit
1095 1400 1261 1458 (felebrarui

211 1478 237 1534 6.
257 1476 352 1533 Laicis
382 1476 519 1533 candelae
548 1476 635 1533 etiam
664 1477 700 1532 ab
729 1474 795 1532 aliis
836 1493 854 1530 a
870 1473 1006 1546 sinistris,
1023 1477 1179 1549 porrigens
1193 1497 1261 1535 cau-

174 1553 381 1612 Sacerdotibus
408 1553 629 1625 superpelliceis
656 1560 684 1609 et
713 1551 796 1610 stolis
839 1552 919 1609 delas
930 1554 1044 1610 oblatas
1054 1556 1091 1611 ab
1102 1556 1260 1628 acolythis,

172 1631 308 1689 violaceis
322 1629 433 1688 indutis
447 1631 584 1687 distribui
600 1637 730 1702 possunt.
762 1630 794 1687 Si
839 1630 1041 1689 Subdiaeonus
1087 1651 1104 1688 a
1151 1633 1262 1689 dextris

172 1709 239 1767 laici
251 1709 310 1765 sint
324 1709 409 1765 nimis
422 1709 577 1777 numerosi,
589 1707 647 1779 ipsi
660 1708 795 1764 caudelas
836 1708 979 1765 fimbriam
999 1710 1139 1780 pluvialis
1157 1711 1261 1768 sustol-

173 1787 307 1844 manibus
321 1793 418 1843 tenere
431 1791 554 1857 possunt
568 1792 698 1856 tempore
712 1787 795 1842 bene·
836 1785 879 1843 lit.
923 1786 1016 1843 “Cum
1039 1787 1180 1859 inceperit
1204 1788 1261 1844 dis-

172 1863 317 1932 dictioniS,
333 1869 361 1921 et
379 1863 536 1920 Celebrans
552 1863 741 1920 intentionem
757 1863 795 1920 ad
836 1862 965 1921 tribuere
980 1865 1124 1935 candelas,
1140 1885 1158 1922 a
1174 1867 1261 1923 choro

171 1941 238 1998 illas
271 1940 404 2011 dirigere.
458 1941 555 2011 (ldem
588 1940 664 1996 valet
697 1939 794 2010 quoad
837 1947 974 1998 cantatur
996 1944 1066 2000 Ant.
1088 1945 1200 2000 Lumen
1223 1947 1262 2000 ad

170 2035 268 2077 ramos
283 2018 473 2090 palmarum.)
834 2022 1047 2090 revelationem,
1080 2027 1133 2078 etc.
1177 2021 1262 2079 Cant.

836 2097 921 2150 Nune
942 2098 1094 2152 dimittis.’'
1135 2096 1216 2168 Quae
1236 2097 1260 2153 si

836 2191 893 2228 uon
914 2172 1068 2239 sulliciant,
1088 2180 1261 2244 repetantur

835 2268 984 2321 quousque
997 2249 1166 2308 distributio
1178 2251 1260 2308 fluia-

836 2332 894 2397 tur,
929 2328 980 2384 sed
1016 2327 1123 2398 absque
1161 2331 1261 2386 Gloria

836 2407 929 2463 Patri.
946 2405 1024 2475 quod
1042 2406 1128 2461 semel
1147 2411 1259 2462 tantum

837 2482 952 2539 dicitur.

208 2567 235 2622 7.
255 2564 430 2636 “Completa
464 2562 678 2631 distributione,
715 2562 795 2619 Cele·
874 2560 921 2616 Ad
952 2561 1089 2618 lotionem
1123 2580 1259 2617 inarruum

171 2644 261 2699 brans
285 2641 395 2699 lavabit
421 2660 524 2699 manus
549 2639 577 2696 iu
606 2640 695 2713 plano
722 2639 794 2711 Epi·
837 2637 985 2695 Diaconus
1004 2638 1146 2694 fimbriam
1167 2638 1260 2709 plrrvi·

171 2720 263 2777 stolae
283 2719 394 2775 clericis
415 2718 684 2787 ministrantibus;”
704 2718 749 2774 vel
770 2717 795 2774 si
837 2714 892 2771 ulis
913 2716 1038 2772 sustollit
1063 2722 1091 2772 et
1115 2723 1260 2772 manuter-

172 2797 209 2854 ab
243 2795 341 2853 Altari
375 2815 431 2853 nou
466 2795 654 2861 descenderit,
688 2795 795 2852 ibidem
839 2792 1261 2864 giumporrigit,Subdiac0uo

169 2874 257 2941 lavat,
280 2879 362 2930 stans
384 2873 469 2930 utin
493 2872 584 2929 Missa
608 2874 645 2929 ad
668 2876 795 2930 Lavabo.
836 2871 957 2926 alteram
1012 2870 1149 2942 pluvialis
1199 2872 1260 2927 lirn-

173 2949 294 3005 lnterim
310 2950 447 3006 candelae
463 2949 669 3016 accenduntur,
685 2948 742 3004 nisi
758 2949 795 3005 ab
837 2948 928 3004 briam
947 2950 1086 3005 elevante,
1129 2949 1260 3017 (Interea

173 3027 257 3084 initio
273 3045 409 3083 accensae
425 3025 538 3082 fuerint
559 3025 660 3096 (juxta
675 3045 795 3083 cousue-
837 3033 912 3081 caut.
927 3029 1068 3096 Erarpe.)

172 3104 301 3162 tudinem
322 3104 405 3172 loci).

209 3183 235 3239 8.
257 3181 516 3249 “Celebransdotis
529 3181 671 3250 manibus,
685 3182 793 3239 accedit
876 3183 980 3238 Postea
1002 3200 1065 3238 cum
1089 3181 1260 3238 felebraute

172 3265 240 3316 ante
259 3260 361 3316 Altare
379 3278 432 3330 per
451 3258 610 3328 longiorem
629 3259 714 3323 viam,
734 3260 794 3316 fac·
837 3259 865 3313 in
886 3277 975 3314 cornu
996 3258 1147 3329 Epistulae
1166 3276 1260 3314 rerer-

173 3344 259 3408 taque
277 3338 307 3393 in
325 3337 418 3394 medio
436 3337 523 3394 Cruci
541 3337 711 3405 reverentia,
730 3355 795 3408 per·
837 3343 939 3393 tuntur
950 3341 979 3391 ut
994 3335 1155 3392 functionis
1166 3334 1259 3392 initio.

172 3415 214 3486 git
229 3416 267 3473 ad
283 3415 387 3471 librum
403 3414 432 3471 in
447 3434 537 3472 cornu
556 3415 714 3485 Epistulae.
749 3414 795 3471 lbi

172 3512 237 3550 cum
261 3493 322 3549 suis
347 3493 458 3549 clericis
483 3494 543 3549 alta
567 3511 636 3549 voce
661 3492 792 3549 recitabit

169 3571 387 3643 Antiphonem:
411 3574 539 3641 Excerpe,
560 3571 693 3640 Domine,
706 3576 794 3638 etc.,’'

173 3648 228 3704 nisi
245 3650 349 3704 chorus
364 3652 471 3704 cantet.

210 3728 236 3783 9.
257 3726 388 3782 “Deinde
422 3732 503 3781 stans
538 3724 643 3781 ibidem
680 3723 793 3781 subdit:
876 3725 952 3780 Ante
989 3723 1156 3781 Orationem
1194 3728 1261 3794 post

174 3808 305 3871 (tremus,
319 3810 348 3860 et
361 3804 384 3859 si
399 3803 436 3859 sit
452 3808 517 3874 post
534 3801 795 3872 Septuagesimam,
839 3805 969 3871 (tremus,
1005 3802 1029 3856 si
1067 3809 1182 3872 tempus
1219 3820 1261 3856 re-

173 3889 202 3940 et
216 3902 273 3940 non
293 3883 321 3937 in
339 3882 385 3938 die
402 3881 564 3942 Dominico.
580 3879 731 3949 subjungit
751 3880 795 3950 ip·
837 3879 943 3948 qrrirat.
979 3878 1127 3935 Diacouus
1161 3885 1262 3935 cantat

173 3967 271 4025 semet,
291 3979 323 4016 ac
346 3959 540 4029 genuflectens
561 3977 624 4014 curu
645 3957 793 4014 omnibus:
839 3959 1002 4012 l'lectamas
1024 3975 1128 4025 penita,
1150 3975 1261 4012 amires-

173 4041 338 4096 Ftectamaa
355 4055 458 4107 penca,
474 4042 502 4092 et
517 4035 660 4091 secundus
676 4033 796 4091 clericus
837 4052 891 4103 qire
912 4033 1119 4101 genuflectunt.
1140 4041 1261 4104 excepto

174 4116 269 4186 primo
310 4133 441 4181 surgens.
484 4113 655 4183 respondet:
682 4116 795 4168 Lcrate.
838 4112 1019 4170 t‘elebrante.
1060 4112 1261 4169 Subdiacauus

176 4194 362 4251 l'nslnrodurn
406 4192 563 4247 t'elebraus
606 4192 677 4246 died
724 4192 795 4246 (lra-
838 4194 934 4244 cantat
956 4192 1062 4244 Lerutc
1087 4192 1212 4257 (santes
1232 4190 1259 4245 iu

171 4271 294 4328 tionem:
320 4273 436 4325 Erurtdi
460 4288 641 4341 (peraestuans.
666 4272 788 4324 Domine
838 4267 935 4323 eodem
953 4267 1083 4327 1000.ch
1101 4275 1177 4322 retro
1196 4274 1258 4337 past

170 4357 233 4409 etc..
251 4366 365 4417 semper
383 4353 483 4402 leucus
502 4364 603 4401 numus
621 4346 746 4415 junctus.
766 4352 794 4400 ul
839 4345 1068 4413 l'clebrauteur),
1102 4350 1128 4400 et
1163 4363 1262 4401 onrues

173 4425 293 4496 supra.’'
838 4428 969 4488 snrannt.

377 4529 538 4584 ⁰Mulieres
572 4530 728 4582 occidantur
764 4529 903 4579 carnlebtni
926 4533 1041 4581 tanturn.
