2804 4890
167 641 231 703 400
315 651 370 706 nn
393 651 565 708 ormena
589 653 667 708 vm
690 651 826 706 anama
851 605 1123 705 sanciremus.

171 831 295 874 marum
312 813 471 894 excepta),
488 819 564 877 tunc
581 813 761 876 cantabitur
778 813 875 875 Missa
891 812 929 875 de
947 809 1115 874 Dominioa
1130 812 1163 872 et
1179 804 1268 871 illius

170 905 290 984 primae
305 904 449 967 Orationi
462 906 666 986 adjungetur,
680 906 736 968 sub
750 907 842 967 unica
853 905 1061 980 conclusione,
1074 899 1268 967 occurrentia

172 997 257 1058 Festi
277 999 548 1074 commemoratio,
569 1006 599 1062 et
620 999 658 1060 de
678 998 876 1060 solemnitate
897 997 978 1059 nihil
999 994 1136 1078 amplius
1157 994 1203 1058 fit.

214 1096 249 1156 Si
264 1115 334 1158 vero
350 1096 469 1158 ineidat
483 1097 517 1158 in
532 1094 732 1158 Dominicam
747 1094 930 1156 Palmarum
945 1100 1001 1159 aut
1016 1095 1048 1156 in
1066 1093 1194 1155 Festum
1208 1091 1266 1157 ali-

170 1187 252 1266 quod
268 1208 305 1251 ex
321 1188 560 1251 solemnioribus
577 1186 764 1250 universalis
782 1186 949 1263 Ecclesiae,
967 1184 1054 1248 nulla
1072 1186 1111 1248 de
1127 1207 1165 1250 eo
1183 1205 1266 1247 com-

170 1282 353 1344 memoratio
380 1281 445 1356 fiat,
471 1300 570 1361 neque
595 1280 808 1343 transferatur
833 1279 1024 1354 solemnitas,
1049 1278 1103 1341 sed
1128 1278 1265 1341 officium

170 1383 296 1434 tantum
316 1373 408 1451 juxta
429 1373 603 1435 Rubricas.²

212 1468 240 1526 6.
265 1465 298 1527 Si
321 1465 400 1527 duae
421 1465 636 1528 solemnitates
656 1464 828 1530 translatae
848 1465 882 1526 in
903 1463 1044 1528 eamdem
1064 1463 1265 1527 Dominieam

170 1556 322 1631 incidant,
341 1557 396 1618 fiat
415 1558 453 1621 de
472 1557 670 1620 solemnitate
690 1555 847 1637 digniori;
866 1561 898 1620 et
918 1557 1024 1619 minus
1044 1555 1142 1636 digna
1162 1559 1264 1618 trans·

170 1648 292 1711 feratur
311 1650 345 1710 in
365 1648 564 1711 Dominieam
585 1648 808 1731 proximiorem
827 1669 891 1711 uon
911 1647 1120 1730 impeditam.⁸

213 1744 240 1802 ’1.
264 1740 349 1803 “Ubi
366 1740 554 1803 Solemnitas
570 1746 698 1805 externa
712 1741 888 1818 Fastorum,
900 1760 979 1821 quae
994 1743 1153 1822 hueusque
1167 1739 1262 1804 alicui

171 1831 354 1896 Dominioae
370 1838 520 1913 perpetuo
535 1833 625 1895 affixa
642 1837 742 1909 erant,
760 1835 794 1897 in
811 1834 879 1914 ipsa
896 1832 1062 1896 Dominica
1079 1831 1264 1908 celebratur,

168 1923 207 1986 de
228 1924 432 1987 Solemnitate
452 1926 536 1987 Festi
557 1925 701 2004 Duplicis
723 1931 750 1988 1.
771 1925 877 1989 elassis
896 1927 1126 2008 permittuntur
1148 1926 1264 1990 Missae

169 2036 277 2079 omnes
309 2022 432 2097 praeter
466 2017 712 2081 Conventualem
746 2021 778 2081 et
813 2017 1037 2094 Parochialem,
1069 2038 1191 2100 semper
1224 2019 1264 2082 de

170 2108 279 2173 Officio
308 2108 371 2173 diei
400 2109 565 2185 dicendas,
595 2109 633 2172 de
665 2108 872 2174 Solemnitate
901 2131 972 2174 vero
1002 2112 1087 2174 Festi
1116 2109 1263 2191 Duplieis

169 2205 197 2264 2.
218 2201 325 2264 elassis
344 2201 541 2283 permittitur
560 2206 686 2265 tantum
705 2204 800 2266 unica
820 2203 918 2265 Missa
937 2202 1085 2266 solemnis
1103 2204 1151 2267 rel
1171 2203 1261 2267 lecta.

170 2294 336 2375 Excipitur
362 2294 550 2357 Solemnitas
575 2298 703 2358 externa
728 2296 811 2357 Ssmi
837 2296 970 2372 Rosarii,
992 2315 1072 2378 quae
1095 2295 1262 2359 Dominica

171 2391 197 2448 1.
229 2386 371 2450 Octobris
401 2385 549 2449 celebrari
580 2387 696 2468 poterit
725 2408 797 2450 curn
827 2387 972 2450 omnibus
1002 2388 1109 2452 Missis
1137 2394 1262 2471 praeter

169 2478 414 2542 Conventualem
441 2485 471 2542 et
502 2478 717 2541 Paroelrialem
745 2480 783 2541 de
814 2481 903 2543 Ssmo
934 2481 1072 2558 Rosario,
1100 2484 1137 2544 ut
1166 2502 1261 2563 supra

167 2572 288 2634 dictum
307 2577 353 2634 est
372 2571 411 2634 de
430 2571 618 2651 Duplicibus
638 2574 665 2633 1.
686 2570 823 2634 elassis.''

209 2669 237 2726 8.
261 2665 398 2727 “Omnes
416 2664 531 2725 Missae
548 2663 586 2725 de
603 2664 652 2724 his
672 2664 931 2727 Solemnitatibus
950 2667 982 2728 in
1001 2666 1167 2730 Dominica
1184 2667 1261 2730 eele-

166 2756 264 2818 bratis
276 2777 397 2837 semper
410 2755 557 2819 dieantur
569 2762 605 2819 ut
619 2757 652 2818 in
665 2757 732 2836 ipso
747 2757 848 2833 Festo,
862 2759 900 2821 de
912 2778 972 2839 quo
985 2761 1091 2839 agitur
1107 2760 1260 2824 Solemni-

169 2854 226 2924 tas,
252 2848 360 2911 addita
386 2849 534 2911 Oratione
559 2849 597 2911 dc
625 2848 732 2912 Officio
758 2849 819 2911 diei
847 2855 878 2912 et
904 2852 1049 2914 omnibus
1075 2852 1156 2927 aliis,
1182 2873 1260 2933 quae

167 2940 316 3003 dicendae
339 2945 451 3013 essent,
476 2941 502 3001 si
528 2941 656 3002 Festum
682 2943 749 3021 ipsa
775 2941 941 3006 Dominica
966 2944 1136 3008 incidisset.
1184 2946 1260 3010 Pro

167 3033 315 3097 hibentur
334 3038 439 3096 tamen
460 3034 492 3094 in
514 3033 658 3094 omnibus
680 3032 864 3108 Dominicis,
886 3036 1059 3115 majoribus
1079 3046 1109 3102 et
1133 3039 1165 3101 in
1187 3039 1260 3102 aliis

169 3125 353 3199 Dominicis,
374 3124 540 3205 inquibus
562 3125 617 3187 fiat
641 3124 784 3189 Officium
807 3126 944 3190 nobilius
966 3129 1031 3209 ipso
1054 3131 1146 3194 Festo
1168 3131 1259 3210 eujus

168 3217 357 3281 Solemnitaa
381 3221 509 3279 externa
534 3217 713 3298 peragitur:
739 3219 791 3280 sed
818 3220 851 3280 in
875 3239 958 3295 casu,
983 3225 1198 3303 praeterquam
1226 3225 1258 3285 in

168 3310 354 3392 Duplieibus
371 3313 398 3371 1.
415 3309 522 3373 elassis
538 3308 665 3373 Domini
684 3311 839 3374 Ecclesiae
854 3313 1049 3391 universalis,
1066 3317 1098 3377 in
1114 3315 1259 3379 omnibus

167 3404 282 3478 Missis,
306 3423 384 3484 quae
407 3402 547 3483 alioquin
571 3403 609 3465 de
635 3402 840 3466 solemnitate
862 3408 989 3469 externe
1013 3407 1166 3472 celebrata
1191 3429 1258 3489 per·

166 3498 378 3572 mitterentur,
398 3495 534 3558 addatur
553 3496 624 3574 ejus
646 3495 755 3558 Oratio
776 3497 833 3558 sub
855 3499 947 3560 unica
969 3499 1165 3564 conclusione
1187 3522 1257 3564 eum

165 3592 276 3671 prima.
319 3589 383 3651 Ubi
405 3594 509 3650 tamen
528 3587 614 3650 adest
634 3587 785 3666 obligatio
805 3589 919 3653 Missae
941 3590 1174 3663 Conventualia
1195 3614 1258 3656 non

166 3683 363 3763 permittitur
382 3682 415 3742 in
436 3701 508 3743 casu
529 3680 592 3743 alia
612 3680 708 3742 Missa
727 3681 883 3747 solemnis.
904 3683 956 3745 sed
979 3683 1087 3749 Oratio
1107 3687 1145 3751 de
1167 3687 1259 3750 Festo

166 3783 292 3839 externe
307 3779 431 3836 tantum
447 3773 599 3837 celebrato
614 3771 689 3834 addi
704 3774 830 3852 poterit.
845 3776 893 3836 uti
909 3795 1013 3857 supra,
1030 3778 1061 3839 in
1078 3778 1145 3859 ipsa
1162 3777 1259 3842 Missa

167 3865 421 3930 Oonrentnali.''⁰

209 3964 236 4021 9.
261 3958 482 4038 lndrdpentr'oe
499 3956 589 4021 iestis
604 3978 742 4021 annexae
758 3956 948 4024 “translatoe
966 3962 1186 4042 intelligantur
1201 3984 1259 4046 pro

166 4073 201 4114 eo
217 4052 267 4114 die
283 4072 343 4130 quo
359 4052 439 4113 festa
454 4049 636 4128 hujusmodi
655 4052 700 4113 vel
718 4053 817 4130 quoad
836 4051 1066 4117 solemnitatum
1085 4061 1209 4120 tantum
1228 4062 1258 4120 et

166 4150 325 4206 externam
350 4141 587 4205 celebrationem
617 4142 824 4217 (nontamen
849 4144 947 4223 quoad
972 4147 1104 4209 officium
1128 4154 1159 4212 et
1183 4149 1258 4212 Mis-

166 4240 248 4307 sam)
273 4236 413 4312 lepitime
435 4234 679 4296 transferuutur.
726 4235 805 4297 Cum
829 4258 899 4296 rutro
922 4239 1111 4302 transfertur
1133 4247 1258 4306 tantum

201 4394 256 4444 sp,
280 4394 302 4443 ρ,
330 4393 389 4441 troc.
417 4392 490 4442 taut.
512 4407 537 4439 n.
562 4391 637 4440 3754.
663 4392 685 4439 3.
774 4394 1144 4457 uu.2a.00t.1913,1.2‚

201 4469 329 4521 ⁸1lridem
348 4470 372 4519 6,
