2804 4890
427 728 482 785 DE
502 726 798 786 BENEDICTIONE
816 729 964 788 FONTIS.
1183 726 1242 791 333

513 1282 514 1286 p
591 1195 706 1268 Anu.
730 1195 797 1268 vr.

430 1397 481 1448 DE
501 1398 787 1450 BENEDIC'I'IONE
807 1399 953 1451 FONTIS.

343 1586 381 1648 Δ.
417 1585 662 1650 perunctione
688 1588 804 1665 absque
830 1586 1047 1650 altimetria.

194 1771 264 1837 208.
287 1773 436 1835 “Primus
449 1774 579 1836 clericus
590 1775 745 1854 accipiens
758 1795 882 1838 cereum
894 1774 1070 1855 paschalem
1083 1779 1115 1836 et
1127 1773 1241 1837 tertius

154 1867 287 1929 Crucem
302 1867 560 1949 processionalem
577 1869 708 1929 ueniunt
724 1872 797 1929 ante
813 1869 931 1930 Altare.
976 1867 1047 1929 Duo
1064 1867 1119 1929 alii
1135 1866 1240 1929 clerici

154 1962 284 2022 veniunt
304 1960 344 2023 ad
365 1959 611 2034 Celebrantem,''
633 1961 686 2040 qui
707 1961 847 2041 procedit
867 1966 940 2022 ante
961 1961 1080 2036 Altare,
1101 1979 1240 2024 reveren-

155 2054 232 2116 tiam
250 2054 327 2116 iacit
346 2054 440 2114 Cruci
458 2062 489 2117 et
508 2053 644 2133 “inoipit
662 2054 727 2116 alta
745 2074 816 2116 voee
835 2053 1003 2115 Tractum:
1022 2055 1114 2116 Sicut
1133 2073 1241 2116 cervas

154 2151 212 2210 etc.
228 2151 266 2209 ut
281 2147 375 2221 infre,
390 2146 472 2226 quod
488 2146 571 2208 lente
587 2152 791 2226 prosequetur
806 2165 878 2207 oum
894 2144 1035 2207 alericis''
1051 2146 1098 2208 vel
1114 2147 1198 2208 solus
1214 2147 1241 2208 si

155 2240 260 2320 inepte
276 2240 416 2303 recitent.

197 2334 225 2396 2.
248 2333 429 2412 “Dirigitur
445 2334 598 2413 processio
615 2333 655 2396 ad
674 2334 794 2394 iontem
810 2333 868 2394 hoe
885 2331 1012 2393 ordine:

203 2425 253 2505 (a)
281 2426 441 2489 “Clericus
461 2447 532 2489 eum
551 2447 655 2501 rereo;

202 2519 254 2599 (b)
281 2518 442 2582 “Clericus
457 2540 529 2582 cum
546 2518 683 2594 eruce?

202 2613 251 2692 (c)
280 2612 430 2675 Centores
445 2616 477 2675 et
494 2612 603 2674 Clerus
621 2613 647 2673 si
664 2613 787 2688 adsint;

202 2706 255 2786 (d)
283 2704 471 2769 “Celebrans
486 2705 608 2767 medius
624 2707 707 2768 inter
720 2706 857 2782 clericos,
872 2709 1017 2783 recitans,
1032 2712 1113 2771 tecto
1129 2709 1241 2789 eapite,

155 2798 345 2862 Tractum:”

196 2892 236 2954 V.
259 2893 349 2956 Sicut
366 2914 473 2956 cervas
490 2893 644 2956 desiderat
660 2894 701 2955 ad
715 2897 821 2976 sontes
836 2916 1008 2976 aquarum
1023 2899 1069 2958 ita
1086 2896 1241 2959 desiderat

154 2985 261 3049 anima
276 3008 344 3049 mea
357 2989 400 3051 ad
416 2991 455 3059 te,
470 2987 564 3049 Deru.

197 3078 237 3142 V.
260 3079 370 3143 sitivit
388 3080 494 3143 anima
513 3101 580 3142 mea
597 3081 638 3143 ad
655 3080 758 3142 Deum
777 3081 899 3144 viuum:
917 3083 1041 3160 artando
1059 3085 1192 3154 ueniam,
1211 3087 1241 3146 et

154 3174 308 3254 apparebo
323 3178 395 3236 ante
410 3175 525 3255 faciem
541 3173 602 3235 Dei
609 3173 624 3235 t

197 3266 237 3328 V.
259 3267 402 3329 Fuerunt
425 3264 504 3329 mihi
523 3268 676 3346 lacrymae
697 3288 782 3330 meae
802 3288 898 3349 paries
919 3267 968 3331 die
988 3291 1025 3332 ac
1044 3273 1144 3339 nocte,
1165 3271 1240 3331 dum

155 3360 274 3422 dicitur
289 3360 368 3422 miti
383 3381 439 3441 per
452 3360 593 3439 sinpulos
609 3359 691 3422 dies:
711 3361 772 3422 aar·
788 3365 832 3423 est
848 3361 934 3423 Deus
952 3361 1047 3424 tarro?

197 3456 225 3515 3.
248 3452 352 3515 “Ante
371 3452 523 3514 cancellos
542 3450 640 3514 fontis
658 3453 773 3515 sistant
791 3472 908 3527 omnes,
926 3455 957 3515 et
977 3452 1143 3515 celebrans
1161 3454 1241 3515 faeie

155 3567 241 3609 versa
262 3546 301 3608 ad
324 3543 487 3620 Crucem‚”
509 3565 587 3625 quae
609 3545 651 3608 sit
673 3549 761 3608 extra
782 3545 905 3607 aditum
930 3546 1111 3624 Baptisterii
1136 3566 1240 3606 versus

155 3646 275 3719 partem
290 3640 443 3713 dextrum,
457 3639 601 3719 “expleto
616 3639 733 3699 'Praetu
750 3637 848 3699 ‹licie-⁸
864 3638 908 3698 vel
926 3644 1000 3700 tono
1016 3638 1119 3700 feriali
1135 3642 1241 3699 cantat

155 3735 290 3812 primam
305 3733 519 3807 “Orationem,
534 3732 708 3794 sustinente
723 3731 838 3792 librum
854 3735 965 3810 quarto
980 3730 1122 3792 oleriooff’
1152 3731 1241 3791 Tunc

155 3826 306 3887 “clericus
328 3846 400 3887 eum
424 3845 520 3899 cereo,
543 3831 574 3887 et
598 3825 741 3887 deferens
766 3823 898 3884 Crucem
923 3823 1147 3903 ingrediuntur
1170 3845 1241 3885 rau-

155 3918 247 3982 eellos
267 3919 461 3999 Baptisterii,
479 3920 505 3979 si
525 3918 582 3981 lori
603 3918 758 3998 rapacitas
777 3916 891 3985 sinat.'’
912 3916 957 3977 rel
978 3916 1241 3993 approximabunt

154 4011 194 4075 ad
212 4012 349 4075 fontem:
366 4012 515 4074 “stabunt
531 4033 601 4073 voro
617 4031 738 4091 semper
754 4016 826 4071 ante
846 4010 956 4072 faeiem
975 4009 1200 4073 (Felebrantisf’

196 4108 225 4167 4.
249 4106 437 4168 “Celebruns
461 4103 579 4166 aceedit
602 4124 697 4185 prope
721 4104 853 4177 fantum,
877 4110 907 4167 et
931 4102 1040 4173 dicit‚'’
1065 4103 1110 4165 vel
1135 4108 1241 4166 cantat

154 4198 343 4261 “secundam
363 4198 544 4259 Orationem
563 4201 594 4259 et
613 4197 857 4272 Praefationem
875 4201 911 4259 ut
929 4197 962 4257 in
982 4196 1114 4270 Missali,
1133 4201 1242 4260 tenens

154 4312 276 4372 semper
294 4312 405 4354 manus
423 4288 579 4369 junctas,'’
597 4295 638 4365 et,
657 4294 683 4354 si
701 4289 782 4351 nihil
802 4291 913 4366 obstat,
933 4291 1012 4352 facie
1030 4290 1069 4352 ad
1089 4291 1241 4353 orientem

155 4406 208 4449 seu
225 4384 448 4448 Sanotnarium
465 4402 559 4445 versa.
604 4383 716 4445 “Intra
734 4382 976 4458 Praefationem
992 4384 1084 4463 juxta
1100 4384 1242 4464 proprios

156 4478 309 4541 Rubricae
340 4479 431 4552 locos,
463 4477 536 4539 haee
567 4475 720 4555 peragit,''
751 4496 829 4555 quae
861 4477 892 4537 in
926 4476 1046 4537 Miseali
1079 4480 1240 4538 notantur.

155 4569 287 4649 Quando
303 4572 419 4633 “mann
435 4589 546 4649 aquam
563 4565 688 4645 dividit,
703 4573 734 4632 et
749 4568 886 4632 effundit
901 4590 968 4633 eam
986 4587 1092 4632 versus
1107 4576 1241 4649 quatuor
