2804 4890
166 673 226 738 478
444 682 498 738 na
522 684 788 739 sucrtuuuu'ro
813 681 989 738 orantum.

302 863 329 896 ns
346 864 466 896 mauras
482 865 514 895 rv.
532 864 681 895 raucorum:
845 863 871 893 ru
889 863 960 898 sana.
993 850 1162 895 “stammana''
1177 862 1211 894 nr
1223 860 1253 894 ut

879 937 964 969 rusrrs
979 937 1062 969 axa-aa
1078 936 1203 969 narona

169 1030 302 1089 Tonsura
317 1037 386 1103 post
400 1032 495 1104 Kyrie
511 1034 617 1089 eleison
622 1050 635 1102 ;
815 1036 883 1101 post
898 1029 1066 1088 introitum.

168 1111 346 1172 Ostiariatus
364 1120 431 1186 post
450 1115 577 1187 primam
596 1115 775 1185 Lectionem;
814 1122 880 1186 post
906 1115 1000 1186 Kyn'e
1025 1116 1141 1170 eleison.

168 1199 338 1258 [rectoratus
360 1206 428 1271 post
448 1201 604 1258 secundam
625 1199 718 1267 lect,
839 1200 854 1227 ‘⁴
989 1198 1005 1227 ‘¹

168 1282 370 1342 Exercistatus
388 1289 456 1354 post
474 1284 591 1341 tertiam
609 1283 702 1352 [tecm
838 1284 854 1312 “

167 1367 362 1438 Acolythatus
378 1374 447 1440 post
463 1376 598 1440 quartam
614 1367 708 1438 neca,
839 1368 856 1396 ⁴‘
989 1366 1006 1396 ‘⁴

169 1451 404 1510 Subdiaconatus
423 1459 491 1525 post
511 1452 644 1523 quintam
664 1451 757 1522 lect.;
813 1457 881 1524 post
904 1451 1070 1510 Collectam.

169 1534 349 1595 Diaconatus
362 1541 431 1608 post
448 1535 626 1606 Epistulam,
814 1541 882 1607 post
901 1534 1077 1606 Epistolam.

170 1619 395 1692 Presbyteratus
416 1624 486 1676 ante
507 1619 641 1677 ultimum
664 1638 777 1676 versum
813 1625 882 1676 ante
897 1617 1032 1675 ultimum
1046 1635 1162 1676 versum
1177 1618 1267 1676 Trae-

207 1703 338 1771 Tractus,
359 1719 435 1774 resp.
457 1702 646 1775 Sequentiae5
853 1708 909 1773 tus,
940 1700 986 1760 vel
1017 1699 1183 1772 Gradualis,
1214 1701 1263 1758 vel

849 1784 990 1857 Alleluja,
1011 1785 1056 1841 vel
1078 1784 1263 1857 Sequentiae.

214 1988 242 2046 3.
266 1984 465 2050 “Ordinandi
482 1986 595 2050 debent
611 2007 642 2050 se
659 1992 857 2068 praesentare
875 2007 946 2049 cum
964 1985 1157 2069 paramentis
1173 1982 1268 2047 Ordi-

171 2080 207 2140 ni
227 2098 283 2143 suo
302 2078 588 2155 convenientibus?
610 2081 701 2159 juxta
723 2079 961 2159 dispositionem
984 2077 1189 2152 Pontificalis,
1210 2080 1269 2139 aut

173 2171 279 2235 induti
297 2179 352 2235 aut
371 2193 463 2253 super
481 2173 606 2235 brachio
623 2172 752 2235 sinistro
770 2173 825 2235 illa
842 2173 1042 2247 sustinentes,
1060 2172 1112 2233 “et
1128 2169 1269 2233 candelis

174 2265 208 2327 in
228 2285 325 2327 manu
351 2264 491 2346 [dextra]
518 2263 699 2328 accensis.”³
743 2264 1008 2344 Quandocumque
1030 2264 1071 2327 ad
1091 2263 1201 2326 Altare
1220 2281 1269 2323 as

173 2358 303 2422 cendere
320 2356 443 2433 debent,
460 2357 605 2421 candelae
623 2380 640 2421 a
658 2357 779 2420 clericis
794 2358 832 2420 ad
852 2359 908 2421 lroc
926 2357 1098 2437 designatis
1115 2355 1269 2436 accipien-

174 2455 237 2527 tur,
257 2458 289 2514 et
309 2451 433 2531 qnando
454 2449 658 2525 descendunt,
679 2449 824 2512 ardentes
846 2451 1068 2513 restituuntur.
1112 2450 1162 2511 Ad
1182 2450 1269 2511 Lite·

175 2545 243 2606 nias
265 2545 496 2624 extinguuntur
517 2550 548 2606 et
572 2543 629 2604 sub
652 2542 747 2605 finem
771 2543 970 2604 Litnniarum
994 2543 1032 2605 ab
1056 2541 1125 2606 istis
1148 2541 1270 2606 clericis

174 2637 412 2700 accenduntur.⁴

217 2735 245 2792 4.
270 2729 402 2804 Quando
419 2751 455 2792 ex
473 2728 705 2808 dispensatione
723 2730 903 2810 Apostolica
922 2729 1144 2794 Ordinationes
1161 2731 1271 2792 “extra

177 2822 337 2902 tempora''
353 2821 458 2895 liunt,⁵
475 2823 662 2901 “antequam
680 2822 718 2885 ad
735 2821 934 2886 collationem
952 2821 1107 2885 Ordinum
1124 2821 1271 2904 proceda·

177 2919 240 2990 tur,
265 2915 381 2994 legitur
406 2914 591 2977 urendatum
616 2911 843 2994 Apostolicum,
868 2914 929 2977 sive
954 2913 1153 2995 supplicatio,
1178 2915 1272 2993 cujus

210 3131 457 3183 ³Paramentorum
479 3131 580 3183 “eolor
600 3131 637 3181 sit
658 3130 696 3196 ip·
745 3131 815 3195 opol.
848 3129 1025 3193 (Montreal).
1071 3131 1189 3184 Proinde
1216 3132 1271 3185 ista

174 3207 231 3257 sius
258 3206 428 3258 celebrantis
455 3207 483 3256 in
511 3206 611 3269 Missa;
643 3207 696 3256 nisi
747 3205 883 3258 facultate
898 3207 1007 3259 ordines
1021 3207 1141 3258 conferri
1156 3215 1271 3273 possunt

173 3284 249 3336 aliud
280 3284 402 3349 postulat
432 3282 617 3334 necessitas.”
663 3281 695 3331 D.
746 3285 825 3332 extra
844 3285 969 3348 tempora
988 3281 1147 3346 Dominicis,
1167 3289 1195 3335 et
1216 3284 1270 3336 fes·

177 3361 216 3410 17.
234 3359 290 3411 Jul.
310 3360 384 3424 1894,
401 3375 426 3409 n.
443 3359 519 3410 3832.
536 3359 560 3410 6.
746 3357 785 3408 tis
827 3357 1001 3423 Natiuitatis,
1043 3358 1271 3423 circumcisionis,

209 3435 408 3498 ⁴Martinucei,
423 3434 489 3485 VII.
505 3436 529 3485 2.
747 3434 846 3499 Epiph.
866 3432 984 3497 Domini,
1003 3436 1154 3486 Resurrect.
1175 3451 1234 3486 eum
1256 3439 1271 3487 2

209 3511 392 3563 ⁶⁴⁴Fncultas
419 3511 578 3564 conferendi
605 3526 697 3563 sacros
748 3509 828 3561 feriis
850 3524 913 3574 seq,
937 3511 1056 3574 Amans,
1079 3512 1187 3563 Pentec.
1209 3528 1271 3563 cum

173 3589 282 3640 ordines
301 3592 379 3639 extra
399 3592 520 3651 temporo
540 3589 566 3636 vi
587 3587 697 3639 articuli
748 3586 764 3635 2
791 3585 842 3637 fer.
868 3601 931 3650 seq,
959 3587 1067 3651 Trinit,
1093 3587 1172 3654 Corp.
1199 3588 1272 3649 Chr,

175 3664 197 3715 I.
215 3666 294 3716 F'orm
311 3663 344 3726 1.,
360 3662 697 3730 Episcopismissionariis
750 3659 856 3712 invent.
884 3661 1002 3719 Crucis:
1028 3664 1056 3714 in
1084 3663 1147 3715 fest.
1174 3664 1205 3714 B.
1234 3666 1272 3716 M.

175 3742 326 3803 generatim
372 3754 506 3799 concessa,
553 3739 697 3802 limitatur,
750 3737 791 3801 V,
821 3738 1033 3804 Purificationis,
1062 3740 1193 3801 Annunt,
1222 3742 1272 3792 As-

175 3817 227 3868 nisi
257 3817 480 3882 specialissimum
508 3816 582 3867 adsit
612 3815 697 3866 indul·
749 3818 857 3880 sumpt,
877 3814 971 3865 Nativ.
989 3820 1018 3867 et
1037 3814 1114 3866 Imm.
1134 3815 1273 3882 Concept,

175 3901 241 3955 turn,
257 3894 292 3945 ad
307 3895 378 3943 solos
393 3893 459 3953 dies,
474 3892 573 3957 quibus
587 3892 620 3943 de
634 3891 697 3956 jure
749 3888 875 3941 Omnium
910 3889 967 3955 SS,
1001 3891 1094 3943 Dedic.
1129 3891 1275 3945 Michaelis

176 3969 309 4022 communi
332 3968 457 4019 conterre
479 3968 560 4019 liceat
583 3967 698 4018 Ordines
751 3968 840 4027 Arch,
859 3966 953 4018 Nativ.
973 3966 1000 4018 S.
1019 3967 1099 4019 Joan.
1120 3968 1161 4033 B,
1180 3967 1206 4019 S.
1226 3970 1273 4021 Jo-

177 4047 301 4109 minores,
323 4045 425 4095 scilicet.
449 4045 507 4095 dics
528 4042 644 4095 festivos
665 4045 698 4094 de
749 4044 824 4108 seph,
844 4044 870 4093 in
889 4042 971 4094 testis
990 4044 1191 4109 Apostolorum,
1211 4046 1273 4098 incl.

177 4126 330 4189 praecepto,
348 4122 431 4172 etiam
449 4121 476 4170 in
496 4120 617 4170 favorem
635 4118 705 4170 flue-¹
751 4117 778 4169 S.
799 4119 930 4179 Matutae,
950 4119 978 4170 S.
1000 4118 1103 4187 steph..
1125 4119 1172 4172 SS.
1193 4120 1274 4173 Inno-

177 4200 242 4249 lium
265 4198 421 4261 abrogatos,
446 4211 497 4246 non
522 4210 585 4247 vero
607 4200 698 4247 exten·
751 4199 829 4255 cent,
847 4193 873 4244 S.
891 4196 1029 4258 Laurent.,
1045 4196 1072 4248 S.
1090 4194 1230 4262 Sylsestr,
1247 4198 1274 4251 S.

178 4276 253 4325 ditur
275 4274 309 4326 ad
333 4275 455 4338 singulos
475 4272 540 4323 anni
563 4272 628 4329 dies.
651 4276 700 4323 aut
752 4272 855 4322 Annae.
885 4271 931 4333 (92
956 4272 1053 4324 diebus
1074 4287 1123 4340 per
1145 4277 1271 4335 annum.)

178 4352 274 4403 saltem
298 4350 333 4401 ad
358 4363 449 4399 omnes
471 4349 530 4399 dies
553 4347 579 4396 in
602 4347 700 4412 quibus
751 4346 795 4398 Cf.
824 4348 959 4413 Konings‚
988 4348 1217 4401 commentarium
1247 4353 1276 4403 in

179 4427 311 4478 recitatur
326 4424 440 4474 officium
459 4425 528 4473 ritus
545 4423 701 4489 duplicis.''
753 4422 902 4475 facultates
918 4425 1012 4489 Apost.
1029 4441 1054 4476 n.
1070 4426 1103 4475 ³7
1111 4444 1118 4490 ;
1135 4431 1163 4478 et
1179 4427 1275 4479 Itehm·

181 4502 208 4553 ἃ
227 4502 259 4552 R.
280 4500 307 4552 C.
332 4503 361 4552 18
384 4500 463 4564 itrji,
487 4500 561 4563 1883,
581 4500 700 4551 Marian-
754 4500 825 4562 kuni,
847 4499 884 4550 ΙΙ.
905 4515 930 4550 n.
950 4502 1009 4551 605.
