2804 4890
183 667 203 730 6
585 672 870 728 INTRODUCTIO.

185 848 314 912 omuino
338 844 556 910 interdicimus
586 893 593 907 .
630 893 636 906 .
673 892 680 906 .
716 847 779 924 (et)
810 865 925 906 uorum
950 845 1097 908 Psalterii
1120 846 1277 922 ordinem,

185 941 307 1024 qualem
324 941 390 1005 Nos
405 960 477 1001 cum
493 940 558 1001 suis
573 939 701 1018 Regulis
718 943 749 1001 et
767 939 910 1000 Rubricis
926 940 1166 1019 approbavimus
1188 987 1196 1001 .
1225 988 1232 1002 .
1263 989 1271 1002 .

185 1037 328 1116 religiose
340 1034 495 1096 observari
508 1031 684 1114 jubemus.''

228 1135 255 1192 5.
278 1129 405 1192 Biluale
432 1129 611 1190 Roscianum
640 1130 686 1190 cst
715 1126 752 1188 dc
781 1133 944 1207 praecepto
973 1129 1007 1188 in
1036 1127 1111 1188 locis
1145 1128 1210 1207 (uti
1240 1129 1275 1189 iu

184 1225 330 1287 America
348 1224 531 1304 septentr.),
549 1222 603 1282 ubi
622 1227 760 1300 tompore
780 1221 912 1283 Consilii
932 1221 1113 1283 Tridentini
1132 1221 1275 1284 noudum

186 1318 348 1399 proprium
368 1316 493 1380 Bituale
512 1315 727 1390 adhibebatur,
746 1315 792 1377 vel
811 1315 865 1376 ubi
884 1315 1009 1377 Bituale
1028 1316 1115 1378 Rom.
1135 1335 1275 1396 unquam

185 1418 345 1492 receptum
368 1410 443 1487 fuit,
467 1410 514 1472 vel
539 1410 593 1471 ubi
618 1409 743 1471 Rituale
768 1409 956 1489 particulare
981 1409 1157 1485 adhibetur,
1181 1410 1275 1488 eujus

185 1507 265 1568 ritus
281 1505 315 1567 iu
331 1503 605 1567 administratione
620 1508 886 1566 sacramentorum
902 1507 972 1584 post
989 1503 1167 1566 Concilium
1183 1503 1274 1565 Trid.

184 1600 252 1661 sine
267 1597 391 1662 indulto
407 1596 588 1678 Apostolico
603 1597 719 1658 mutati
735 1599 847 1659 sunt.u

227 1696 254 1753 6.
278 1692 325 1754 De
341 1690 570 1755 Caercmoniali
583 1691 811 1772 Episcoporum
828 1690 971 1752 Clemens
987 1691 1083 1751 VIII.
1100 1691 1273 1771 “praecipit

184 1790 216 1849 et
233 1786 362 1849 mandat
380 1785 459 1847 illud
477 1786 512 1846 in
529 1785 699 1848 universali
717 1784 857 1846 Ecclesia
873 1784 910 1846 ab
929 1784 1073 1847 omnibus
1090 1790 1122 1846 et
1140 1783 1274 1864 singulis

184 1881 335 1961 personis,
356 1879 396 1942 ad
419 1899 495 1960 quas
517 1883 636 1959 spectat
656 1883 689 1940 et
712 1878 914 1940 infuturum
937 1877 1099 1957 spectabit,
1122 1882 1273 1958 perpetuo

183 1973 410 2035 observandum
424 1971 546 2034 esse.''¹²
590 1971 771 2034 Permultae
783 1970 907 2050 regulae
921 1972 1016 2050 hujus
1031 1970 1273 2034 Caeremonialis

185 2070 328 2147 spectant
342 2067 437 2128 etiam
453 2066 492 2127 ad
509 2065 662 2128 Ecclesiae
679 2086 742 2128 non
759 2065 970 2139 Cathedrales,
986 2086 1011 2129 e.
1027 2086 1057 2145 g.
1074 2066 1112 2129 do
1130 2065 1227 2127 Missa
1243 2072 1275 2128 et

184 2160 332 2241 Vesperis
351 2159 550 2222 solemnibus.
597 2158 627 2220 S.
650 2159 686 2220 R.
709 2159 742 2221 C.
764 2159 916 2222 decrevit:
938 2158 1009 2221 “Ad
1030 2158 1273 2222 Caeremonialis

186 2254 414 2335 Episcoporum
435 2253 673 2328 observantiam,
694 2255 786 2333 juxta
806 2251 1001 2332 Apostolieas
1024 2251 1273 2316 Constitutiones

185 2349 284 2411 teneri
319 2367 425 2410 omnes
461 2347 625 2422 Ecclesiae,
661 2347 826 2426 praecipue
863 2349 968 2408 autem
1004 2345 1273 2425 Metropolitanus,

185 2442 386 2505 Cathedrales
400 2446 431 2504 et
446 2439 692 2520 Collegiatas.’'¹³

228 2539 254 2598 t.
277 2534 464 2613 Pontificalc
480 2535 657 2595 Romanum
674 2533 771 2612 recipi
787 2537 819 2595 et
835 2532 990 2596 observari
1006 2534 1160 2613 praecipit
1175 2533 1274 2595 Bene-

184 2630 288 2691 dictus
311 2629 431 2690 XIV.¹⁴
453 2631 594 2689 statuens
617 2647 689 2687 cum
713 2626 873 2688 Clemente
897 2626 1011 2686 vlit:
1036 2626 1273 2706 “Quascumque

184 2742 341 2803 personas,
359 2741 436 2802 quae
455 2719 653 2784 Pontifiealia
671 2740 801 2781 munera
818 2741 968 2795 exercerc,
986 2721 1032 2782 vol
1051 2721 1128 2782 alias
1145 2721 1273 2801 quaein

185 2817 269 2878 dieto
290 2815 469 2877 Pontificali
489 2814 692 2876 eontinentur
712 2814 812 2876 faeere
833 2820 888 2876 aut
907 2814 1015 2893 exequi
1037 2814 1160 2889 debent,
1179 2814 1219 2875 ad
1239 2836 1275 2878 ea

185 2909 361 2991 peragenda
380 2916 410 2971 et
428 2907 625 2988 praestanda,
645 2928 682 2970 cx
701 2908 797 2988 hujus
817 2908 1013 2969 Pontificalis
1032 2909 1224 2989 praescripto
1243 2913 1275 2972 et

186 3005 307 3066 ratione
323 3001 454 3066 teneri.''

227 3191 256 3252 4.
281 3189 434 3265 Secundo,
458 3187 592 3250 Decreta
616 3187 728 3250 Sacrae
753 3186 887 3250 rituum
913 3187 1175 3265 convocationis
1200 3194 1275 3253 sunt

186 3286 268 3366 leges
285 3284 449 3364 liturgicac
465 3288 496 3346 et
512 3282 652 3362 obligant
668 3283 701 3344 in
717 3282 917 3357 couscientia,

235 3381 285 3457 (a)
315 3379 349 3439 Si
372 3379 473 3441 forma
496 3377 691 3456 praeceptiva
714 3380 788 3437 sunt
810 3375 912 3451 edita;
936 3377 982 3438 vel

234 3473 285 3551 (b)
315 3473 350 3533 Si
367 3475 441 3533 sunt
459 3469 684 3533 declarationes
702 3490 754 3532 seu
774 3470 1049 3549 interpretationes
1067 3470 1274 3533 Rubricarum

187 3566 464 3646 praeceptivarum.
508 3563 661 3625 “Decreta
691 3583 708 3624 a
739 3563 833 3624 Sacra
862 3563 996 3624 Rituum
1026 3563 1275 3644 Congrogatione

222 3792 246 3824 ¹1
266 3785 362 3835 Plures
379 3786 497 3846 censent,
516 3786 636 3848 tempore
653 3797 706 3846 quo
758 3797 878 3846 proquo
897 3783 1075 3847 gravissimae
1094 3784 1216 3835 militant
1237 3799 1278 3835 ra·

186 3860 319 3927 prodierit
335 3860 444 3910 Rituale
460 3860 535 3909 Rom.
552 3858 707 3909 Ordinariis
757 3859 852 3910 tiones

186 3939 303 3987 locorum
321 3936 435 3986 liberum
454 3935 548 3997 fuisse,
566 3934 705 3999 proprium
797 3942 821 3973 ¹²
841 3937 922 3987 Bulla
953 3937 1018 3986 Cam
1051 3937 1203 3999 novissime,
1238 3940 1277 3988 14.

188 4014 306 4075 Rituale,
324 4012 347 4060 si
366 4012 437 4076 quod
455 4010 607 4073 legitimum
627 4010 705 4060 babe-
758 4013 814 4063 Jul.
851 4015 925 4064 1600.
979 4014 1056 4077 Quod
1090 4014 1278 4065 confirmatum

188 4096 257 4154 rent,
275 4090 400 4151 retinere,
418 4094 445 4141 et
463 4087 600 4154 praesenti
619 4088 706 4138 adbuc
760 4089 815 4139 fuit
833 4090 869 4140 ab
889 4090 1047 4141 Innocentio
1066 4091 1111 4153 X.,
1130 4092 1278 4143 Beuedieto

187 4175 307 4234 tempora
326 4167 451 4227 retinere,
471 4166 549 4216 modo
567 4166 706 4231 proprium
759 4166 852 4228 xtra,
872 4182 903 4217 ac
924 4167 1072 4218 Benedicto
1093 4168 1170 4219 xiv.

186 4262 263 4296 suum
301 4243 411 4295 Rituale
449 4244 584 4306 bucusque
623 4242 706 4292 incor·
795 4242 872 4292 ¹³1).
899 4245 929 4293 17
954 4244 1024 4307 Aug.
1052 4246 1126 4303 1894,
1151 4246 1228 4296 3839.
1256 4248 1277 4296 l.

187 4328 296 4387 ruptum
331 4322 507 4371 servaverint.
561 4319 627 4369 “At
662 4335 706 4384 op·
796 4327 818 4358 ¹⁴
840 4320 1277 4373 lateraoinitiopontificalisin·

188 4398 339 4458 taudam‚’'
363 4397 440 4448 addit
463 4396 503 4448 De
526 4396 624 4455 licuit,
647 4399 705 4445 “ut
758 4401 855 4451 sertae.

190 4476 298 4535 Biluale
311 4475 492 4539 Romubique
504 4474 677 4537 aurnittarar,
686 4472 706 4495 '⁸
