2804 4890
249 729 303 787 DE
326 726 526 787 PRINCIPIO
546 726 689 786 OFFICII
709 728 763 786 AD
786 726 968 787 BENEDIC.
991 726 1118 787 cnam.
1169 718 1230 787 327

139 910 212 970 ante
223 926 363 968 mensam
375 904 558 969 collocatam
572 906 655 968 inter
668 906 771 986 ipsum
783 911 815 969 et
828 906 960 969 Crucem
973 910 1060 970 stans
1072 905 1229 969 benedicit

141 1000 245 1079 ignem
281 999 382 1060 tribus
415 998 634 1061 Orationibus:
670 998 782 1062 deinde
817 1000 911 1062 unica
946 999 1095 1062 Oratione
1130 1018 1228 1079 grana

141 1111 268 1154 incensi.

181 1185 288 1247 “Dum
303 1185 469 1247 Celebrans
484 1184 639 1248 benedicit
653 1185 815 1247 incensum
828 1184 950 1267 primus
964 1186 1095 1249 clericus
1109 1184 1228 1266 forcipe

139 1297 256 1340 novum
287 1278 392 1359 ignem
423 1277 621 1339 benedictum
652 1279 742 1357 ponit
773 1279 806 1339 in
837 1277 1007 1341 thuribulo.
1062 1277 1228 1340 Celebrans

140 1371 277 1451 imponit
290 1391 364 1433 cum
379 1371 594 1433 benedictione
614 1370 677 1450 [Ab
695 1373 749 1434 illo
766 1370 958 1435 benedicaris
972 1370 1047 1451 eta]
1067 1375 1099 1434 et
1115 1369 1228 1435 osculis

140 1466 300 1527 incensum
331 1465 364 1526 in
393 1464 566 1538 thuribulo,
596 1463 708 1527 deinde
736 1464 896 1544 adspergit
925 1465 1031 1544 ignem
1059 1469 1090 1527 et
1119 1483 1227 1545 grana,

140 1557 245 1621 dicens
265 1557 341 1620 Ant.
361 1558 539 1639 Adapcrpea
560 1579 608 1619 mc
629 1561 697 1631 etc„
718 1563 750 1620 et
770 1556 877 1619 eadem
898 1556 1069 1620 thurificat.
1113 1556 1227 1618 Thuri·

139 1651 274 1714 serarius
301 1655 423 1732 recepto
451 1650 611 1712 thuribulo
638 1649 749 1730 ponit''
775 1651 823 1714 rel
849 1650 940 1713 addit
965 1650 1084 1712 “alium
1111 1669 1228 1713 novum

138 1744 241 1824 ignem
265 1745 298 1804 in
321 1742 377 1807 eo’'
401 1746 427 1806 si
451 1764 528 1824 opus
552 1743 659 1806 luerit.

181 1839 210 1897 4.
233 1834 452 1910 “celebrans''
474 1837 523 1896 sin
545 1836 628 1898 adsit
650 1834 807 1901 Diaconus
828 1837 876 1898 vel
896 1836 977 1898 alius
1000 1836 1150 1900 Sacerdos
1171 1855 1228 1917 pro

137 1927 294 2000 Exsultct,
318 1928 479 2008 “deposito
502 1928 632 2009 pluviali
656 1950 690 1990 ac
714 1929 793 1991 stola
815 1929 927 1992 coloris
950 1929 1088 2004 violacei,
1112 1929 1225 2011 accipit

139 2022 349 2103 manipulum,
374 2022 487 2083 stolam
513 2023 546 2082 in
573 2022 701 2085 humero
728 2023 856 2084 sinistro
881 2028 912 2085 et
937 2021 1139 2085 dalmaticam
1165 2021 1228 2084 albi

138 2115 260 2178 colorIs.
313 2114 448 2176 Interim
479 2114 633 2178 sccundus
664 2114 794 2176 clericus
824 2115 966 2177 accendit
996 2115 1158 2177 candelam
1189 2114 1227 2177 de

139 2228 217 2270 novo
236 2209 318 2287 igne,
336 2211 368 2271 et
387 2208 528 2270 recondit
549 2209 582 2269 in
602 2207 732 2281 laterna,
751 2212 783 2271 et
802 2211 933 2287 quartus
952 2207 1066 2289 accipit
1087 2212 1227 2287 pateram

139 2321 210 2362 cum
237 2301 345 2380 granis
372 2299 522 2362 incensi.''

182 2398 209 2454 5.
232 2393 421 2456 “Celebrans
449 2394 564 2455 iterum
594 2395 684 2474 pontt
712 2394 874 2455 incensum
903 2394 936 2454 in
965 2392 1127 2456 thuribulo
1155 2413 1226 2455 cum

138 2487 352 2550 bencdictione
372 2492 403 2549 et
423 2486 546 2570 osculis,
567 2492 599 2549 ct
618 2491 724 2566 postea
748 2485 938 2565 [Diaconus]
963 2486 1078 2567 accipit
1098 2485 1226 2548 arundi-

138 2599 219 2640 nem.
261 2578 448 2641 Proceditur
466 2580 505 2642 ad
527 2577 774 2640 benedictionem
794 2579 873 2640 cerei
894 2577 1004 2640 ordine
1024 2579 1183 2659 sequenti:

185 2674 235 2750 (a)
265 2671 404 2736 Clericus
422 2692 493 2734 cum
511 2673 617 2751 granis
636 2672 752 2733 incensi
772 2691 790 2732 a
807 2671 936 2746 dextris,
954 2676 986 2734 et
1002 2670 1226 2734 thuriferarius

138 2785 155 2826 a
179 2766 334 2840 sinistris;

185 2860 237 2937 (b)
266 2858 393 2920 Tertius
416 2859 546 2920 clericus
569 2877 641 2919 cum
666 2856 803 2933 Cruce;'’

185 2953 233 3029 (c)
262 2951 382 3026 Clerus,
403 2952 428 3012 si
449 2950 549 3025 adsit;

185 3044 238 3122 (d)
266 3043 455 3106 “Celebrans
475 3043 561 3123 [post
579 3042 770 3122 Diaconum]
790 3063 861 3105 cum
877 3043 1033 3108 arundine
1048 3048 1080 3108 et
1094 3042 1225 3107 clericus

137 3157 208 3199 cum
227 3136 348 3198 laterna
367 3158 385 3198 a
404 3137 541 3198 sinistris
559 3137 637 3215 ejus.

179 3230 410 3310 Ingrediuntur
435 3229 606 3291 Ecclesiam
630 3235 661 3291 et
685 3229 812 3305 sistunt,
836 3229 961 3310 quando
986 3229 1153 3293 Celebrans
1178 3229 1225 3291 in-

136 3343 259 3403 gressus
278 3324 375 3385 luerit
395 3324 523 3401 januam
544 3321 730 3385 Ecclesiae.’'

180 3420 207 3477 6.
231 3415 419 3478 “Celebrans
443 3417 600 3495 ingressus
625 3415 795 3476 Ecclesiam
819 3414 952 3478 inclinat
974 3414 1172 3490 arundinem,
1193 3419 1225 3478 et

136 3530 263 3572 accensa
278 3529 315 3572 ex
332 3509 453 3571 laterna
470 3528 533 3570 una
549 3528 586 3571 ex
603 3507 704 3569 tribus
720 3507 857 3570 candelis
874 3528 930 3588 per
946 3508 1118 3571 secundum
1135 3509 1224 3570 cleri·

136 3623 219 3676 cum,
248 3601 441 3680 genuflectit,
470 3599 752 3681 genuflectentibus
781 3601 926 3663 omnibus
956 3608 1083 3681 excepto
1112 3599 1224 3662 clerico

136 3700 281 3776 portante
311 3696 453 3757 Crucem.
505 3693 672 3758 Celebrans
704 3693 894 3773 [Diaconus]
928 3693 1111 3774 genuflexus
1141 3692 1224 3754 clara

137 3809 208 3853 voce
229 3789 306 3849 dicit
332 3788 455 3868 [cantat
475 3788 502 3852 si
523 3786 629 3849 adsint
650 3785 828 3865 cantoreslz
851 3789 974 3849 Lunien
997 3786 1133 3849 Obriatr':
1154 3791 1223 3847 tum

137 3884 249 3962 surgit,
284 3880 484 3961 surgentibus
519 3879 674 3955 omnibus,
709 3883 741 3942 et
775 3878 880 3940 clerici
916 3878 1122 3960 respondent:
1157 3879 1224 3942 Deo

137 3975 264 4056 gratioe.

180 4068 365 4131 Proceditur
385 4088 481 4148 usque
502 4067 540 4128 ad
563 4066 703 4129 medium
725 4066 890 4141 Ecclesiae,
911 4067 963 4129 ubi
986 4069 1121 4131 secundo
1142 4069 1224 4133 fiunt

137 4169 174 4226 ut
202 4182 305 4242 supra,
333 4181 460 4223 accensa
489 4157 623 4222 secunda
651 4159 797 4234 candela3
827 4164 950 4239 practer
977 4161 1224 4226 modulationem

137 4258 230 4329 vocis,
251 4276 328 4336 qnae
347 4254 411 4317 alta
430 4274 494 4318 esse
514 4252 604 4316 debet
628 4250 760 4331 [“altius
780 4252 938 4333 cantat'’].

181 4349 366 4412 Proceditur
389 4348 516 4410 taudem
539 4350 611 4407 ante
633 4345 749 4424 gradus
772 4344 902 4419 Altaria,
925 4353 957 4411 et
980 4367 1107 4410 accensa
1130 4350 1224 4413 tertia

138 4443 276 4518 candela,
296 4442 389 4505 tertio
409 4441 490 4503 fiunt
509 4437 667 4500 antedicta
686 4457 756 4499 cum
776 4437 883 4501 altiori
901 4458 982 4503 voce.
