2804 4890
169 679 229 742 254
368 688 421 743 DE
445 689 571 746 SENSU
596 689 780 745 LlTERALl
805 690 854 745 ET
877 691 1078 747 MYSTIOO..

174 861 248 936 lleo,
264 870 300 923 ut
315 861 517 940 antiquorum
534 866 660 941 patrum
677 862 800 925 devotio
822 862 962 942 (devotio
978 866 1011 924 in
1028 863 1117 939 Abel,
1134 864 1210 926 tides
1227 865 1261 926 in

171 954 341 1030 Abraham,
358 956 469 1035 religio
487 957 520 1017 in
541 956 799 1033 Melchisedech),
819 957 864 1018 vel
883 962 920 1018 ut
938 957 1159 1037 interpellante
1179 956 1261 1018 Filio

171 1048 260 1112 nubta
277 1048 361 1111 Deus
380 1050 436 1112 fiat
453 1049 614 1129 placabilis
632 1055 663 1112 ct
681 1051 846 1130 propitius.

213 1148 240 1204 5.
270 1144 319 1222 (c)
348 1143 555 1205 Commendat
575 1163 630 1224 per
649 1146 814 1224 Supplices·
835 1146 995 1207 victimam
1016 1145 1116 1221 Patri,
1135 1150 1172 1208 ut
1192 1165 1259 1227 per-

172 1237 293 1298 feratur
310 1257 365 1317 per
382 1257 494 1298 manus
515 1237 622 1299 Sancti
641 1236 756 1316 Angeli
775 1239 806 1299 iu
825 1239 959 1302 sublima
977 1240 1086 1302 Altero
1105 1238 1175 1314 Dei,
1194 1239 1214 1301 i.
1233 1259 1259 1302 e.

171 1332 204 1391 in
226 1330 359 1394 sublime
382 1331 462 1392 illud
485 1336 516 1393 et
538 1330 702 1410 spirituale
725 1330 834 1392 Altare
857 1331 895 1394 dc
918 1351 978 1411 quo
1002 1332 1035 1394 in
1058 1331 1153 1412 Apoo.
1178 1336 1208 1408 8,
1231 1335 1260 1407 3,

169 1424 288 1486 “altare
312 1444 444 1486 aureum
466 1423 549 1503 quod
573 1428 620 1486 est
642 1428 714 1485 ante
740 1425 889 1485 thronum
914 1423 1004 1486 Dei.''
1049 1424 1150 1487 Filius
1174 1426 1259 1488 enim

171 1517 228 1581 Dei
261 1517 447 1579 assumendo
476 1522 624 1579 naturam
655 1537 692 1579 ex
724 1519 796 1579 sinu
830 1518 974 1598 Virginis
1005 1518 1064 1579 sibi
1099 1519 1259 1581 victimam

168 1611 300 1690 paravit,
316 1611 405 1690 eique
421 1611 450 1671 vi
467 1611 594 1672 unionis
610 1612 822 1690 hypostaticae
840 1611 975 1674 valorem
991 1612 1136 1692 praebuit
1152 1611 1258 1673 infini-

169 1714 247 1766 tum.
292 1705 441 1766 Passione
462 1711 494 1767 et
515 1710 645 1768 cruenta
667 1711 766 1767 morte
789 1706 863 1767 haec
884 1706 1011 1768 victima
1033 1707 1068 1768 in
1091 1706 1191 1769 Cruce
1212 1710 1259 1770 est

169 1798 332 1861 immolata
355 1803 387 1861 et
412 1799 500 1878 quasi
524 1799 692 1862 destructa.
762 1799 999 1863 Resurrectione
1024 1806 1056 1863 et
1080 1801 1259 1863 ascensione

168 1892 241 1954 hacc
261 1893 389 1954 victima
406 1892 440 1954 in
459 1891 721 1972 perfectissimam
738 1897 769 1954 et
787 1900 946 1956 aeternam
965 1893 1025 1957 Dei
1042 1895 1171 1957 transiit
1189 1913 1257 1975 pos-

167 1986 353 2061 sessionem;
370 1986 414 2048 sic
430 1985 622 2065 completum
639 1989 686 2047 est
703 1985 918 2048 holocaustum
936 1989 967 2050 et
984 1987 1139 2050 elevatum
1158 1988 1191 2048 in
1209 2007 1258 2048 su-

167 2078 262 2141 blime
290 2077 399 2141 Altare
427 2078 496 2141 Dei.
568 2079 679 2140 “Tunc
709 2078 884 2141 immolavit
914 2079 1060 2142 Christus
1089 2079 1258 2143 solemnem

168 2173 313 2248 hostiam,
336 2192 433 2252 quum
457 2192 488 2234 se
511 2177 636 2234 aeterno
662 2173 748 2233 Patri
774 2192 829 2252 per
851 2172 1043 2252 glorificatae
1067 2171 1170 2234 carnis
1193 2193 1258 2233 ma-

167 2266 279 2328 teriam
299 2267 332 2328 in
351 2266 435 2329 coelo
454 2264 628 2330 exhibuit.'’
677 2266 726 2345 (S.
748 2267 890 2345 Grcg.)³⁷
1258 2274 1261 2279 '

210 2364 238 2420 6.
263 2360 456 2441 Suppliciter
470 2360 569 2439 igitur
584 2365 713 2439 rogatur
727 2358 812 2420 Deus
827 2360 932 2435 Pater,
946 2365 983 2422 ut
996 2359 1053 2421 hoo
1068 2359 1257 2421 sacrificium

167 2455 201 2515 in
221 2453 323 2516 Altari
343 2455 438 2516 etiam
457 2474 494 2516 ex
513 2457 602 2533 parte
623 2453 799 2514 Sacerdotis
819 2457 850 2514 et
869 2453 978 2533 populi
998 2454 1040 2515 sit
1059 2453 1257 2533 acceptabile,

167 2552 204 2609 ut
228 2549 351 2610 “hostia
377 2546 544 2611 solemnis'’
571 2547 630 2627 ipsi
659 2546 856 2625 acceptabilis
883 2552 939 2609 est.
1009 2548 1120 2609 “Tunc
1146 2567 1164 2608 a
1191 2547 1257 2609 Deo

167 2642 268 2704 hostia
296 2643 384 2721 quasi
412 2647 593 2721 acceptatur
620 2639 745 2721 quando
773 2639 858 2702 Deus
887 2640 976 2702 nobis
1005 2641 1198 2722 propitiatur
1226 2644 1256 2702 et

167 2735 307 2797 eoelestis
334 2735 509 2798 benedictio
535 2735 624 2796 nobis
651 2734 688 2795 ab
715 2754 750 2796 eo
778 2732 989 2796 mittitur.'’⁸⁸
1033 2735 1077 2796 At
1102 2734 1256 2814 quomodo

166 2829 241 2890 haec
258 2829 374 2891 delatio
390 2830 522 2906 mystica
539 2830 572 2888 in
590 2828 743 2890 “sublime
760 2827 900 2903 Altare‚''
918 2828 1072 2908 quomodo
1090 2830 1164 2890 haec
1180 2829 1257 2889 unio

166 2922 249 2984 inter
270 2923 327 2983 hoc
347 2921 536 2983 sacrificium
558 2921 713 2984 Ecclesiae
735 2922 904 2984 militantis
924 2942 996 2983 cum
1017 2920 1141 2984 coelesti
1162 2923 1255 2983 sacri-

166 3015 237 3077 ficio
260 3014 442 3094 perficitur?
497 3013 573 3088 Quis
596 3019 642 3076 cst
665 3021 791 3077 sanctus
813 3014 965 3094 angelus?
1017 3015 1158 3076 “Tantae
1181 3021 1255 3075 sunt

166 3108 396 3188 profunditatis
413 3109 487 3170 haec
506 3108 607 3183 verba,
625 3114 661 3171 ut
681 3108 857 3172 intellectus
875 3110 1032 3171 humanus
1051 3109 1102 3170 vir
1120 3130 1155 3170 oa
1174 3109 1254 3170 sulli-

164 3203 227 3264 ciat
250 3201 471 3282 penetrare.''³⁹
517 3201 548 3263 S.
574 3202 709 3264 Thomas
733 3203 857 3265 scribit:
882 3202 1054 3266 “Sacerdos
1078 3223 1139 3264 non
1164 3205 1254 3283 petit,

165 3316 264 3376 noque
279 3296 360 3376 quod
376 3297 492 3376 species
507 3296 745 3358 sacramentales
760 3295 945 3358 deferantur
959 3296 994 3359 in
1009 3296 1140 3370 coelum,
1156 3316 1256 3374 neque

164 3391 285 3471 Corpus
301 3391 421 3453 Christi
437 3412 555 3461 verum,
570 3393 651 3472 quod
670 3392 711 3452 ibi
728 3412 792 3452 esse
808 3413 871 3454 uon
888 3392 1015 3466 desiuit,
1032 3391 1084 3454 scd
1102 3393 1182 3472 petit
1200 3392 1256 3451 hoc

165 3504 221 3563 pro
240 3485 376 3563 (¹orp0re
396 3483 526 3562 mystico
550 3483 648 3563 (quod
668 3483 786 3544 scilicet
807 3483 839 3543 in
859 3484 915 3546 hoc
936 3483 1137 3544 Sacramenta
1157 3483 1254 3561 sigui·

166 3577 310 3655 icatur),
336 3583 372 3639 ut
396 3576 515 3638 scilicet
540 3578 695 3639 orationes
723 3577 898 3639 Sacerdotis
923 3581 954 3639 ct
978 3576 1086 3658 populi
1113 3575 1254 3655 Angelus

164 3671 311 3733 assistens
326 3670 442 3731 divinis
460 3670 619 3749 Mysteriis
636 3669 701 3732 lico
718 3667 957 3749 repraesentet.”

208 3768 234 3828 t.
259 3765 320 3827 Per
338 3766 503 3826 “sanctum
522 3762 700 3843 Angelum''
720 3762 903 3841 intclliguut
925 3763 956 3824 S.
978 3763 1115 3825 Thomas
1135 3764 1252 3844 plures-

164 3880 222 3940 que
239 3859 373 3938 theologi
394 3861 497 3939 ipsum
515 3858 688 3931 Christum,
706 3857 832 3936 “magni
850 3857 975 3918 consilii
992 3857 1182 3938 Angelum,''
1199 3859 1253 3937 qui

165 3954 331 4031 mysticum
347 3954 468 4032 Corpus
482 3973 553 4014 cum
568 3952 633 4015 Deo
647 3951 741 4012 Patre
754 3956 785 4013 et
799 3950 938 4012 Ecclesia
951 3951 1168 4030 triumphante
1182 3972 1253 4011 con·

199 4141 225 4175 ⁸⁷
245 4136 302 4188 One
328 4135 449 4186 sacrifiea
475 4137 525 4187 has
550 4137 595 4187 tor
619 4149 682 4187 aver
736 4137 888 4186 succession
903 4136 936 4187 ot
951 4137 1052 4202 priests
1067 4137 1126 4185 who
1143 4150 1190 4185 ara
1206 4151 1256 4185 ona

165 4214 304 4264 redeemed
328 4213 374 4265 tha
398 4213 491 4276 world,
515 4215 569 4264 and
592 4213 616 4262 is
639 4212 681 4264 ot·
736 4213 804 4262 with
828 4213 894 4262 Hiar
920 4228 951 4263 as
976 4212 1120 4278 partahers
1145 4211 1178 4262 ot
1203 4211 1257 4261 His

164 4288 242 4341 iered
264 4289 433 4353 continually
456 4290 483 4339 iu
506 4291 604 4341 heaven
627 4291 681 4342 and
735 4289 1018 4354 priesthood.-Card.
1037 4288 1181 4354 Manniug,
1199 4288 1256 4339 Tha

163 4381 198 4416 on
216 4369 308 4418 earth:
331 4367 358 4415 iu
379 4368 480 4418 heaven
499 4367 535 4430 by
554 4368 600 4418 the
618 4368 682 4432 only
738 4367 851 4417 Eterual
867 4365 1036 4416 Pricsthood.

165 4443 264 4507 Priest,
280 4443 376 4495 before
392 4445 438 4495 the
456 4444 567 4494 Eternal
584 4444 679 4508 Altar3
772 4448 798 4482 ³⁸
818 4443 849 4493 B.
869 4442 954 4494 Odon.

164 4534 200 4571 on
223 4523 302 4572 earth
326 4521 362 4584 by
387 4523 433 4571 the
457 4519 603 4570 uuiltitude
627 4522 682 4570 and
772 4526 798 4559 ³⁹
818 4519 909 4570 Iunoc.
932 4519 987 4572 111.
