2804 4890
187 730 241 789 DE
260 732 564 790 BENEDICTIONE
587 735 638 792 ΕΤ
660 735 889 791 EVANGELIO
914 737 944 792 S.
968 738 1147 795 JOANNIS.
1190 730 1248 793 105

199 902 226 961 2.
249 900 313 963 “Et
329 901 482 964 circulum
498 904 661 984 perficiens
676 906 795 970 accedit
810 907 849 969 ad
866 927 962 969 cornu
979 906 1154 987 Evangelii,
1169 903 1244 966 ubi'’

157 993 279 1075 oblique
291 996 303 1029 ²
317 1000 403 1057 stans
417 996 522 1060 “dicto
535 998 692 1061 Dominus
706 999 874 1073 vobiscum,
890 1006 918 1063 et
934 1002 970 1063 lt.
984 1001 1028 1062 ut
1043 1022 1111 1062 curn
1127 1000 1242 1081 spiritu

158 1092 220 1160 tuo,
233 1088 347 1168 pollice
360 1088 469 1154 dextro
483 1089 610 1170 signans
623 1091 762 1172 primunr
777 1094 865 1172 signo
880 1093 990 1154 Crucis
1005 1093 1123 1167 Altare,
1138 1112 1191 1153 seu
1206 1091 1242 1152 li-

157 1181 267 1243 brum''
286 1182 335 1245 rel
354 1183 499 1246 tabellam
519 1185 574 1245 “in
593 1186 750 1265 principio
769 1187 945 1266 Evangelii,
963 1186 1076 1248 deinde
1096 1188 1244 1260 frontem,

155 1296 187 1337 os
203 1281 235 1339 et
251 1281 371 1358 pectus,
387 1277 483 1339 dicit:
500 1277 636 1341 initiam
653 1280 755 1342 sancti
772 1281 938 1359 Ereaaqerit
956 1282 1128 1342 sec-nodum
1146 1280 1243 1341 Jeme·

155 1391 235 1442 aem,
258 1369 323 1433 rel:
346 1371 516 1452 Sequentia
536 1375 638 1434 sancti
658 1373 833 1452 Eneapelii,
856 1379 891 1434 ut
914 1373 1035 1434 dictum
1057 1378 1102 1436 est
1124 1373 1158 1433 in
1181 1373 1243 1434 Ru-

154 1464 248 1528 bricis
261 1466 469 1546 generalibus,
483 1472 514 1529 et
526 1468 564 1530 s.
592 1467 699 1530 Gloria
713 1466 781 1541 tibi,
796 1468 942 1540 Domine,
957 1469 1077 1550 junctis
1091 1467 1247 1546 manibus,

155 1558 228 1636 legit
249 1557 472 1636 Evangelium:
495 1559 512 1619 I
517 1583 535 1620 o
554 1559 720 1640 principie,
740 1560 784 1622 rel
804 1560 890 1621 aliud
910 1568 945 1622 ut
964 1561 1116 1622 convenit.
1163 1560 1243 1620 l'um

156 1651 250 1711 dicit:
273 1652 317 1712 Et
341 1654 466 1713 rerbum
494 1674 562 1715 coro
585 1655 706 1734 sectum
732 1660 786 1725 est,
810 1654 993 1731 genuflectit
1018 1675 1122 1715 uersus
1147 1674 1243 1716 cornu

155 1745 330 1825 Evangelii,
345 1751 376 1809 et
391 1767 521 1827 surgens
535 1748 735 1828 prosequitur
754 1747 801 1829 [et
817 1747 979 1820 habitavit,
995 1748 1069 1828 etc]
1088 1752 1126 1810 ut
1140 1749 1228 1829 prius
1237 1770 1246 1824 3

154 1858 214 1918 quo
234 1837 345 1899 tinito'’
365 1858 428 1901 non
448 1839 607 1901 osculatur
627 1840 762 1914 blissale,
783 1841 807 1901 si
829 1840 921 1912 adsit,
941 1840 993 1900 sed
1013 1840 1133 1902 claudit
1155 1839 1243 1913 illud,

155 1933 199 1992 ita
213 1936 249 1992 ut
263 1935 410 2011 apertura
425 1953 510 1993 versa
525 1933 566 1994 sit
580 1933 618 1994 ad
633 1933 773 1995 medium
788 1933 917 2007 nitaris,
931 1939 963 1994 et
978 1933 1143 1994 “minister
1157 1938 1244 1994 stans

153 2030 276 2105 aparte
294 2025 452 2106 Epistolae
469 2026 650 2107 respondet:
674 2027 739 2090 Deo
756 2026 904 2108 pretios.''

196 2202 245 2264 68.
268 2202 410 2276 “Quibus
439 2203 582 2265 omnibus
611 2204 791 2279 absolutis,''
819 2226 882 2267 non
909 2206 1007 2286 prius,
1036 2225 1175 2268 reversus
1204 2204 1243 2266 ad

155 2296 293 2358 medium
308 2296 437 2357 Altaris.
451 2297 462 2330 ³
497 2296 668 2360 “Sacerdos
682 2299 795 2379 accipit
809 2298 936 2361 sinistra
949 2299 1087 2374 calicem,
1101 2300 1242 2362 dextram

154 2410 271 2470 ponens
283 2410 378 2470 super
390 2390 526 2467 bursam,
539 2412 577 2453 ue
591 2392 710 2471 aliquid
724 2392 825 2467 (faciat,
838 2392 997 2454 descendit
1011 2400 1084 2454 ante
1097 2392 1243 2452 infimum

154 2485 287 2563 gradum
308 2484 446 2560 Altaris3
467 2491 498 2547 et
519 2485 562 2546 ibi
584 2485 618 2546 in
638 2485 742 2548 medio
762 2492 884 2548 vertens
905 2507 936 2548 se
958 2487 996 2547 ad
1018 2485 1108 2562 illud,
1129 2484 1243 2567 caput’'

156 2576 312 2658 profunde
328 2577 483 2639 “inclinat
506 2578 579 2657 (rel,
596 2579 622 2639 si
639 2579 673 2639 in
689 2600 725 2641 eo
741 2582 787 2642 est
804 2579 1040 2641 tabernaculum
1059 2579 1115 2640 SS.
1136 2579 1244 2640 Sacra-

155 2670 284 2746 menti‚''
304 2672 336 2731 in
354 2671 449 2751 plano
467 2670 703 2751 “genuflectit),
721 2677 752 2735 et
770 2672 855 2734 facta
874 2673 1046 2735 reuerentia
1069 2670 1176 2752 [ista],
1195 2692 1243 2734 ac-

155 2765 232 2844 cipit
253 2766 391 2826 biretum
413 2786 431 2826 a
453 2764 629 2840 ministro‚’'
653 2766 699 2826 rel
723 2767 858 2845 caputio,
881 2767 906 2826 si
929 2786 963 2827 eo
987 2770 1106 2840 utatur,
1129 2767 1243 2845 “caput

156 2861 302 2938 cooperit,
330 2879 365 2919 ac
393 2860 594 2938 praecedente
623 2860 778 2934 ministro,
805 2882 840 2922 eo
868 2859 970 2934 modo,
998 2879 1057 2938 quo
1086 2857 1243 2934 venerat,''

156 2953 174 3012 i.
191 2973 216 3013 e.
234 2953 333 3014 oculis
351 2953 493 3013 demissis
511 2958 541 3015 ct
559 2954 680 3013 incessu
697 2954 796 3031 gravi,
815 2953 917 3014 “redit
935 2953 974 3013 ad
992 2953 1177 3027 sacristiam,
1196 2953 1243 3014 in-

155 3048 246 3108 terim
275 3046 382 3107 dicens
411 3045 626 3124 Antiphonem
660 3046 767 3107 Trium
799 3048 984 3119 Puerorum,
1015 3052 1046 3109 et.
1076 3045 1243 3108 Canticum

154 3139 366 3201 Benedicite.”

196 3237 222 3294 2.
248 3233 288 3293 In
310 3235 451 3294 sacristia
472 3235 573 3312 capite
596 3238 676 3297 tecto
698 3233 831 3300 inclinat
852 3234 1009 3296 Crucifixo
1031 3235 1077 3296 rel
1101 3235 1243 3314 imagini,

154 3327 282 3406 deponit
296 3327 433 3401 calicem,
447 3333 475 3388 et
490 3329 575 3388 exuit
589 3348 620 3388 se
634 3328 768 3389 restibus
783 3328 903 3390 inverso
915 3328 1035 3401 ordine,
1048 3327 1114 3389 scil.
1129 3327 1243 3402 casula,

154 3422 242 3495 stola,
267 3421 440 3500 manipulo,
466 3420 602 3499 cingulo,
628 3421 708 3496 alba,
733 3422 869 3496 amiotu3
893 3427 924 3482 et
950 3422 1115 3484 detrahens
1141 3422 1241 3482 albam

154 3515 240 3594 prius
255 3538 272 3578 e
287 3515 409 3576 manica
424 3515 562 3589 sinistra,
576 3519 645 3575 tum
660 3535 676 3576 e
692 3516 803 3594 capite,
820 3516 931 3576 ultimo
947 3536 963 3576 e
979 3517 1101 3577 manica
1115 3516 1242 3581 dextra:

153 3609 312 3669 osculatur
328 3607 459 3671 Crucem
477 3609 507 3668 in
524 3609 715 3688 paramentis
731 3614 767 3669 ut
783 3614 855 3669 ente
872 3610 1019 3683 Missam;
1035 3607 1153 3689 detegit
1170 3609 1242 3670 celi·

153 3723 218 3763 cem
240 3722 373 3782 euinque
397 3704 537 3781 reponit:
561 3701 683 3771 deinde,
707 3703 732 3761 si
756 3702 947 3764 consuetudo
970 3702 1108 3777 suadeat,
1132 3723 1243 3764 manus

154 3795 236 3858 lavat
253 3800 285 3857 et
302 3796 448 3857 ministro
466 3795 629 3858 benedicit.

195 3894 223 3951 3.
247 3889 390 3951 Tandem
409 3888 557 3952 Sacerdos
574 3893 698 3953 tenetur
714 3911 751 3953 cx
767 3896 930 3970 praecepto
946 3891 1054 3953 divino
1070 3892 1109 3953 ad
1125 3890 1242 3971 gratia-

153 4005 223 4046 rum
248 3983 413 4059 actionem,
438 3983 501 4046 sire
526 3983 665 4047 oratione
690 3984 820 4045 mentali
846 3985 909 4046 sire
933 3985 1029 4045 cocali
1056 3984 1243 4047 faciendam.

156 4078 190 4139 Si
211 4082 391 4159 quaeratur,
414 4084 568 4156 quantum
589 4078 738 4156 temporis
761 4079 898 4156 spatium
921 4078 958 4138 ad
981 4079 1038 4141 boc
1061 4079 1102 4141 sit
1125 4080 1244 4158 impen-

153 4172 303 4248 dendum,
324 4171 356 4234 S.
377 4170 562 4233 Freneiseus
582 4171 718 4232 Salesins
738 4172 815 4241 vult,
835 4176 871 4232 nt
892 4171 1040 4236 Sacerdos
1061 4193 1115 4252 per
1135 4173 1243 4237 boram

152 4267 264 4328 saltem
307 4264 514 4345 quadrantem
556 4264 749 4326 immoretur.
818 4264 848 4326 S.
894 4265 1073 4345 Alplronsus
1118 4266 1243 4330 scribit:

153 4359 305 4435 “Quaeso
332 4380 349 4421 o
377 4358 535 4432 Sacerdos,
561 4360 597 4419 nt
624 4377 679 4439 per
704 4357 869 4419 dimidiam
897 4359 1005 4420 liorarn
1031 4358 1148 4421 orando
1175 4379 1244 4440 per·

226 4504 238 4538 ι
256 4498 290 4549 1).
308 4499 350 4549 eo.
367 4499 438 4563 nug.
458 4499 533 4562 reae,
549 4513 575 4549 n.
592 4498 668 4547 eree.
686 4500 710 4547 5.
835 4505 847 4538 ε
866 4499 899 4549 r.
918 4515 943 4548 n.
962 4502 1004 4565 40,
1023 4515 1044 4552 r.
