2804 4890
246 701 298 758 AB
322 699 526 758 ORATIONE
551 700 752 759 nuntiatos
773 700 827 758 ab
848 701 975 758 FINEM
997 701 1156 759 Mlssaa.
1198 690 1258 755 263

207 877 236 937 4.
260 873 439 954 Unicuique
454 874 616 954 porrigens
634 875 690 935 SS.
710 875 947 937 Sacramentum
964 874 1128 938 faciteam
1144 895 1179 936 eo
1195 873 1255 953 sig·

169 990 243 1032 num
270 969 381 1031 Crucis
406 990 499 1050 super
525 970 682 1051 pyxidem,
709 971 747 1031 ad
776 971 1022 1033 benedicendum
1049 972 1258 1033 communica·

169 1068 286 1136 turum,
301 1061 349 1123 vel
364 1067 401 1124 ut
415 1060 592 1136 denotetur,
608 1061 690 1122 idem
706 1082 770 1123 esse
786 1061 906 1141 Corpus
922 1061 1004 1141 quod
1021 1060 1115 1124 Cruci
1130 1060 1256 1124 affixum

168 1155 370 1217 fuit-Olim
385 1160 457 1216 ante
474 1155 733 1216 Conununioncm
749 1154 813 1217 alta
829 1175 900 1216 voce
914 1154 1124 1217 clamabatur:
1140 1154 1257 1217 Sancta

168 1248 293 1311 Sanctis
317 1248 416 1329 (quod
435 1249 609 1310 etiamnum
629 1248 665 1308 fit
685 1250 718 1308 in
739 1248 877 1310 Ecclesia
897 1250 1053 1327 Graeca);
1072 1251 1103 1311 et
1121 1247 1257 1328 populus

169 1342 375 1417 acclamabat;
415 1343 503 1404 tinas
541 1344 686 1417 Sanctus,
722 1363 804 1404 oran
840 1341 996 1404 Dominus
1032 1343 1145 1414 Jeme:
1181 1345 1256 1403 tunc

171 1436 319 1499 Sacerdos
339 1435 473 1515 singulis
494 1435 643 1515 praebens
666 1436 696 1497 S.
720 1436 953 1498 Eucharistiam
974 1435 1112 1497 dicebat:
1136 1436 1258 1517 Corpus

170 1528 290 1591 Christi
294 1552 308 1601 ;
323 1537 354 1593 et
371 1529 489 1609 singuli
508 1529 753 1609 respondebant:
771 1532 882 1593 Aaron.

211 1622 339 1701 Triplex
355 1626 460 1684 autem
476 1623 539 1684 fuit
555 1622 751 1701 modusque
768 1622 838 1683 laici
854 1623 954 1702 specie
968 1623 1035 1683 vini
1049 1622 1257 1684 communica-

171 1716 262 1778 bant:
279 1716 326 1777 rel
342 1736 414 1777 cum
432 1716 590 1778 Diaconus
607 1737 715 1780 eorum
732 1718 778 1777 ori
796 1717 923 1780 calicem
941 1717 1128 1791 admoveret,
1147 1717 1193 1779 vel
1211 1736 1259 1778 ca·

171 1811 252 1871 lamo
268 1811 332 1873 sive
348 1809 454 1872 fistula
470 1831 492 1871 s.
511 1811 644 1890 speciem
660 1830 676 1872 e
693 1810 787 1871 calice
803 1810 965 1888 sugebant,
981 1810 1028 1873 vel
1045 1810 1172 1873 tandem
1190 1813 1259 1891 post

169 1922 245 1965 saec.
267 1902 346 1964 XII.
368 1904 540 1964 universim
562 1902 682 1983 Corpus
704 1901 833 1964 Domini
853 1903 926 1964 rino
946 1907 1124 1966 consecrato
1144 1902 1259 1964 intinc-

170 2000 237 2057 tum
256 1996 400 2058 fidelibus
418 1996 515 2058 tribui
536 1998 675 2076 coepit²⁴

214 2199 282 2263 156.
307 2200 438 2264 Peracta
466 2200 694 2264 communione
723 2201 871 2265 Sacerdos
898 2203 983 2264 intra
1008 2201 1261 2279 purificationem

172 2293 280 2355 caliois
302 2298 334 2356 et
358 2293 555 2356 ablutionem
579 2293 752 2368 digitorum
776 2294 947 2374 alloquitur
971 2295 1143 2357 Dominum
1168 2316 1260 2356 suum

172 2389 293 2463 desum,
314 2391 346 2450 in
367 2390 458 2467 cujus
479 2388 660 2450 dulcissimo
681 2388 826 2467 amplexu
847 2388 963 2462 haeret,
985 2392 1020 2450 ut
1041 2390 1189 2450 similiter
1208 2409 1261 2451 vas

172 2488 328 2544 sacratum
344 2482 445 2543 cordis
462 2483 510 2542 sui
528 2502 643 2561 purum
659 2486 760 2543 servet
775 2488 868 2560 atque
884 2481 965 2543 dona
983 2485 1127 2562 percepta
1144 2483 1178 2544 in
1194 2483 1262 2564 ipso

173 2581 329 2648 maneant,
366 2581 397 2637 et
434 2576 644 2637 “adhaereant
681 2572 869 2635 visceribus''
906 2575 1123 2654 spiritualibus
1162 2575 1261 2656 ipsius

171 2671 293 2732 animae
312 2675 491 2748 (quaesunt
505 2670 665 2743 meruoria,
679 2669 856 2731 intellectus
868 2673 899 2731 et
912 2668 1072 2747 voluntas)
1090 2669 1263 2732 secundum

174 2764 321 2824 virtutem
342 2767 372 2825 et
392 2764 566 2825 efficaciam.

216 2860 243 2918 2.
268 2856 352 2929 Quae
379 2864 561 2935 sequuntur,
588 2857 668 2917 liunt
695 2857 726 2916 in
752 2857 927 2936 gratiarum
953 2858 1116 2920 actionem.
1161 2858 1263 2920 “Tota

174 2950 288 3013 Missae
308 2949 504 3021 celebratio‚⁷'
524 2951 632 3012 scribit
654 2951 685 3012 S.
706 2952 852 3023 Thomas,
873 2952 928 3013 “in
946 2953 1121 3032 gratiarum
1142 2953 1263 3015 actione

175 3044 373 3114 terminatur,
393 3044 508 3123 populo
527 3043 703 3105 exsultante
723 3064 779 3124 pro
799 3046 977 3124 sumptione
997 3047 1137 3124 mysterii
1164 3045 1262 3126 (quod

175 3138 332 3213 significat
367 3143 476 3198 cantus
513 3143 582 3217 post
618 3138 903 3216 communionem),
938 3142 970 3201 et
1008 3139 1173 3201 Sacerdote
1208 3159 1264 3219 per

174 3232 347 3292 orationem
362 3234 480 3310 gratias
497 3229 677 3293 offerente.'’

217 3330 245 3386 3.
269 3325 439 3386 Ablutione
456 3325 554 3404 igitur
570 3325 654 3387 lacta
671 3325 820 3388 Sacerdos
837 3329 1006 3388 revertitur
1020 3327 1061 3389 ad
1075 3349 1171 3390 cornu
1189 3327 1263 3408 lipi-

175 3419 281 3492 stulae,
303 3419 353 3478 ubi
378 3419 507 3479 Missam
529 3419 697 3494 inchoavit,
717 3425 754 3481 ut
775 3420 971 3498 significetur
998 3422 1106 3499 (juxta
1126 3421 1263 3501 plures),

175 3512 312 3574 Judaeos
331 3513 363 3572 in
384 3512 444 3573 sine
463 3513 574 3573 mundi
594 3534 702 3574 rursus
722 3513 947 3574 illuminarulos
966 3534 1040 3576 csse.
1085 3514 1133 3574 lbi
1155 3515 1264 3576 recitat

175 3607 381 3685 antiphonam
403 3627 480 3686 (luae
502 3605 684 3667 Communia
707 3611 845 3676 aanor,
867 3611 960 3685 atque
980 3611 1028 3668 est
1049 3607 1264 3686 fragmentum

176 3700 287 3778 psalmi
311 3701 356 3760 vel
378 3701 506 3761 alterius
528 3699 687 3761 orationis.

217 3798 245 3853 4.
269 3793 529 3865 Postcommuni0‚
556 3815 607 3855 scu
634 3794 868 3874 “(luuplemla''
894 3795 940 3857 vel
965 3795 1096 3858 “Oratio
1120 3795 1160 3857 ad
1184 3816 1265 3855 com·

176 3887 357 3968 plen‹lum‚''
374 3893 420 3948 est
438 3891 611 3967 gratiarum
631 3890 712 3951 actio
730 3888 885 3967 sinmlque
903 3889 1065 3950 fructuum
1084 3873 1263 3969 postulatio.

176 3981 281 4044 “Istae
294 3982 448 4044 orationes
462 4003 519 4062 pro
533 3982 846 4045 Cormnunicantibus
862 3983 1025 4043 institutae
1039 3988 1122 4047 sunt.
1151 3982 1264 4055 Quam-

176 4076 223 4136 vis
237 4080 343 4139 autom
359 4097 424 4136 mos
440 4077 493 4136 ille
508 4075 611 4146 desiit,
628 4076 707 4136 nihil
726 4082 831 4137 tamen
848 4079 881 4137 in
898 4076 1091 4138 orationibus
1107 4080 1264 4139 mutatum

176 4175 232 4243 est,
245 4170 297 4231 scd
314 4169 382 4231 ideo
398 4175 535 4230 retentae
548 4174 632 4244 sunt,
647 4173 683 4230 ut
695 4169 840 4243 sciamus,
854 4169 928 4249 quid
944 4169 1020 4230 olim
1034 4170 1154 4232 factum
1168 4170 1220 4245 sit,
1235 4178 1267 4234 et

176 4283 212 4324 ex
239 4264 305 4343 ipso
334 4264 547 4342 precationum
576 4268 681 4326 tenore
708 4262 745 4323 ad
774 4262 946 4341 pristinum
973 4263 1127 4327 fervorem
1152 4264 1267 4329 excite·

177 4356 306 4419 mur.’'²⁵

216 4550 241 4583 ²⁴
261 4543 304 4594 ef.
325 4544 364 4593 De
384 4541 472 4608 Carpo
493 4542 564 4592 Bibl.
586 4543 625 4594 lit.
787 4548 811 4579 ²⁵
832 4544 917 4595 Bona
