2804 4890
152 683 205 739 DE
220 683 380 740 OOENAE
397 681 546 739 DOMINI
561 683 611 737 ET
628 684 658 739 S.
673 683 891 738 LITURGIAE
906 684 1145 741 RELATIONE.
1180 675 1241 740 213

196 856 224 914 2.
248 853 403 916 Recitavit
419 855 520 935 igitur

152 1027 220 1084 Chr.
237 1024 368 1084 Laudate
385 1025 542 1084 Dominum
559 1044 658 1084 omnes
675 1030 776 1096 gentes
798 1025 895 1096 (eici.

151 1113 257 1183 Apoet.
273 1114 308 1168 R.
324 1111 463 1181 Alleluja.

152 1198 220 1253 Chr.
239 1195 425 1254 confitemini
441 1197 577 1267 Domino,
593 1197 730 1269 quoniam
748 1198 856 1254 bonus:

151 1285 257 1353 .=1posr.
273 1280 416 1352 Quoniam
431 1280 461 1338 in
477 1284 622 1339 saeculum
638 1280 835 1339 misericordia
850 1281 924 1353 ejus

152 1368 220 1423 cur.
236 1366 323 1423 Dicat
338 1385 414 1423 nunc
430 1366 538 1424 Israel:
555 1367 692 1438 quoniam
708 1368 809 1424 bonus.

151 1454 257 1523 Apost.
277 1451 420 1523 Quoniam
440 1451 470 1508 iu
489 1453 634 1509 saeculum
654 1452 851 1508 misericordia
870 1452 936 1522 ejus
959 1451 1056 1522 (cta).

152 1539 220 1594 Chr.
236 1537 281 1594 Dc
297 1536 486 1595 tribulatione
500 1536 634 1594 invocavi
651 1536 816 1598 Dominum.

151 1625 256 1694 Apoat.
275 1621 415 1693 Alleluja.

151 1709 219 1765 Chr.
238 1707 278 1764 Et
293 1706 444 1766 exaudivit
459 1726 504 1765 me
519 1707 550 1765 in
567 1708 722 1764 latitudine
740 1707 890 1765 Dominus

150 1795 257 1865 Apoat.
269 1792 403 1864 Alleluja
421 1793 517 1865 (etc).

152 1879 220 1936 Cirr.
239 1876 544 1948 0Domine,sa1mm
559 1897 604 1936 me
622 1878 672 1936 fac
692 1878 877 1950 [Hosannal.

149 1966 256 2035 Apost.
273 1961 445 2034 ODomine,
459 1965 572 2021 salvum
586 1983 631 2021 me
646 1963 697 2020 iac
715 1963 900 2035 [Hosanua].

152 2050 220 2106 Chr.
238 2047 263 2106 0
278 2047 412 2117 Domine,
427 2049 499 2107 bene
515 2068 668 2121 prospera.

151 2135 256 2206 Apoat.
271 2133 296 2191 Ο
310 2133 443 2204 Domine,
457 2134 529 2192 benc
543 2151 695 2205 prospera.

150 2220 220 2276 Chr.
239 2216 424 2289 Benedictus,
442 2219 494 2291 qui
510 2217 590 2275 venit

151 2307 257 2376 Apost.
272 2303 310 2362 In
326 2302 442 2361 nominc
457 2303 584 2362 Domini.

153 2391 221 2446 Chr.
237 2388 445 2446 Benediximua
459 2388 543 2447 vobis

152 2476 257 2546 Apoat.
272 2474 317 2531 De
333 2473 418 2533 domo
434 2473 560 2532 Domini.

154 2561 221 2616 Chr.
239 2560 318 2617 Deus
335 2558 486 2629 Dominus,
504 2565 531 2616 et
549 2559 646 2617 illuxit
663 2559 755 2617 nobis.

152 2647 258 2716 Apoat.
276 2643 416 2716 Alleluja.

154 2731 221 2786 Chr.
234 2728 410 2787 Constituite
421 2728 496 2785 diem
507 2731 663 2787 solemnem
675 2729 704 2785 in
716 2730 868 2786 cornlonsis
879 2749 969 2800 risque
980 2729 1017 2785 ad
1028 2749 1118 2787 cornu
1129 2728 1240 2786 altaris.

152 2817 257 2886 Apoat.
272 2813 413 2886 Alleluja.

196 2994 224 3053 3.
247 2990 294 3054 Hi
321 2991 420 3070 igitur
448 2991 565 3053 Psalmi
596 2994 663 3052 116.
691 2997 721 3052 ct
750 2992 817 3053 117.
846 2992 977 3055 luerunt
1003 2990 1161 3072 exemplar
1186 3010 1243 3072 pro

155 3084 356 3166 Praefatiouc
386 3083 417 3145 S.
447 3085 627 3162 Liturgiae3
655 3086 838 3164 pracsertim
868 3085 997 3146 initium
1026 3091 1057 3147 et
1085 3085 1242 3147 conclusio

156 3176 273 3239 Psalmi
291 3197 347 3257 pro
364 3177 457 3239 initio
473 3181 504 3239 et
521 3177 718 3239 conclusione
738 3177 937 3239 l'raeiationc
955 3199 1024 3239 curu
1046 3180 1194 3241 llosunun
1213 3182 1244 3240 ct

154 3270 352 3334 Benedictus.
393 3271 568 3334 Concordat
586 3272 697 3335 modus
714 3271 868 3334 recitandi
886 3293 942 3353 per
960 3274 1197 3353 responsoriae.
1216 3293 1246 3354 g.

154 3362 287 3426 Sursum
308 3364 411 3434 corda,
429 3370 498 3440 etc,
521 3363 644 3426 Gratias
662 3385 791 3444 nonnius
811 3364 946 3429 Domino
967 3366 1032 3429 Deo
1053 3371 1169 3438 nostro,
1188 3371 1245 3430 etc.

158 3456 309 3518 Hosanna
335 3460 367 3518 et
396 3456 584 3518 Benedictus
612 3476 668 3536 per
695 3455 858 3536 populum,
888 3456 1048 3520 Praelatio
1077 3479 1147 3519 roro
1175 3457 1242 3537 ipsa

155 3570 209 3631 per
225 3551 326 3613 solum
345 3551 560 3614 Celebrantem
579 3551 779 3627 recitabatur,
797 3552 950 3614 submissa
967 3572 1039 3616 rocc
1056 3552 1090 3615 in
1108 3553 1247 3631 Oriente,

157 3643 311 3704 cantando
348 3644 379 3705 in
416 3642 593 3705 Occidente.
659 3643 699 3703 In
736 3643 881 3721 liturgia
917 3643 1026 3723 Apost.
1063 3642 1243 3707 immediate

156 3736 341 3816 sequebatur
357 3735 444 3799 Deus
460 3734 627 3809 Dominus,
646 3741 675 3799 ct
693 3735 800 3798 illuxit
817 3735 906 3799 uobis
929 3736 983 3815 (cx
1001 3756 1028 3798 v.
1048 3739 1097 3812 27,
1116 3739 1242 3817 supra).

200 3905 269 3969 lle.
293 3905 415 3968 Deinde
447 3905 479 3967 in
512 3904 576 3967 ritu
610 3908 729 3968 (benuo
762 3906 915 3986 paschalis
948 3906 1142 3969 recitandum
1175 3913 1242 3972 crat

156 4001 330 4081 “liuynuru
351 3999 531 4072 llatle1,”i.
553 4022 579 4063 e.
603 4000 746 4063 Psalmus
769 4004 849 4075 1:³5,
871 4000 1076 4079 Confiicurini
1096 4003 1243 4071 Domino,

157 4095 304 4177 quoniam
338 4095 446 4166 bouus,
480 4115 551 4156 cum
587 4095 743 4157 constanti
780 4094 986 4175 Responsorio
1020 4095 1172 4174 Quoniam
1211 4097 1241 4160 iu

154 4193 317 4252 oeternum
335 4187 550 4251 misericordia
567 4189 645 4268 ejus,
662 4189 754 4265 cujus
771 4187 838 4251 loco
854 4190 949 4252 etiam
967 4190 1081 4252 similis
1099 4191 1244 4254 Psalmus

157 4287 237 4357 134,
260 4283 402 4347 Luudutc
426 4304 540 4345 nornen
563 4280 704 4353 Domini,
729 4283 854 4346 lucidata
876 4286 959 4347 acrei
982 4284 1164 4351 Durniuruu.
1188 4305 1246 4366 pro

156 4397 270 4454 magno
292 4374 398 4437 Helle]
420 4375 560 4439 adhiberi
583 4378 714 4455 poterat.
760 4375 829 4439 Hoc
851 4375 1025 4460 “llaguum
1048 4377 1178 4440 Hallcl''
1199 4384 1245 4442 est

156 4469 301 4533 sublimis
328 4469 387 4532 ista
414 4469 516 4533 laudis
542 4473 574 4533 et
600 4469 775 4550 gratiarum
801 4469 933 4538 actionis
961 4471 1081 4547 Oratio,
1107 4491 1169 4553 qua
1195 4491 1246 4537 ex·
