2804 4890
150 737 201 792 DE
216 736 314 791 BINA
326 735 449 791 MISSA
461 734 513 789 AB
526 735 667 791 EODEM
681 735 914 791 SACERDOTE
930 735 1176 794 CELEBRATA.
1200 729 1240 791 63

151 910 183 970 in
211 909 330 989 triplici
360 928 432 970 casu
461 908 569 971 eodem
597 908 662 972 iore
691 908 799 969 modo:
829 908 1058 989 “Relinquatnr
1088 911 1237 990 prudenti

151 1003 268 1082 judicio
291 1001 484 1078 Ordinarii‚'’
506 1003 553 1064 vel
574 1002 720 1064 “caritati
742 1007 773 1065 et
794 1003 1001 1066 conscientiae
1023 1005 1060 1066 Ρ.
1083 1004 1122 1067 V.
1145 1005 1237 1066 Prae·

152 1095 255 1160 iecti.''
298 1096 363 1158 Nec
384 1097 565 1158 mirandum
590 1097 655 1176 (uti
676 1097 709 1158 in
730 1098 797 1178 ipso
818 1098 980 1178 Rescripto
999 1098 1164 1180 posteriori
1184 1098 1237 1160 ad-

151 1191 269 1270 ditur),
282 1191 308 1253 si
324 1191 355 1252 S.
371 1190 580 1271 Congregatio
593 1190 770 1272 benigniori
783 1193 1038 1273 interpretationi
1051 1192 1155 1255 locum
1168 1192 1237 1255 dari

152 1304 237 1365 posse
250 1285 414 1365 judicarit,
428 1304 526 1364 quum
540 1289 685 1363 ageretur
697 1285 735 1347 de
749 1286 890 1366 captivis.

190 1383 218 1439 4.
244 1378 393 1442 Sacerdos
409 1378 593 1459 prohibetur
610 1379 728 1455 binare,
746 1379 896 1460 quamdiu
913 1380 1020 1442 haberi
1037 1384 1140 1461 potest
1157 1380 1238 1442 alius

153 1473 309 1548 Sacerdos,
328 1492 493 1554 perquem
511 1473 689 1534 necessitati
708 1473 816 1554 populi
836 1473 981 1536 satisfieri
1001 1474 1117 1554 possit3
1137 1474 1184 1536 vel
1204 1475 1237 1535 in

152 1565 347 1629 commodum
361 1586 479 1642 eorum,
494 1566 547 1646 qui
562 1570 726 1646 praecepto
742 1567 855 1631 Missae
871 1566 1044 1630 audiendae
1058 1567 1238 1649 satisfacere

153 1659 264 1723 vellent
283 1661 317 1722 in
337 1659 403 1723 suis
422 1661 553 1742 privatis
574 1660 752 1722 Oratoriis.³

191 1754 278 1816 Licet
294 1758 399 1818 autem
416 1754 568 1816 sacerdoti
585 1753 738 1817 celebrare
754 1755 787 1816 in
805 1755 949 1818 Oratorio
965 1757 1097 1836 privato,
1114 1755 1235 1818 etiamsi

152 1846 305 1911 Parochus
324 1848 434 1912 debeat
452 1848 500 1910 bis
519 1847 690 1912 celebrare:
711 1849 768 1911 sub
786 1848 905 1929 duplici
927 1854 1032 1913 tamen
1051 1847 1241 1925 conditione,

153 1944 186 2002 ut
201 1941 266 2020 ipse
282 1940 329 2001 bis
345 1961 409 2003 non
426 1939 558 2002 celebret
573 1945 605 2002 et
620 1940 704 2019 legat
721 1940 851 2002 Missam
866 1946 955 2004 extra
971 1941 1075 2003 locum
1090 1941 1144 2002 ubi
1162 1941 1237 2002 Par·

153 2034 243 2096 ochus
261 2034 307 2096 bis
326 2033 483 2097 eelebmt‘

191 2131 217 2188 5.
242 2127 433 2189 Prohibetur
449 2149 505 2208 pro
523 2129 658 2190 secunda
677 2128 774 2191 Missa
791 2129 854 2191 sive
871 2128 988 2192 directe
1005 2130 1068 2192 sive
1085 2129 1238 2192 indirecte

152 2220 374 2301 eleemosynam
391 2222 539 2302 accipere,
559 2222 619 2283 nisi
641 2222 790 2285 Sacerdos
808 2223 940 2302 speciale
958 2222 1120 2285 indultum
1139 2223 1237 2304 Apos-

154 2314 278 2376 tolicum
291 2314 412 2376 habeat.
449 2315 515 2377 Nec
526 2336 562 2377 ea
574 2314 754 2377 conditione
767 2315 960 2396 stipendium
973 2318 1111 2396 accipere
1125 2318 1237 2397 potest,

153 2409 237 2470 utin
257 2428 350 2470 usum
371 2408 461 2489 pium
480 2408 717 2489 expendatur;⁶
737 2429 794 2471 nec
814 2429 870 2489 pro
891 2429 954 2471 una
975 2408 1168 2489 stipendium
1189 2429 1236 2470 ac-

153 2501 250 2581 cipere
268 2507 381 2582 potest,
400 2503 427 2563 si
446 2502 575 2565 alteram
594 2523 632 2565 ex
651 2503 776 2581 justitia
796 2503 842 2565 rel
862 2503 960 2565 officio
979 2502 1135 2582 applicare
1153 2506 1236 2565 tene·

153 2599 210 2671 tur,
229 2617 254 2659 e.
273 2615 303 2676 g.
322 2616 360 2658 ex
378 2595 568 2676 obligatione
587 2596 713 2676 parochi
734 2596 913 2675 applicandi
934 2616 989 2675 pro
1010 2596 1133 2676 populo.
1176 2595 1236 2658 Sed

153 2687 221 2753 licet
246 2691 396 2770 accipere,
421 2690 447 2751 si
472 2690 603 2752 alteram
628 2689 764 2770 applicet
791 2691 911 2752 ratione
938 2690 1020 2770 pacti
1046 2689 1127 2769 quod
1155 2690 1238 2752 inter

154 2781 331 2846 Sacerdotes
348 2783 503 2857 convenit,
522 2788 558 2845 ut
576 2803 658 2845 unus
677 2803 733 2863 pro
751 2782 848 2846 altero
867 2788 937 2862 post
956 2788 1088 2845 mortem
1108 2784 1236 2845 Missam

153 2876 290 2952 celebret,
313 2897 367 2939 seu
389 2897 445 2957 pro
469 2877 532 2938 illis
555 2896 629 2956 erga
651 2896 726 2956 quos
749 2876 873 2937 vinculo
897 2877 1059 2938 charitatis
1083 2876 1236 2957 obstring-

153 2969 237 3031 itur.⁸
281 2968 342 3033 Die
369 2969 555 3031 Natiuitatis
582 2967 711 3030 Domini
737 2989 794 3050 pro
819 2969 920 3031 tribus
948 2970 1053 3032 Missis
1080 2970 1237 3050 stipendia

150 3065 285 3144 accipere
303 3063 385 3126 licet.

192 3160 218 3218 6.
243 3157 278 3218 Si
302 3157 335 3219 in
359 3157 462 3237 prima
487 3156 583 3218 Missa
606 3161 676 3236 post
701 3157 907 3236 receptionem
933 3156 1079 3237 Corporis
1103 3162 1134 3219 et
1160 3157 1237 3219 San-

149 3251 254 3329 guinis
281 3249 474 3314 ablutionem
502 3251 681 3329 sumpserit,
709 3271 765 3331 per
790 3270 822 3313 sa
849 3270 911 3311 non
940 3256 1041 3330 potest
1069 3251 1235 3313 secundam

153 3341 278 3407 Missam
293 3343 457 3418 celebrare,
471 3343 509 3407 ob
523 3344 603 3405 banc
617 3342 717 3404 solum
731 3363 856 3405 causam
871 3344 944 3424 quia
959 3343 1064 3406 fideles
1078 3345 1236 3425 privaren-

151 3440 202 3499 tur
222 3438 319 3500 Missa
340 3437 391 3500 die
411 3438 546 3499 festivo.l
591 3436 708 3510 Quodsi
730 3437 763 3497 in
785 3458 856 3498 casn
878 3458 914 3499 ex
935 3438 1101 3500 omissione
1123 3439 1236 3500 Missae

151 3532 329 3594 scandalum
355 3532 398 3593 sit
422 3529 716 3610 pertimescendum,
742 3530 891 3593 Sacerdos
916 3550 980 3593 non
1006 3531 1136 3609 jejunus
1161 3532 1235 3595 cele

152 3622 236 3688 brare
254 3625 395 3706 poterit⁸

185 3816 197 3849 ⁸
215 3811 297 3861 Inatr.
315 3809 341 3861 S.
359 3810 387 3860 G.
404 3811 437 3861 da
453 3810 534 3874 Prop.
551 3808 582 3858 F.
719 3823 776 3859 sum
791 3809 849 3872 jam
865 3809 1001 3874 praesenti
1018 3824 1101 3860 causa
1115 3824 1132 3860 a
1148 3809 1239 3862 Sacar-

185 3892 197 3924 ⁴
215 3886 241 3936 S.
262 3887 290 3936 C.
312 3887 346 3936 de
367 3885 479 3951 Diacipl.
501 3885 621 3934 Sacram.
644 3884 667 3934 ⁷.
720 3885 782 3936 dote
799 3886 958 3951 explicetur,
975 3890 1003 3936 et
1021 3887 1113 3936 concio
1132 3901 1163 3938 ac
1181 3902 1239 3952 pro·

156 3959 214 4012 Feb.
233 3963 308 4013 laos.
327 3961 367 4011 ΙΙ.
386 3963 409 4010 6.
719 3976 763 4012 cea
792 3978 814 4013 e..
845 3978 870 4024 g.
902 3962 1043 4013 Rosarium
1075 3963 1106 4013 B.
1138 3964 1174 4013 M.
1206 3965 1238 4013 V.

191 4037 245 4089 ⁵8.
276 4039 304 4089 C.
335 4037 364 4087 C.
397 4038 438 4088 21.
471 4037 554 4088 Mart.
588 4037 664 4099 1863,
719 4053 795 4089 cnm
836 4039 1029 4089 Beneilictione
1067 4040 1238 4090 Sanctissimi

157 4114 296 4167 Colonicna.
720 4116 880 4178 habeantur,
896 4130 987 4166 verum
1004 4116 1161 4167 scandalum
1177 4130 1239 4166 raro

188 4198 199 4227 ⁸
218 4193 243 4243 S.
260 4193 288 4244 C.
306 4193 335 4244 C.
355 4195 394 4243 14.
411 4193 487 4259 Sept.
507 4192 581 4242 1878.
719 4192 829 4243 orietur.

187 4274 198 4307 ²
216 4270 243 4321 Si
262 4269 364 4339 populo
383 4270 419 4322 ad
438 4269 584 4322 secundam
603 4269 668 4319 Mis·
755 4273 767 4308 ⁸
786 4267 844 4322 cn.
861 4267 888 4319 S.
904 4269 985 4335 Alph.
1001 4268 1051 4320 VI.
1067 4270 1126 4320 28⁷.
