2804 4890
206 638 260 697 DE
282 639 528 699 CAPELLANlS
554 640 596 699 ΙΝ
618 642 739 700 Missa
764 642 935 702 PRIVATA
957 644 1150 704 EPISCOPI.
1197 634 1252 699 121

318 874 353 935 B.
376 873 421 936 lle
436 874 678 953 praeparatione
694 879 726 939 et
742 875 921 939 induitione
938 876 1093 954 Episcopi.

206 1050 255 1114 78.
279 1051 442 1132 Capellani
464 1053 619 1133 Episcopo
641 1054 680 1116 ad
701 1063 824 1134 portam
847 1055 1002 1117 Ecclesiae
1024 1055 1071 1117 vel
1094 1055 1252 1117 sacristiae

163 1145 286 1208 obviarn
315 1148 361 1209 ire
389 1151 530 1227 possunt,
558 1168 594 1210 ac
623 1148 786 1212 deficiente
817 1153 934 1211 rectore
964 1149 1120 1213 Ecclesiae
1150 1149 1253 1210 senior

165 1242 374 1321 aspersorium
393 1242 422 1303 ei
444 1241 500 1303 sub
522 1243 678 1304 consuetis
699 1242 813 1303 osculis
834 1247 1021 1323 praesentat.

206 1337 234 1396 2.
257 1334 412 1415 Episcopo
437 1334 476 1396 ad
500 1334 749 1415 genuflexorium
775 1336 1027 1416 preparationem
1051 1335 1182 1399 facienti
1206 1356 1253 1399 as·

163 1428 248 1490 sistit
279 1429 401 1509 primus
433 1428 621 1508 Capellunus
653 1450 672 1492 a
704 1429 842 1491 sinistris
876 1435 985 1492 tenens
1018 1430 1147 1510 bugiam
1179 1449 1250 1492 cum

162 1521 291 1584 candela
309 1543 446 1598 accensa,
465 1523 545 1585 alter
563 1543 581 1585 a
599 1522 718 1585 dextris
738 1527 859 1585 verteas
880 1522 957 1586 folia
976 1524 1113 1587 canonis.
1158 1523 1251 1586 Prae

162 1617 324 1695 paratione
342 1617 433 1679 finita
450 1618 572 1696 primus
590 1617 717 1697 bugiam
734 1617 774 1679 ad
792 1617 934 1680 dextram
953 1617 1102 1693 Missalis,
1120 1616 1251 1680 alteria

163 1709 266 1772 medio
292 1709 412 1772 Altaria
439 1710 505 1773 loco
533 1710 718 1773 tabellarum
745 1710 836 1791 ponit
863 1731 1013 1774 canonem
1040 1716 1185 1792 apertum
1211 1710 1251 1773 ad

163 1803 254 1865 uerba
273 1804 414 1884 Adsero
434 1805 532 1867 roobia.

204 1900 232 1957 3.
256 1897 429 1977 Episcopus
447 1903 533 1959 stans
549 1897 784 1983 anteinlimum
800 1898 934 1978 gradum
952 1898 1176 1976 adjuvantibus
1194 1897 1251 1960 Ca-

164 1990 298 2070 pellanis
330 1990 462 2053 Crucem
494 1991 682 2071 pectoralem
714 2012 785 2052 curn
818 1997 952 2053 mozetta
984 1992 1030 2055 vel
1063 1990 1246 2054 mantelleto

161 2084 321 2160 demittit3
340 2085 472 2147 Crucem
492 2086 612 2164 primus
631 2085 819 2163 (lapellanus
836 2106 929 2164 super
946 2085 1066 2160 Altera,
1085 2089 1250 2148 mozettam

161 2178 242 2240 alter
256 2198 349 2258 super
363 2178 612 2258 genuflexorium
629 2179 758 2258 deponit
768 2200 777 2253 3
792 2179 946 2241 annulum
964 2179 1046 2240 idem
1068 2179 1131 2257 (rel
1149 2178 1245 2249 alter)

161 2273 318 2334 consuetis
341 2271 455 2335 osculis
477 2271 614 2335 extrahit
638 2277 669 2333 et
692 2291 785 2351 super
809 2271 918 2334 Altare
943 2273 988 2334 vel
1014 2272 1131 2352 pelvim
1154 2291 1250 2351 quan-

161 2366 234 2427 dam
264 2366 395 2445 deponit
422 2370 454 2428 et
482 2370 551 2446 post
581 2365 731 2428 lotionem
760 2386 911 2427 manuum
943 2367 1075 2446 reponit.
1130 2364 1250 2427 Deinde

163 2459 337 2539 Episcopus
356 2460 458 2538 capite
478 2464 559 2521 tecto
578 2458 661 2521 lavat
681 2479 803 2533 manus,
823 2459 899 2521 dum
919 2461 1041 2540 primus
1062 2457 1250 2538 Capellanus

163 2553 297 2634 porrigit
320 2553 451 2615 mantile
474 2553 553 2615 alter
576 2573 703 2614 urceum
727 2574 798 2614 cum
822 2553 922 2633 pelvi;
947 2553 1085 2627 interim,
1109 2553 1136 2613 si
1161 2551 1250 2613 Pres-

161 2648 261 2725 byteri
290 2666 352 2708 non
381 2647 455 2721 sint,
483 2647 629 2710 dextrum
656 2667 739 2727 genu
768 2645 908 2709 flectunt.
960 2647 1133 2727 Episcopus
1161 2665 1250 2726 regu-

161 2741 237 2802 laris
257 2749 423 2821 antequam
444 2760 556 2801 nnanns
578 2740 669 2813 lavet,
689 2740 950 2821 superpelliceum
971 2739 1086 2801 induit.

202 2840 231 2896 4.
257 2833 418 2896 Secundus
443 2834 630 2914 Capelianus
652 2840 834 2914 paramenta
856 2834 992 2914 porrigit
1014 2832 1116 2908 alteri,
1138 2833 1193 2913 qui
1215 2852 1250 2894 ea

167 2929 267 3007 (solus
291 2928 337 2989 vel
362 2927 496 2989 secundo
520 2928 707 3006 adjuvante)
737 2927 844 2989 induit
868 2928 1033 3007 Episcopo
1056 2927 1166 2988 ordine
1189 2945 1250 3006 quo

163 3022 312 3084 Sacerdos
333 3021 544 3085 celebraturus
565 3042 600 3083 ea
622 3022 738 3093 induit,
760 3026 792 3082 at
814 3020 947 3084 Crucem
968 3019 1156 3100 pectoralem
1177 3025 1250 3081 ante

161 3116 291 3187 stolam3
308 3116 470 3189 amictum,
489 3116 631 3183 (lrucem,
648 3115 760 3176 stolam
778 3120 810 3176 et
827 3114 1026 3194 manipulum
1050 3114 1120 3193 (qui
1139 3112 1178 3174 ad
1195 3114 1249 3174 Irr-

161 3211 353 3290 dulpcrrtiam
379 3210 550 3289 accipitur)
577 3209 665 3289 prius
687 3207 846 3270 osculatur
868 3228 930 3268 non
953 3209 986 3268 ia
1009 3207 1112 3271 medio
1134 3226 1187 3268 seu
1209 3205 1249 3267 ad

162 3304 293 3365 Crucem
314 3303 367 3364 sed
388 3324 405 3364 a
426 3303 521 3365 latere
542 3323 593 3363 sca
615 3303 707 3381 juata
728 3302 878 3368 t'rucenr:
901 3302 933 3362 in
956 3301 1052 3364 Missa
1072 3300 1110 3362 de
1133 3300 1249 3379 Requie

162 3398 343 3478 manipulus
358 3402 428 3477 post
442 3396 603 3473 cingulum
617 3397 629 3428 ⁵
644 3404 717 3457 aitte
733 3394 861 3455 Missam
878 3394 1049 3475 accipitur;
1066 3393 1247 3454 Orationem

162 3512 219 3571 pro
244 3491 405 3570 manipulo
430 3491 652 3570 praescriptam
681 3488 853 3568 Episcopus
879 3489 912 3550 in
937 3488 1023 3549 omni
1049 3487 1146 3548 Missa
1170 3485 1249 3547 dicit

161 3591 328 3665 antequam
348 3585 481 3663 incipiat
500 3583 653 3644 Missam*

196 3768 258 3818 ⁸Si
277 3767 386 3819 difficile
405 3767 478 3817 foret
498 3782 513 3818 e
531 3765 677 3816 tunicellae
729 3771 827 3831 potest.
858 3766 901 3817 Cf.
923 3765 992 3831 Epln
1014 3764 1069 3814 Lit.
1090 3762 1201 3814 XVIII.
1222 3778 1249 3828 p.

157 3847 265 3898 manica
276 3845 444 3911 manipulum
459 3844 677 3906 educere,n1ani·
735 3841 792 3902 103,
809 3840 892 3891 Nota.

157 3923 246 3989 pulus,
282 3922 381 3974 induta
416 3919 572 3984 dalmatica,
608 3919 679 3970 sumi
768 3916 875 3967 “Gaea
894 3916 945 3981 Ep.
965 3914 1005 3965 11.
1024 3916 1049 3978 8,
1066 3914 1091 3964 9.
