2804 4890
136 713 223 767 AET.
235 710 589 766 ADMI'ITENDORUM
599 709 653 763 Al)
665 709 823 763 PRIMAM
834 708 1151 764 COMMUNIONEM.
1166 698 1226 757 453

589 865 704 935 ART.
725 866 776 935 ll.

261 1004 311 1054 DE
334 1004 485 1055 AETATE
509 1003 844 1055 ADMITTENDORUM
869 1003 920 1054 AD
945 1002 1098 1054 Parnnn

532 1078 828 1132 COMMUNIONEM.

177 1191 247 1256 284.
272 1194 303 1255 S.
335 1195 543 1274 congregatio
571 1194 609 1255 de
637 1192 806 1272 disciplina
835 1194 1110 1254 Sacramentorum
1138 1190 1168 1253 d.
1198 1195 1227 1254 8.

138 1289 217 1368 hug.
251 1291 329 1347 1910
360 1295 539 1367 sequentem
567 1305 710 1348 normam
737 1286 775 1348 do
805 1286 908 1366 prima
936 1303 1105 1366 puerorum
1138 1283 1228 1348 Com-

136 1382 283 1442 munioue
299 1380 414 1462 ubique
429 1379 611 1442 servandam
628 1385 764 1441 statuere
780 1377 918 1441 censuit:

178 1474 215 1535 l.‘
228 1475 323 1536 Aetas
339 1473 537 1537 discretionis
553 1479 621 1535 tum
636 1474 674 1535 ad
692 1472 928 1535 Confessioncm
944 1478 1014 1534 tum
1029 1471 1069 1535 ad
1087 1471 1119 1534 S.
1137 1471 1227 1533 Com·

137 1568 318 1629 munionem
332 1587 368 1630 ea
383 1574 440 1643 cst,
454 1567 487 1627 in
502 1587 562 1647 qua
578 1585 655 1646 puer
672 1565 785 1644 incipit
802 1564 994 1640 ratiocinari,
1011 1564 1068 1629 hoc
1084 1569 1131 1628 est
1146 1562 1229 1626 circa

136 1661 305 1739 septimum
324 1680 453 1735 annum,
472 1661 534 1720 sire
553 1678 657 1739 supra,
676 1659 739 1720 sive
758 1659 854 1720 etiam
873 1659 968 1720 intra.
1010 1656 1058 1717 Ex
1077 1658 1134 1718 hoc
1152 1661 1228 1718 tcm-

136 1772 209 1831 poro
230 1752 343 1832 incipit
362 1753 512 1831 obligatio
531 1749 748 1813 satisfaciendi
769 1750 894 1831 utrique
914 1754 1078 1831 praecepto
1100 1750 1228 1813 Contes-

136 1845 232 1906 sionis
250 1851 281 1907 et
300 1846 547 1905 t‘ommunionis,

179 1937 223 1999 ll.
247 1937 298 1998 Ad
313 1939 448 2017 primam
464 1938 700 1999 Confessionem
714 1948 745 2000 et
760 1938 799 1999 ad
814 1936 951 2018 primam
967 1936 1228 1999 communionem

136 2031 307 2092 necessaria
337 2050 399 2091 non
427 2040 473 2091 est
502 2029 594 2109 plcna
623 2036 654 2091 ct
683 2030 821 2109 perlecta
850 2029 1010 2092 doctrinae
1039 2029 1228 2090 christianae

135 2123 281 2201 cognitio.
325 2122 408 2182 Puer
429 2127 533 2183 tamen
555 2126 662 2201 postea
681 2121 805 2183 debebit
825 2122 985 2200 integrum
1005 2121 1229 2184 catechismum

138 2235 193 2294 pro
209 2214 300 2275 modo
317 2234 389 2277 suae
407 2214 634 2293 intelligentiae
649 2213 806 2294 gradatim
823 2212 990 2275 addiscere.

180 2306 243 2368 lll.
269 2307 416 2385 Cognitio
440 2304 601 2384 religionis
623 2325 700 2384 (puae
725 2306 757 2365 in
780 2325 876 2385 puero
899 2306 1081 2384 requiritur,
1103 2312 1140 2367 nt
1164 2304 1228 2385 ipse

137 2399 176 2460 ad
197 2400 332 2480 primam
358 2397 618 2459 Connmmionem
644 2396 864 2458 convenienter
883 2418 914 2459 se
934 2403 1107 2479 praeparet,
1127 2418 1163 2459 ca
1183 2400 1229 2459 est

138 2513 198 2572 qua
223 2493 286 2571 ipse
309 2490 382 2552 fidei
407 2490 554 2568 mysteria
576 2488 747 2551 necessaria
770 2490 952 2553 necessitate
976 2489 1072 2551 medii
1095 2510 1151 2570 pro
1174 2509 1229 2549 suo

138 2591 230 2664 captu
257 2584 419 2664 percipiat,
446 2592 538 2661 atque
563 2581 805 2643 eucharisticum
832 2601 945 2661 panem
970 2603 989 2644 a
1014 2582 1173 2644 communi
1199 2587 1230 2644 et

137 2677 290 2756 corporali
313 2676 499 2754 distinguat,
522 2680 557 2736 ut
579 2694 614 2735 ea
637 2673 800 2736 devotione
821 2694 914 2755 quam
938 2675 1037 2755 ipsius
1060 2676 1123 2739 tert
1145 2680 1229 2737 aetas

137 2770 175 2830 ad
199 2770 255 2830 SS.
279 2767 510 2829 Eucharistiam
531 2766 666 2828 accedat.

181 2862 237 2922 ll'.
263 2861 421 2939 Obligatio
439 2860 596 2940 praecepti
615 2858 829 2922 Confessionis
846 2866 878 2924 et
896 2860 1135 2922 Communionis
1153 2879 1230 2940 quae

137 2975 268 3034 puerum
296 2955 416 3032 gravat,
444 2953 476 3012 in
504 2971 555 3013 eos
582 2951 747 3031 praecipue
774 2950 885 3015 recidit
912 2954 966 3033 qui
996 2954 1094 3035 ipsius
1121 2973 1229 3016 curam

139 3047 249 3109 habero
264 3046 387 3119 (tolient,
402 3045 459 3106 hoc
472 3049 519 3106 est
535 3045 567 3104 in
583 3050 736 3123 parentes
753 3045 785 3105 in
801 3043 1036 3121 confessarium,
1054 3047 1085 3107 in
1103 3046 1229 3107 institn-

140 3149 220 3200 torcs
237 3143 268 3200 ot
287 3139 318 3198 in
337 3137 517 3217 parochum.
557 3136 606 3196 nd
625 3142 746 3216 patrem
764 3156 845 3215 vero,
862 3137 973 3201 autad
991 3139 1061 3200 illos
1079 3139 1132 3218 qni
1150 3137 1230 3199 vices

139 3232 207 3309 ejus
225 3235 349 3309 gerunt,
369 3230 459 3291 etad
479 3228 705 3290 confessarium
725 3229 896 3291 secundum
917 3230 1149 3293 Catechismum
1171 3233 1230 3293 Ro-

139 3343 278 3396 manum,
302 3322 439 3401 pertinet
462 3320 628 3383 admittere
652 3340 785 3400 puemm
806 3323 845 3383 ad
870 3323 1005 3401 primam
1029 3323 1230 3385 Communio·

140 3435 220 3476 nem.

182 3508 220 3569 l'.
246 3506 347 3569 Semel
365 3510 418 3567 ant
435 3506 553 3585 pluries
569 3506 600 3566 in
618 3526 701 3569 anno
715 3511 825 3568 curent
841 3507 969 3587 parochi
986 3506 1122 3570 indicere
1139 3513 1231 3588 atque

139 3600 250 3662 habore
272 3597 533 3660 Cornmunionem
553 3596 730 3678 generalem
750 3618 929 3678 puerorum,
949 3600 988 3661 ad
1009 3619 1147 3679 eamque,
1168 3620 1230 3662 non

140 3692 231 3755 modo
247 3690 420 3755 novensiles
435 3690 612 3764 admittere,
627 3690 680 3754 sed
696 3691 792 3754 etiam
807 3690 895 3766 alios,
910 3692 964 3770 qui
978 3696 1144 3771 parentum
1160 3713 1231 3755 con·

141 3785 300 3846 tessariire
320 3802 481 3857 consensu,
501 3787 648 3863 utsupra
669 3783 788 3845 dictum
809 3787 865 3859 est,
884 3785 949 3864 jam
970 3788 1063 3846 antea
1083 3786 1232 3865 primitus

140 3878 177 3939 de
198 3878 289 3938 altari
310 3882 417 3938 sancta
439 3877 586 3939 libarunt.
631 3875 693 3937 Pro
714 3876 854 3955 utrisque
874 3876 940 3938 dies
958 3877 1078 3957 aliquot
1099 3879 1231 3940 instruc-

141 3971 235 4033 tionis
256 3978 284 4033 et
308 3967 555 4049 piraeparationis
576 3967 829 4048 praemittantur.

181 4063 240 4125 l'l.
260 4064 432 4124 Puerorum
448 4080 554 4122 curam
571 4059 757 4122 habentibus
771 4062 857 4123 omni
874 4060 980 4126 studio
995 4063 1170 4126 curandum
1187 4071 1231 4128 est

141 4162 175 4219 ut
195 4162 262 4238 post
284 4156 416 4236 primam
440 4153 701 4214 Pomnnmioncm
724 4150 817 4214 iidem
839 4155 928 4233 pueri
948 4155 987 4217 ad
1009 4176 1127 4218 sacram
1147 4177 1233 4219 men-

142 4273 203 4312 sam
227 4249 349 4326 saepius
369 4245 515 4307 accedant
537 4246 613 4306 etsi
636 4245 701 4306 ficri
724 4245 832 4325 possit,
852 4247 947 4309 etiam
969 4249 1118 4328 qtrotidie,
1139 4258 1229 4331 prout

142 4344 285 4403 (ln-istus
307 4340 400 4399 ‹losus
420 4343 448 4400 et
472 4343 571 4398 nister
594 4336 731 4399 Ecclesia
753 4338 942 4410 desiderant,
965 4347 1060 4422 utque
1082 4344 1113 4406 id
1137 4350 1232 4422 agant

140 4457 172 4495 oa
195 4431 291 4493 arriini
314 4432 476 4493 (locotione
496 4451 587 4510 (pruni
610 4431 682 4491 talis
705 4434 763 4493 lcrt
784 4440 877 4495 actas.
922 4433 1124 4496 Meminerinl
1146 4456 1232 4515 pruc-

142 4531 222 4588 tcrcu
247 4525 359 4610 quibus
381 4545 415 4585 oa
438 4544 511 4585 cura
533 4529 579 4586 cst
600 4524 820 4603 gravissimum
843 4547 904 4609 quo
928 4532 1075 4592 tenentur
1097 4529 1232 4594 officium
