2804 4890
345 706 399 762 Du
421 708 615 764 MINISTRO
639 710 682 763 IN
701 709 822 764 Missa
843 709 1025 767 PRIVATA.
1170 702 1230 763 115

533 1394 723 1472 CAPUT
751 1396 828 1473 VI.

223 1627 282 1683 DE
300 1628 403 1684 RITU
423 1628 709 1684 MINISTRANDI
730 1629 776 1683 IN
797 1631 922 1686 mssa
942 1631 1138 1689 PRIVATA.

594 1843 708 1914 ART.
735 1845 763 1915 Ι.

222 2041 273 2092 ΒΕ
292 2042 478 2093 MINISTRO
496 2044 540 2093 IN
558 2044 673 2094 Missa
691 2045 858 2095 PRIVATA
876 2046 901 2095 Α
921 2046 1137 2098 SACERDOTE

564 2138 794 2189 CELEBRATA.

177 2317 226 2381 7⁶.
250 2317 342 2380 Unus
366 2323 492 2382 tantum
517 2320 662 2382 minister
686 2340 742 2400 pro
767 2320 866 2385 Missa
890 2323 997 2384 stricte
1022 2322 1145 2403 privata
1169 2323 1223 2386 ad·

132 2412 287 2488 mittitur,
310 2413 362 2474 sed
386 2414 448 2475 duo
471 2413 612 2475 adhiberi
635 2419 767 2494 possunt
790 2420 917 2495 propter
941 2416 1225 2491 solemnitatem,—

132 2525 199 2567 non
217 2527 288 2570 vero
306 2512 433 2587 propter
451 2507 640 2587 dignitatem
660 2508 947 2589 Sacerdotis—pro
966 2509 1064 2571 Missa
1082 2507 1223 2590 parochi-

132 2600 177 2663 ali
202 2621 279 2680 quae
303 2600 369 2663 loco
393 2601 507 2662 Missae
531 2605 673 2663 cantatae
698 2601 904 2665 celebratur.¹
952 2603 1069 2666 Mulier
1091 2608 1223 2682 urgente

134 2695 319 2757 necessitate
342 2698 373 2757 et
397 2716 415 2757 a
439 2695 530 2774 longe
555 2696 740 2775 respondere
764 2701 876 2774 potest,
903 2696 1069 2758 Sacerdote
1093 2697 1161 2777 ipso
1185 2694 1223 2757 li-

134 2789 228 2850 brum
247 2788 455 2851 transferente
474 2797 505 2853 et
524 2789 583 2850 sibi
602 2790 712 2850 vinum
730 2794 762 2852 et
781 2809 894 2870 aquam
913 2790 1138 2865 ministrante,²
1158 2809 1223 2851 am·

134 2882 232 2962 pullis
257 2902 350 2962 supcr
376 2882 485 2944 Altare
513 2883 558 2943 rel
586 2883 691 2964 potius
717 2903 810 2964 super
836 2904 976 2947 mensam
1002 2883 1144 2964 proxime
1170 2882 1248 2951 ad-.

135 2982 272 3038 stantem
296 2976 416 3056 positis.

180 3070 379 3131 satianter
404 3069 625 3151 superpelliceo
651 3071 693 3133 sit
717 3070 849 3132 indutus
879 3071 1026 3150 (Buba),
1052 3069 1162 3134 saltem
1188 3071 1222 3133 in

135 3166 234 3229 Missa
254 3165 476 3227 com·entuali.³
520 3165 692 3244 Praeparat
713 3165 868 3246 ampullas
890 3166 955 3227 vini
976 3171 1008 3230 et
1029 3187 1136 3248 aquae,
1158 3170 1227 3243 etc,

133 3258 276 3322 accendit
312 3258 456 3321 candelas
492 3259 646 3339 incipiens
679 3279 697 3320 a
731 3264 820 3339 parte
857 3259 1041 3339 Epistolae.⁴
1096 3260 1227 3322 Assistit

136 3351 314 3413 Celebrauti
333 3352 517 3412 vestimenta
536 3350 691 3425 induenti,
708 3359 794 3411 stans
810 3351 848 3411 aab
865 3351 934 3428 ejus
951 3351 1097 3412 sinistris.
1111 3353 1123 3385 ⁶

179 3447 207 3504 3.
232 3443 397 3506 Sacerdote
419 3445 530 3505 vestito
551 3445 696 3505 minister
717 3444 815 3505 sumit
837 3444 964 3508 Missale
987 3444 1068 3524 quod
1091 3450 1223 3526 utraque

134 3558 232 3600 manu
254 3540 286 3600 in
308 3538 433 3618 angulis
455 3537 657 3600 interioribus
678 3541 784 3617 portat
804 3544 952 3616 apertura
973 3537 1013 3599 ad
1035 3557 1124 3600 suam
1146 3538 1222 3599 sini-

135 3637 233 3695 stram
260 3653 355 3706 verm,
380 3632 473 3693 simul
498 3651 568 3693 cum
595 3630 778 3694 Celebrantc
803 3631 896 3692 Cruci
923 3629 970 3693 vel
994 3631 1128 3711 imagini
1152 3650 1222 3711 pro

135 3726 268 3787 fundam
291 3727 494 3789 reverentiam
515 3724 602 3799 facit,
622 3725 660 3786 ad
682 3728 805 3804 portam
823 3724 982 3787 sacristiae
1002 3744 1115 3806 aquam
1134 3724 1222 3786 bene-

135 3820 251 3881 dictam
275 3820 378 3881 indice
401 3820 510 3882 dextro
532 3819 560 3881 ei
584 3817 675 3880 offert
697 3837 791 3897 eaque
815 3837 846 3880 se
869 3819 972 3898 ipsum
996 3818 1101 3898 signat
1109 3838 1118 3892 ;
1142 3837 1223 3879 cam-

134 3915 295 3994 panulam‚
321 3914 346 3974 si
374 3913 416 3974 ibi
443 3912 535 3985 adsit,
561 3912 676 3991 pulsat,
702 3916 795 3991 atque
820 3910 978 3992 praecedit
1007 3911 1223 3974 celebrantem

169 4104 232 4154 ¹D.
255 4104 330 4153 3059.
354 4105 377 4153 7.
703 4103 859 4167 pelliceum
891 4117 943 4151 non
972 4117 1035 4154 rero
1063 4101 1120 4152 alia
1148 4101 1224 4153 indu·

169 4180 232 4229 ²D.
249 4181 416 4237 suamet
434 4182 473 4230 18.
490 4181 559 4230 Mar.
578 4181 652 4240 1899,
704 4183 796 4229 menta
830 4179 967 4239 liturgica.
1003 4179 1043 4228 uti
1078 4177 1225 4242 cingulum,

132 4272 158 4307 n.
181 4257 257 4306 4015.
281 4258 304 4305 6.
704 4258 858 4317 moratam,
874 4254 1002 4319 birotum,
1019 4259 1070 4307 etc.

168 4333 281 4383 ³Decet
314 4340 341 4380 ut
371 4334 446 4396 pueri
476 4333 653 4383 inservientes
739 4331 803 4381 ⁴1).
828 4334 848 4380 l.
871 4331 934 4381 Feb.
958 4332 1033 4394 1907,
1054 4345 1080 4379 n.
1102 4329 1180 4388 4198.
1200 4331 1225 4388 9.

132 4424 214 4475 nuper
247 4415 335 4459 vestes
366 4411 517 4460 mundanas
547 4422 652 4472 semper
740 4408 840 4470 ³l'ide
863 4422 888 4455 n.
911 4408 953 4466 49.
976 4410 1000 4467 5,

133 4487 250 4542 induant
270 4489 370 4542 vestam
386 4486 498 4545 talarem
517 4489 544 4538 at
561 4499 652 4559 suuper:
