2804 4890
430 692 484 754 DE
506 695 638 755 ossssls
660 695 972 756 carduenosuu.
1204 691 1246 754 59

155 871 310 931 orationes
338 889 357 931 a
384 870 528 932 Rubricis
557 872 763 952 praescriptas
791 873 835 933 vel
866 873 1041 952 permissas,
1069 893 1132 936 non
1160 892 1242 935 com·

155 968 266 1043 putata
286 963 415 1027 collecta
436 965 599 1044 imperata,
620 969 652 1028 et
673 966 769 1029 etiam
792 967 867 1028 tunc
888 966 962 1027 addi
984 971 1096 1046 potest,
1118 966 1243 1046 quando

156 1058 220 1135 jam
244 1057 436 1137 praescripta
460 1058 502 1120 sit
525 1058 626 1120 oratio
650 1077 706 1140 pro
730 1058 808 1120 vivis
832 1064 864 1121 et
887 1059 1046 1122 defunctis
1071 1059 1116 1121 vel
1142 1059 1242 1122 oratio

156 1149 353 1213 Fideli-am.³²

196 1247 224 1306 6.
248 1243 418 1324 Sequentia
445 1244 577 1307 dicenda
605 1247 668 1308 est:
708 1246 758 1324 (a)
797 1245 837 1307 In
865 1246 1010 1308 omnibus
1038 1246 1143 1309 Missis
1171 1265 1242 1308 can-

156 1340 247 1412 tatis3
268 1338 321 1416 (b)
349 1337 482 1412 Quando
496 1358 559 1400 una
574 1341 699 1401 tanturn
714 1340 815 1402 oratio
830 1340 957 1403 dicitur.

196 1432 237 1494 In
256 1431 385 1511 reliquis
406 1432 512 1494 Missis
531 1433 577 1496 vel
598 1433 722 1494 recitari
743 1433 789 1495 vel
810 1435 916 1496 omitti
935 1438 1038 1515 potest
1056 1434 1096 1496 ad
1116 1434 1242 1497 libitum

156 1526 377 1588 celebrantis.⁸⁸

199 1624 225 1680 7.
250 1619 357 1693 Quoad
377 1625 505 1682 cautum
524 1619 555 1681 S.
576 1619 785 1700 Congregatio
802 1621 981 1696 declaravit,
999 1622 1067 1683 “vel
1086 1642 1148 1686 non
1166 1621 1242 1684 cele-

158 1713 289 1774 brandas
313 1713 424 1774 Missas
447 1712 688 1788 Defunctorum,
710 1714 757 1775 vel
779 1714 918 1776 cauenda
939 1735 1004 1778 esse
1026 1715 1142 1792 omnia,
1164 1734 1243 1797 quae

158 1807 363 1886 precationem
382 1806 525 1887 suffragii
543 1806 742 1887 respiciant.''
754 1808 780 1841 ³⁴

296 1980 330 2041 F.
352 1979 397 2043 ne
417 1979 617 2057 obligatione
636 1980 762 2043 Moendi
780 1981 893 2043 Missas
912 1982 949 2044 de
968 1982 1099 2062 Requie.

197 2107 245 2168 35.
270 2107 419 2169 Sacerdos
438 2114 562 2171 tenetur
578 2108 731 2171 celebrare
750 2109 878 2170 Missam
896 2111 934 2174 de
951 2111 1086 2192 Requie:

203 2206 252 2275 (o)
282 2204 315 2262 Si
356 2202 453 2263 Missa
489 2203 530 2263 sit
569 2203 733 2265 cantanda.
794 2203 944 2280 (Quarnlo
983 2205 1241 2268 Anniversarium

159 2295 324 2357 fundatum
343 2302 485 2357 occurrat
504 2297 535 2355 in
554 2296 605 2356 die
624 2296 784 2375 impedita,
802 2298 994 2376 anticipetur
1012 2298 1056 2358 vel
1077 2297 1244 2359 differatur

158 2390 189 2448 in
204 2390 336 2467 primam
349 2389 433 2450 diem
447 2409 510 2451 non
524 2388 725 2469 impeditam)
740 2409 749 2465 ;

203 2484 254 2559 (d)
284 2484 318 2543 Si
343 2502 399 2561 pro
424 2482 520 2543 Missa
545 2483 666 2562 priuata
690 2483 768 2544 dans
793 2485 986 2564 stipendium
1012 2490 1067 2548 aut
1092 2486 1243 2547 fundator

157 2595 295 2655 expresse
313 2576 442 2638 Missam
458 2576 497 2639 de
514 2576 631 2657 Requie
647 2576 890 2657 postulaverit.³³
934 2577 1051 2640 Diebus
1069 2579 1106 2640 ob
1125 2580 1242 2641 festum

156 2669 270 2749 duplex
293 2671 337 2730 vel
363 2669 457 2732 aliam
480 2691 603 2732 causam
628 2670 789 2751 impeditis
812 2672 930 2734 dicitur
954 2672 1050 2734 Missa
1073 2673 1111 2738 de
1135 2673 1243 2736 Officio

151 2764 335 2826 currente.⁸⁶
374 2763 414 2825 In
431 2764 537 2826 Missis
552 2764 591 2828 de
608 2764 689 2826 ieria
705 2765 753 2828 vel
772 2764 881 2845 vigilia
904 2767 951 2844 (n.
970 2769 1009 2828 33
1032 2768 1081 2845 (e)
1110 2767 1157 2847 (f)
1188 2767 1241 2846 (9)

160 2856 213 2933 (a)
233 2858 245 2933 )
268 2856 369 2920 oratio
388 2875 446 2938 pro
463 2856 623 2919 defunctis
641 2876 698 2936 pro
716 2856 829 2938 quibus
849 2857 946 2919 Missa
964 2859 1152 2939 applicatur,
1171 2858 1245 2921 addi

149 2948 280 3011 debet.⁸⁷

194 3040 282 3103 Alias
293 3041 389 3104 etiam
402 3042 435 3102 in
447 3040 644 3122 simplicibus
655 3045 686 3104 et
699 3039 956 3121 semiduplicibus
968 3062 1024 3122 per
1037 3043 1166 3104 Missam
1180 3041 1243 3104 diei

150 3134 337 3212 obligationi
356 3155 413 3214 pro
430 3134 589 3198 defunctis
606 3135 751 3197 satisfieri
770 3139 880 3216 potest.

196 3227 336 3306 Append
364 3227 391 3291 I.
418 3228 565 3308 Episcopi
592 3227 754 3290 Americae
780 3228 957 3291 foederatae
981 3229 1122 3309 gaudent
1147 3230 1243 3311 privi·

154 3321 251 3397 logio:
275 3321 483 3384 “Declaraudi
514 3321 748 3400 privilegiatum
778 3323 811 3382 in
840 3322 978 3402 qualibet
1008 3324 1145 3386 llcclesia
1178 3323 1242 3404 [vel

157 3415 301 3479 Oratorio
313 3413 453 3497 publico]
471 3435 544 3477 suae
558 3414 714 3477 Dioecesis
727 3434 828 3477 uuum
840 3415 960 3489 Altero,
973 3417 1143 3480 dummodo
1155 3416 1242 3478 aliud

157 3511 387 3577 privilegiatum
404 3531 465 3572 nou
482 3510 576 3586 adsit,
590 3532 647 3592 pro
662 3511 783 3573 cunctis
800 3511 913 3572 Missae
931 3511 1100 3572 Sacriticiis
1115 3531 1193 3591 quae
1210 3512 1242 3571 in

158 3604 259 3666 eodem
276 3604 380 3668 Altari
398 3604 637 3668 celebrabuntur
653 3625 671 3667 a
687 3623 870 3684 quocunque
888 3604 1076 3684 presbytero,
1093 3603 1244 3665 saeculari

160 3699 199 3759 rel
217 3699 357 3777 cujusvis
376 3698 505 3759 Ordinis
523 3697 691 3778 regulari.'’
740 3697 828 3776 (Fac.
847 3704 924 3760 extr.
945 3698 997 3776 (l.)

199 3792 241 3855 ll,
276 3793 316 3853 In
352 3791 500 3854 Ecclesiis
535 3792 589 3855 ur.
625 3792 705 3854 Min.
743 3792 776 3854 S.
812 3791 973 3854 Froncisci
1010 3792 1242 3872 Capacinorom

161 3884 262 3949 Altare
299 3887 403 3964 majus
440 3889 487 3948 est
524 3884 760 3966 privilegiatum
797 3885 937 3966 quotidie
974 3885 1008 3947 in
1047 3889 1243 3966 perpetuum.

162 3977 272 4043 Eodem
287 3980 453 4062 privilegio
465 3979 604 4059 gaudent
619 3978 792 4041 sacerdotes
805 3999 892 4042 senes
906 3983 936 4042 et
952 3979 1069 4040 infirmi
1086 3981 1118 4040 in
1132 3978 1244 4041 sacello

162 4073 355 4136 infirmariae.
401 4073 572 4153 Privilegio
587 4073 743 4154 personali
759 4072 898 4153 gaudent
914 4072 1087 4134 sacerdotes
1102 4071 1244 4150 ejusdem

191 4209 215 4242 ⁸²
235 4206 303 4255 Nor.
325 4205 408 4255 Rubr.
430 4205 464 4255 X.
485 4206 510 4255 5.
530 4208 559 4255 at
578 4203 611 4255 D.
634 4204 674 4254 12.
762 4209 788 4243 ³⁸
807 4204 840 4255 D.
866 4204 947 4267 1235;
975 4204 1041 4254 1238
1064 4208 1092 4256 et
1117 4203 1157 4254 13.
1180 4203 1247 4255 Juu.

159 4278 219 4331 Jun.
237 4281 312 4331 1912.
729 4281 804 4343 1899,
823 4295 849 4331 n.
867 4281 944 4330 4031.
962 4282 987 4331 4.

191 4362 216 4394 ⁸³
235 4356 267 4407 D.
284 4357 326 4406 30,
342 4356 408 4406 dun.
428 4355 504 4420 1896,
520 4372 546 4406 n.
563 4357 640 4407 3920.
762 4363 787 4396 ⁸¹
808 4357 876 4406 Nov,
895 4356 980 4408 Rubr.
999 4356 1034 4408 K
1053 4359 1069 4408 5
1076 4373 1084 4421 ς
1104 4359 1133 4406 et
1150 4355 1185 4410 D.
1207 4359 1247 4410 12.

191 4437 216 4471 ⁸⁴
235 4432 269 4482 D.
284 4432 361 4482 2959.
376 4432 400 4482 2.
726 4432 791 4486 Jun.
811 4432 886 4484 1912.

191 4513 216 4546 ⁸⁶
235 4508 267 4558 D.
284 4509 361 4558 2461.
