2804 4890
149 720 404 779 cousPEcTus
417 722 617 807 HOItARUM
630 723 922 780 CANONIGARUM
936 724 1152 783 sumemus.
1183 715 1245 781 373

192 887 263 956 230,
474 887 531 942 111.
570 888 722 940 FESTUM
742 888 934 941 SIMPLEX1

593 1050 790 1102 VESPEBAE

154 1166 192 1226 ut
217 1163 250 1226 in
277 1163 358 1228 festo
386 1164 565 1240 Ordinatio,
592 1165 645 1228 sed
673 1165 875 1246 Antiphonae
902 1169 1028 1229 tantum
1056 1166 1245 1230 inchoantur

154 1259 185 1318 et
201 1254 320 1319 dicitur
339 1255 534 1336 suffragium
551 1258 589 1319 de
606 1256 751 1320 omnibus
770 1257 895 1320 Sanctis
916 1258 1087 1341 (Tempore
1104 1256 1247 1320 Paschali

155 1348 417 1412 Commemoratio
433 1349 471 1412 de
489 1348 619 1429 Cruce).

546 1523 844 1576 COMPLETORIUM

157 1643 192 1702 ut
211 1638 245 1701 in
263 1637 345 1702 festo
364 1638 533 1701 ordinario
551 1638 572 1700 i.
592 1659 618 1701 e.
638 1638 676 1702 de
695 1638 776 1701 feria
793 1639 934 1702 currenti
952 1660 1025 1702 cum
1046 1640 1203 1703 Precibus.

577 1788 821 1842 MATUTINUM.

200 1908 227 1968 1.
250 1905 356 1968 Pater.
389 1902 464 1966 Ave.
502 1902 612 1967 Credo.
645 1901 781 1966 Domine
807 1904 890 1967 labia
914 1925 992 1971 mea.
1024 1905 1112 1972 Deus
1134 1906 1169 1970 ia
1191 1907 1246 1973 cd·

153 1998 321 2079 istoriam.

198 2093 226 2154 2.
249 2089 474 2154 Invitatorium
494 2093 525 2153 et
545 2087 695 2168 Hymnus
713 2089 752 2151 de
771 2089 853 2153 festo
877 2090 933 2171 (ex
953 2090 1042 2171 Coi).

196 2186 226 2248 3.
248 2183 391 2246 Unicum
414 2182 624 2244 Nocturnum.

203 2277 254 2358 (a)
281 2276 484 2357 Antiphonae
516 2279 548 2339 et
582 2274 701 2337 Psalmi
735 2275 834 2338 trium
867 2276 1102 2341 Nocturnorum
1138 2280 1246 2346 Feriae

155 2370 311 2434 currentis
333 2368 543 2432 continuatim
566 2368 740 2430 recitantur
760 2388 832 2430 cum
855 2369 958 2431 Versu
980 2371 1067 2432 tertii
1092 2369 1248 2433 Nocturni

161 2463 301 2542 (omissis
317 2461 468 2525 Versibus
485 2465 513 2524 l.
531 2465 563 2525 et
580 2463 608 2522 2.
627 2460 751 2541 Nost).

202 2557 255 2636 (b)
281 2557 380 2620 Pater
391 2558 504 2618 noster.
540 2553 705 2616 Absolutio
719 2554 811 2617 Feria
825 2557 854 2617 2.
866 2560 898 2618 et
912 2559 939 2617 5.
952 2556 1088 2631 Erarrdi,
1101 2558 1246 2623 Domine.

157 2650 249 2716 Feria
264 2653 293 2711 3.
310 2652 342 2713 et
360 2652 388 2710 6.
407 2647 513 2731 Ipsius
528 2646 638 2730 piatas.
679 2647 772 2711 Feria
789 2652 818 2710 4.
837 2652 869 2713 et
886 2647 957 2711 Sab.
974 2649 1002 2711 A
1021 2649 1164 2716 vinacia.

203 2745 252 2825 (c)
279 2743 373 2815 Jube,
391 2741 537 2814 Domine,
557 2739 734 2804 benedicere
754 2746 828 2804 ante
847 2743 987 2822 singulas
1006 2744 1245 2810 benedictiones.

157 2836 339 2903 Benedictio
354 2857 411 2919 pro
426 2855 547 2917 quaque
561 2834 704 2912 lectione,
720 2833 803 2897 scii:
825 2835 878 2915 (1)
897 2835 1038 2902 Ilionae.
1070 2837 1123 2919 (2)
1145 2837 1247 2920 Cujus

160 2930 225 3009 (vel
244 2930 385 3008 Quarum
405 2948 458 2991 scu
478 2928 636 3006 Quarum)
665 2926 718 3007 (3)
744 2927 798 2989 Ad
813 2925 1004 2993 societatem.

203 3022 258 3102 (d)
285 3022 448 3085 Lectiones
470 3025 497 3081 1.
519 3025 551 3083 et
571 3022 599 3081 2.
623 3039 695 3082 cum
717 3019 932 3100 Responsoriis
951 3020 991 3087 de
1014 3020 1179 3105 Scriptura
1199 3043 1247 3089 oc·

155 3120 311 3191 currente,
328 3114 420 3176 lectio
437 3117 466 3175 3.
484 3114 522 3176 de
541 3113 633 3175 Festo
656 3113 710 3190 (ex
727 3111 816 3192 eoi).

197 3207 280 3272 Iaoco
297 3209 325 3269 3.
343 3206 435 3287 Resp.
453 3205 572 3268 dicitur
589 3206 632 3268 Te
650 3204 763 3269 Deum.

623 3360 772 3411 LAUDES

156 3500 195 3559 ut
218 3496 252 3557 in
277 3493 370 3558 Festo
396 3492 574 3556 Ordinario.
600 3490 741 3553 Additur
768 3491 972 3574 suffragium.

401 3639 531 3704 sarna,
555 3640 703 3704 russin,
727 3638 859 3706 sexui,
882 3640 989 3695 norm

157 3767 195 3826 ut
216 3762 250 3824 in
271 3762 364 3826 Festo
387 3759 566 3823 Ordiuario.

199 3855 240 3918 In
259 3855 369 3918 Prima
386 3853 537 3916 dicuutur
556 3852 666 3915 Preces
687 3851 907 3918 Dominicales.

197 4038 269 4105 230,
427 4033 477 4085 IV.
522 4033 707 4085 OFFICIUM
729 4032 979 4092 DOMINICALE.

516 4198 663 4249 PRIMAE
677 4196 882 4252 VESPEBAE.

202 4327 229 4384 1.
275 4321 378 4384 Pater.
402 4318 476 4384 Ave.
499 4319 585 4382 Deus
607 4319 642 4381 in
663 4319 870 4399 adjutoriam.

201 4420 228 4477 2.
267 4414 468 4494 Antiphonae
490 4433 561 4474 curn
586 4412 720 4474 Psalmis
742 4412 781 4476 de
804 4413 939 4478 Sabbato
961 4436 998 4478 ex
1021 4416 1184 4483 Psalterio.

227 4560 238 4594 1
252 4552 354 4606 Eodem
373 4550 431 4606 fere
450 4551 529 4604 modo
547 4549 680 4603 recitatur
694 4549 818 4605 Officium
831 4552 864 4606 B.
877 4552 984 4607 Mariae
997 4554 1030 4607 V.
1043 4557 1071 4606 in
1083 4553 1217 4612 Saotero.
