2804 4890
160 678 221 741 518
471 683 525 738 DE
551 682 933 738 BENEIHCTIONIBUS.

200 853 230 910 4.
249 846 301 911 Ad
316 847 563 912 benedictionem
580 849 752 929 requiritur
767 847 944 930 praesentia
959 847 1088 914 moralis
1103 851 1153 913 rei
1168 848 1265 912 bene

159 941 318 1004 dicendae.
367 941 480 1016 Quarti
505 943 646 1021 requirit,
673 947 709 1004 ut
735 962 782 1003 res
806 940 1034 1003 benedicendae
1058 942 1124 1003 sint
1153 962 1264 1004 coram

160 1034 361 1098 benedicente
381 1035 465 1096 intra
485 1034 599 1114 viginti
619 1053 738 1115 passus,
758 1034 813 1095 alii
833 1034 946 1097 docent
967 1033 1105 1097 sufficere
1127 1036 1265 1115 propin-

159 1128 312 1208 quitatem
336 1128 450 1206 viginti
474 1133 530 1189 aut
553 1128 686 1206 triginta
709 1127 881 1207 passuum.³
928 1127 1021 1191 Certo
1042 1147 1106 1189 non
1131 1129 1264 1190 benedi-

160 1223 275 1282 cuntur
300 1240 358 1297 res,
384 1240 461 1302 quae
486 1221 520 1280 in
545 1220 674 1281 sacculis
700 1219 748 1297 vel
773 1219 829 1281 sub
855 1218 1050 1282 vestimentis
1075 1220 1264 1283 retinentur

159 1312 207 1375 vel
225 1313 308 1374 inter
325 1312 434 1394 populi
449 1313 624 1374 assistentis
643 1310 882 1375 multitudinem
901 1312 990 1393 quasi
1008 1311 1263 1390 absconduntur,

159 1408 213 1468 aut
238 1426 257 1468 a
281 1406 480 1468 benedicente
505 1424 561 1466 nec
586 1405 685 1467 videri
710 1424 766 1467 nec
790 1405 880 1468 inse
905 1410 961 1467 aut
985 1405 1046 1467 alio
1071 1406 1261 1468 continente

158 1498 317 1561 ordinario
337 1498 546 1562 demonstrari
566 1498 720 1578 possunt.⁴

230 1963 280 2017 DE
303 1964 525 2030 QUIBUSDAM
547 1965 896 2016 BENEDICTIONIBUS
920 1965 1177 2019 SPECIALIBUS.

197 2106 474 2172 miserentem
502 2130 598 2172 norae
627 2111 737 2171 Crucis
764 2112 798 2171 in
826 2109 947 2171 Rituali
976 2109 1135 2190 assignata
1163 2108 1259 2172 adhi-

156 2201 256 2263 benda
274 2205 324 2264 est
344 2201 444 2264 solurn
466 2223 522 2282 pro
545 2202 643 2264 Cruee
665 2203 731 2264 sine
753 2203 891 2280 imagine
914 2202 1082 2277 Crucifixi3
1101 2202 1182 2264 alias
1203 2224 1258 2265 su-

156 2295 268 2356 menda
286 2298 331 2356 est
348 2294 522 2357 benedictio
541 2295 584 2355 ibi
602 2313 730 2373 sequens
749 2315 805 2374 pro
823 2294 1014 2373 imaginibus
1031 2294 1109 2356 Jesu
1129 2294 1258 2358 Christi

155 2391 211 2450 cte.

197 2483 224 2541 2.
250 2481 357 2554 Quoad
388 2481 488 2541 sarias
518 2479 747 2541 benedictiones
778 2482 810 2541 in
841 2479 1023 2559 Appendice
1052 2479 1091 2541 ad
1124 2481 1257 2544 ltituulc

157 2574 243 2634 Rom.
268 2572 493 2635 attendendum
517 2579 573 2646 est,
597 2594 672 2633 rnnn
695 2593 732 2636 cn·
755 2573 880 2652 speciali
905 2579 1029 2635 tantum
1053 2572 1257 2653 delegatione

155 2666 254 2728 valide
275 2667 321 2727 rel
341 2667 425 2727 licite
443 2666 583 2727 adhiberi
603 2667 732 2745 possint,
752 2686 828 2725 nuni
848 2666 912 2727 sint
932 2667 1076 2745 propriae
1097 2667 1256 2744 regulari-

154 2758 210 2819 bus
238 2759 419 2824 Ordiuibus.
444 2779 520 2819 nuru
546 2759 609 2820 sint
637 2764 806 2820 reservatae
832 2779 944 2833 necue;
969 2763 999 2820 et
1025 2759 1049 2818 si
1076 2766 1256 2822 reservatae

154 2853 227 2917 sint.
246 2851 291 2912 rel
309 2873 344 2913 eu
361 2850 487 2929 speciali
506 2850 656 2912 facultate
675 2852 706 2910 S.
727 2850 815 2911 Sedis
833 2870 1002 2925 concessae,
1020 2849 1256 2913 attendendum

153 2949 209 3017 est,
229 2965 269 3004 an
291 2943 467 3023 requiratur
487 2944 612 3004 licentia
635 2941 796 3003 Ordiuarii
816 2963 868 3003 seu
891 2942 1048 3022 Episcopi,
1070 2944 1090 3005 i.
1112 2964 1138 3007 e.
1163 2943 1256 3007 illius

155 3036 309 3097 llioecesis
333 3036 364 3095 in
384 3055 444 3114 qua
464 3040 665 3114 peraguntur.

195 3132 222 3189 3.
247 3129 296 3188 nd
315 3127 538 3189 benedicendas
557 3129 680 3194 tss'ruccs.
699 3130 889 3189 rirrrnisrnata
908 3137 938 3192 ct
957 3130 1073 3190 rosaria
1091 3151 1145 3192 seu
1164 3153 1253 3194 coro-

152 3241 207 3282 nas
223 3241 293 3280 cunr
309 3220 518 3299 applicatione
536 3219 803 3295 irulnlgcntiarnm
821 3221 955 3284 “sufficit
972 3222 1101 3283 unicum
1120 3225 1254 3301 signum

153 3316 252 3375 crucis
284 3334 339 3392 pro
372 3312 513 3392 pluribus
546 3313 814 3374 benedictionibus
847 3321 939 3393 atque
971 3312 1252 3392 indulgentiarum

152 3406 386 3469 inlnexiouibus.
440 3406 479 3466 tn
511 3405 679 3466 declaratio
708 3427 769 3466 non
800 3407 987 3467 extendatur
1018 3407 1057 3468 ad
1088 3407 1251 3471 metallica

151 3501 342 3561 numismata
384 3497 597 3578 scapularibus
639 3497 907 3563 srrlrstitrrencla;”¹
949 3506 980 3561 at
1022 3519 1077 3578 pro
1120 3504 1253 3563 rosariis

152 3593 183 3656 S.
206 3592 364 3655 Dominici
385 3598 416 3654 et
437 3590 558 3653 coronis
579 3600 695 3671 septeni
719 3590 868 3651 Dolorum
892 3593 927 3653 B.
951 3592 993 3653 ll.
1016 3593 1054 3654 V.
1076 3594 1251 3672 peculiaris

151 3687 251 3746 fornia
270 3684 419 3746 seruanda
438 3685 507 3745 est.²
549 3682 715 3762 Scapulare
733 3703 848 3744 novum
868 3704 924 3764 pro
940 3685 1007 3762 jain
1024 3683 1136 3746 induto
1155 3685 1251 3751 bene·

150 3777 211 3840 dici
228 3798 291 3840 non
307 3777 405 3839 debet.

189 4002 218 4058 4.
241 3995 286 4060 De
306 3995 524 4059 benedictione
545 4000 577 4057 et
598 3996 755 4057 erectione
775 3996 954 4057 stationum
973 3995 1000 4056 S.
1023 3993 1103 4056 Viae
1123 3996 1249 4062 (trucis.

195 4139 246 4215 (a)
275 4138 438 4219 Episcopis
458 4140 608 4200 nostrisa
630 4140 660 4198 S.
684 4137 761 4202 Sede
781 4158 921 4200 concessa
942 4143 987 4202 est
1007 4137 1142 4202 facultas
1163 4142 1248 4204 “eri-

147 4232 240 4305 nendi
260 4233 291 4292 in
310 4231 384 4291 locis
401 4253 473 4289 suae
492 4231 656 4298 llioocesis,
676 4233 704 4291 in
726 4232 836 4309 quibus
855 4252 915 4291 non
935 4230 1039 4293 adsint
1059 4231 1122 4294 Pl‘.
1143 4233 1248 4296 Fran·

179 4354 244 4406 sps,
265 4355 293 4406 g,
316 4355 396 4420 saph,
754 4354 803 4404 18,
831 4356 928 4417 (nugs.
955 4356 981 4405 S.
1010 4354 1064 4405 on.
1096 4354 1183 4411 (Soet.
1215 4363 1250 4410 ‹a›

178 4430 241 4482 ane
259 4430 357 4493 aaran,
377 4431 432 4480 ni.
452 4433 509 4481 aaa.
720 4430 795 4488 ini.)
820 4434 859 4480 rs.
882 4432 948 4481 aian
971 4433 1045 4480 rarii.

752 4510 800 4557 ²8.
823 4507 849 4557 (¹.
874 4506 933 4557 lud.
957 4509 989 4557 29
1012 4508 1089 4558 Febr.
1114 4511 1191 4563 186⁴,
