2804 4890
174 651 236 710 230
370 660 424 715 DE
448 659 576 715 SENSU
600 660 784 714 LITERALI
808 661 858 715 ET
877 662 1064 718 MYSTICO.

561 1109 751 1186 CAPUT
780 1110 875 1188 XV.

210 1307 267 1363 DE
286 1307 419 1365 SENSU
438 1309 640 1365 LITERALI
662 1311 715 1364 ET
737 1310 927 1367 musuleo
948 1309 1226 1368 SINGULARUM

529 1396 722 1455 PARTIUM
743 1398 905 1454 MISSAE.

633 1588 748 1658 ΛΒΤ.
771 1587 801 1658 Ι.

419 1771 785 1823 ANIMADVERSIONES
811 1772 1014 1825 Puauvlau.

220 1927 289 1991 181.
314 1929 429 1991 Sensus
444 1929 576 1992 literalis
591 1931 623 1991 in
641 1930 738 1991 Missa
751 1934 798 1992 est
812 1934 881 1993 tum
896 1932 1059 1994 verborum
1075 1930 1265 2012 significatio

177 2041 255 2102 quae
274 2022 415 2102 proxime
434 2021 622 2099 intenditur,
644 2026 713 2084 tum
735 2021 816 2098 finis,
838 2024 872 2084 in
892 2043 985 2103 quem
1005 2024 1142 2087 actiones
1163 2043 1217 2086 seu
1238 2042 1262 2084 s.

54 2158 59 2168 ·
177 2116 257 2178 ritus
290 2116 441 2196 primario
474 2121 505 2178 et
538 2117 626 2196 quasi
660 2116 848 2179 naturaliter
882 2115 1079 2180 adhibentur.
1147 2117 1263 2179 Sensus

177 2212 328 2291 mysticus
348 2211 401 2273 ille
421 2218 478 2286 est,
498 2233 558 2291 quo
579 2212 651 2273 fidei
673 2214 821 2290 mysteria
842 2212 1069 2273 adumbrantur
1089 2217 1120 2274 et
1141 2233 1265 2273 morum

176 2304 363 2367 documenta
377 2305 590 2380 insinuantur,
606 2324 667 2384 quo
684 2303 858 2383 igitur—in
876 2305 932 2366 hae
949 2303 1263 2383 materia—redemp-

176 2399 273 2462 tionis
305 2400 460 2460 humanae
491 2399 677 2477 mysterium
708 2402 739 2459 et
772 2396 925 2478 passionis
958 2397 1088 2461 Domini
1121 2397 1264 2472 historia,

178 2496 265 2575 quasi
291 2502 441 2575 perpetua
465 2494 614 2573 allegoria
638 2493 804 2573 figuratur,
829 2512 924 2572 quare
948 2513 1056 2554 sensus
1081 2492 1266 2572 allegoricus

178 2589 330 2669 appellari
350 2589 449 2652 solet¹

221 2687 248 2745 2.
272 2682 369 2745 Missa
387 2682 542 2743 dividitur
560 2682 594 2743 in
613 2681 744 2743 Missam
763 2681 1066 2745 Catechumenorum
1084 2685 1116 2744 et
1135 2681 1267 2744 Missam

177 2776 328 2839 fidelium.

467 2947 493 3008 1.
537 2945 635 3008 Missa
657 2944 974 3008 catechumenorum:

227 3093 277 3171 (u)
306 3093 507 3172 Praeparatio
527 3097 599 3154 ante
620 3092 754 3172 gradum

227 3187 279 3265 (b)
314 3186 515 3266 Praeparatio
542 3185 581 3247 ad
610 3185 741 3246 Missam
768 3184 910 3246 fidelium
938 3184 972 3246 in
999 3183 1067 3266 ipso
1095 3183 1200 3247 Altari
1228 3186 1266 3248 ab

179 3280 321 3343 Introitu
337 3300 433 3360 usque
450 3280 489 3342 ad
508 3278 722 3343 Offertorium.

531 3449 576 3511 11.
619 3449 717 3510 Missa
738 3447 911 3510 maelium:

226 3598 277 3677 (a)
305 3597 353 3658 Ab
372 3596 540 3658 Offertorio
558 3614 654 3674 usque
672 3594 710 3656 ad
730 3593 889 3656 Cononem
907 3592 983 3656 excl.

226 3692 278 3770 (b)
307 3691 426 3765 Canon,
453 3691 472 3751 i.
498 3712 523 3753 e.
550 3709 567 3750 u
592 3688 728 3749 Sanctus
752 3686 828 3748 exet.
854 3707 950 3766 usque
976 3687 1015 3749 ad
1042 3687 1138 3749 Potor
1162 3690 1268 3751 noster

177 3788 254 3851 exul.

226 3881 275 3960 (c)
302 3881 330 3940 A
350 3879 446 3941 Potor
464 3882 569 3939 noster
587 3898 682 3956 usque
702 3877 739 3937 ao
761 3876 854 3937 finem
875 3876 996 3938 Missae.

218 3977 247 4036 3.
271 3972 424 4036 Consistit
446 3970 531 4034 euim
555 3969 651 4030 Missa
675 3968 814 4029 fidelium
838 3989 875 4029 ex
900 3968 1075 4042 Oblatioue,
1099 3968 1264 4030 Consecra-

178 4070 264 4132 tione
284 4072 315 4129 et
335 4065 573 4131 Communioue.
594 4085 663 4124 euru
687 4064 725 4124 iis
745 4084 822 4141 qum,
843 4064 892 4123 iris
913 4063 1055 4142 partibus
1076 4063 1266 4142 praecedunt

177 4169 209 4226 et
227 4183 305 4242 qrrae
322 4160 563 4238 subsequuntur.
604 4158 662 4217 “ln
683 4159 740 4218 iuu-
759 4155 982 4226 saerurmmioss'
1002 4157 1044 4216 ait
1068 4158 1099 4216 S.
1120 4157 1265 4220 'i'iroruas

177 4259 301 4321 “totum
323 4253 505 4333 mysterium
529 4258 652 4312 nostroe
673 4251 783 4312 ‚salutis
805 4249 1081 4328 emuprehemlitur
1108 4298 1114 4311 .
1148 4298 1155 4310 .
1183 4250 1265 4311 riute

176 4347 413 4415 celebrationem
447 4345 543 4422 hujus
577 4345 716 4421 ruysterii
751 4343 854 4422 primo
888 4341 1013 4422 quidem
1048 4340 1265 4424 praemittitur

659 4494 668 4527 ¹
689 4483 807 4538 Romsto.
