2804 4890
148 683 209 747 536
346 692 433 747 APP.
457 691 483 747 1.
526 692 768 746 MEMORITER
789 692 1033 748 REOITANDA.

185 861 237 921 Ad
256 860 524 942 Superpellieenm
547 860 687 924 Clericus
708 860 808 924 dicere
828 863 948 942 potest:
978 859 1082 925 Indue
1103 882 1166 938 me,
1190 860 1255 923 Do

151 955 246 1029 mine,
269 974 385 1019 novum
407 954 577 1030 hominem,
599 955 653 1034 qui
675 953 847 1016 secundum
870 953 974 1016 Deum
995 958 1119 1016 creatus
1143 958 1196 1018 est
1220 955 1255 1015 in

151 1047 277 1126 justitia
296 1051 327 1110 et
347 1047 513 1110 sanctitate
534 1046 684 1110 veritatis.
725 1046 836 1109 Arnen.

194 1137 274 1200 Ordo
299 1138 430 1200 Mssa:
466 1139 498 1202 S.
525 1139 567 1201 In
592 1139 719 1202 nomine
744 1138 850 1200 Patris
875 1145 907 1204 et
933 1138 1021 1216 Filii,
1046 1143 1079 1202 et
1107 1138 1257 1219 Spiritus

153 1232 273 1295 Sancti.
313 1232 425 1294 Arnen.

190 1324 222 1386 S.
246 1324 388 1388 introibo
413 1324 453 1387 ad
477 1323 576 1387 altare
601 1322 671 1387 Dei.

195 1417 240 1478 M.
262 1416 313 1478 Ad
335 1416 447 1493 Deum,
470 1417 524 1497 qni
545 1417 695 1481 laetificat
714 1418 912 1497 juventutem
933 1438 1044 1481 meam.

197 1508 368 1572 Sindica
392 1530 452 1586 me,
478 1508 572 1586 Deus,
597 1515 628 1572 et
652 1509 792 1574 discerne
816 1530 942 1572 causam
965 1530 1066 1573 meam
1091 1511 1130 1573 de
1157 1518 1258 1592 gente

153 1622 217 1664 non
238 1609 355 1678 sancta,
377 1603 414 1664 ab
434 1603 561 1666 homine
583 1603 690 1682 iniquo
711 1608 741 1666 et
762 1602 867 1667 doloso
886 1624 959 1667 erue
980 1624 1039 1666 me.

196 1695 240 1756 M.
264 1695 345 1769 Quia
371 1700 405 1756 tu
430 1716 462 1757 cs
485 1694 570 1758 Deus
595 1695 750 1757 fortitudo
775 1716 860 1758 mea:
886 1716 1054 1776 quarente
1080 1697 1259 1777 repulisti?

153 1791 184 1850 et
205 1807 299 1867 quare
319 1788 421 1849 tristia
441 1787 549 1850 incedo
570 1788 646 1849 (lum
667 1788 778 1868 affligit
799 1810 848 1852 me
871 1788 1040 1850 inimicus?

197 1880 229 1941 S.
252 1879 373 1942 Emitte
391 1880 491 1942 lucem
509 1885 597 1941 tuam
614 1886 644 1942 et
661 1881 824 1941 veritatem
841 1886 946 1943 tuam:
965 1882 1031 1962 ipsa
1048 1901 1098 1944 me
1113 1881 1259 1944 deduxe-

155 1978 230 2035 runt
253 1975 286 2034 et
307 1970 508 2035 adduxerunt
532 1972 566 2034 in
590 1976 727 2036 montem
751 1977 896 2035 sanctum
919 1978 1011 2037 tuum
1032 1978 1064 2036 et
1088 1975 1121 2035 in
1148 1975 1258 2038 taber-

154 2064 266 2127 nacula
288 2068 352 2128 tua.

196 2158 241 2221 M.
264 2157 306 2219 Et
329 2157 465 2219 introibo
487 2157 527 2220 ad
549 2157 647 2220 altare
668 2156 743 2220 Dei:
765 2158 804 2220 ad
826 2158 929 2221 Deum
950 2159 1005 2240 qui
1026 2158 1180 2223 laetificat
1202 2162 1257 2240 ju·

154 2254 314 2314 ventutem
341 2271 453 2313 nisam.

197 2343 229 2405 S.
253 2344 432 2406 Confitebor
463 2342 522 2404 tibi
552 2344 586 2403 in
617 2344 748 2417 cithara,
780 2342 875 2418 Deus,
907 2344 992 2407 Deus
1022 2363 1121 2419 meus,
1153 2364 1258 2425 quare

154 2438 256 2498 tristis
275 2457 317 2511 es,
336 2435 441 2498 anima
462 2436 553 2498 mea?
574 2440 605 2498 et
626 2454 720 2515 quare
740 2435 907 2498 conturbas
928 2435 999 2498 me?

198 2529 241 2592 M.
266 2529 363 2609 Spera
386 2530 420 2589 in
442 2527 517 2603 Deo,
539 2527 686 2607 quoniam
710 2528 810 2588 adhuc
832 2528 1001 2590 confitebor
1024 2529 1089 2591 illi:
1111 2530 1259 2595 salutare

156 2622 261 2683 vultus
276 2623 338 2684 mei
355 2626 387 2683 et
405 2621 489 2682 Deus
507 2641 603 2681 meus.

198 2714 230 2777 S.
254 2714 361 2777 Gloria
378 2714 467 2775 Patri
482 2718 513 2776 et
531 2713 623 2788 Fili0,
639 2718 669 2775 et
688 2712 824 2792 Spiritui
843 2713 966 2776 Sancte.

197 2807 240 2868 M.
266 2807 356 2869 Sicut
385 2811 452 2867 crat
484 2805 516 2866 in
548 2805 715 2884 principio,
745 2809 776 2867 et
805 2825 899 2881 nunc,
927 2810 961 2868 et
991 2825 1122 2888 semper,
1153 2813 1187 2871 et
1219 2810 1257 2871 in

155 2899 276 2961 saecula
294 2898 498 2961 saeculorum.
541 2897 653 2961 Amen.

199 2991 230 3053 S.
254 2990 396 3053 Introibo
418 2990 456 3051 nd
480 2990 578 3051 altare
600 2989 668 3052 Dei.

199 3083 243 3145 M.
265 3083 316 3144 Ad
341 3082 453 3158 Deum,
477 3084 529 3162 qni
554 3082 703 3144 laetificat
726 3084 923 3161 juventutem
947 3104 1058 3148 meam.

199 3176 231 3238 S.
254 3174 460 3254 AdJ'ntorium
485 3177 627 3236 nostrum
651 3176 834 3238 innomine
858 3176 996 3239 Domini.

199 3268 357 3331 Confiteor
386 3266 451 3327 Deo
482 3266 710 3345 omnipotenti,
739 3269 845 3329 beatae
876 3268 996 3332 Mariae
1025 3290 1148 3350 semper
1177 3272 1255 3335 Vir·

157 3363 235 3442 gini,
267 3361 356 3424 beato
389 3359 534 3421 Michacli
568 3359 774 3436 Arelrnngcl0‚
806 3361 896 3423 beato
925 3362 1043 3424 Joanni
1076 3364 1255 3444 Baptistae,

159 3455 283 3516 Sanctis
305 3453 464 3533 Apostolis
488 3454 581 3513 Petro
602 3456 633 3513 et
655 3452 763 3525 Paulo,
785 3454 930 3515 omnibus
954 3455 1088 3531 Sanctia,
1110 3462 1140 3519 et
1165 3457 1255 3520 vobis

159 3549 288 3609 fratrea:
312 3546 384 3626 quia
407 3546 528 3625 peccari
554 3545 649 3605 nimis
672 3546 871 3622 cogitatione,
894 3548 984 3608 serbo
1005 3554 1035 3611 et
1058 3567 1160 3628 opere.
1183 3571 1256 3614 mea

158 3642 259 3720 culpa,
282 3660 350 3701 mea
374 3637 476 3717 culpa,
502 3658 568 3698 mea
593 3638 729 3698 maxima
752 3639 853 3718 culpa.
900 3640 975 3703 ldeo
997 3660 1105 3721 precor
1127 3642 1254 3707 beatam

159 3733 293 3794 Mariam
315 3751 435 3810 semper
457 3729 633 3814 Virginem,
654 3730 779 3792 beatum
803 3731 986 3793 Miclmelem
1007 3733 1256 3814 Archangelum,

159 3827 282 3888 beatum
309 3825 466 3886 Joannem
494 3823 681 3902 Baptistam,
711 3822 841 3884 Sanctos
869 3823 1034 3903 Apostolos
1063 3826 1194 3890 Petrum
1223 3835 1254 3893 ct

161 3919 305 3987 Paulum,
323 3937 429 3978 omnes
451 3916 591 3988 Sanctos‚
611 3919 642 3977 et
662 3935 714 3975 vos
736 3914 859 3991 fratrea,
879 3936 967 3980 orare
987 3938 1043 3998 pro
1061 3940 1110 3982 me
1129 3921 1169 3982 ad
1190 3919 1256 3984 Do-

159 4012 281 4072 minum
303 4009 404 4072 Deum
426 4012 578 4069 nostrum.

202 4104 387 4165 Miscrcatnr
416 4102 510 4163 rostri
540 4101 737 4178 omnipotens
768 4100 861 4176 Dens,
889 4106 920 4164 et
949 4102 1087 4164 dimissis
1117 4109 1256 4184 peccatis

159 4197 279 4266 rostris,
298 4193 448 4275 perducat
467 4215 517 4254 ros
536 4193 574 4253 ael
595 4191 689 4253 sitam
708 4198 874 4257 aeternam.

202 4287 450 4366 indulgentiam,
481 4286 716 4353 absolutionem,
748 4291 777 4348 ct
810 4287 1022 4350 remissionem
1055 4296 1255 4369 pcccatorum

49 4417 54 4426 ι
161 4386 349 4449 nostrorum,
369 4378 487 4440 trilnmt
511 4377 597 4438 nobis
619 4380 816 4453 omnipotens
836 4383 867 4441 ot
888 4381 1064 4442 misericors
1087 4382 1256 4453 Dominus,

204 4474 235 4536 S.
259 4472 343 4535 Deus
365 4477 400 4533 tu
422 4489 586 4531 conversus
609 4468 779 4532 vivificabis
798 4491 862 4534 noa.
