2804 4890
172 619 233 682 228
276 629 330 685 DE
354 629 681 686 SIGNIFIOATIONE
704 632 1056 688 CAEREMONIARUM
1081 633 1174 688 COM.

220 809 247 865 5.
272 805 363 865 Oculi
386 803 549 868 elevantur
573 805 611 867 ad
636 807 756 867 coelum
786 806 967 883 (Crucem),

224 899 274 977 (a)
303 899 348 959 Ut
369 898 518 961 Sacerdos
537 898 698 961 Christum
719 900 879 974 imitetur3

223 991 275 1070 (b)
304 990 350 1053 Ut
367 991 481 1052 mentis
498 991 629 1053 elevatio
647 991 686 1053 ad
705 991 807 1053 Deum
824 992 1020 1073 exprimatur
1036 996 1067 1054 ct
1085 992 1264 1073 adjuvatur.

177 1085 248 1147 “Ad
268 1091 299 1149 te
319 1086 416 1149 levavi
437 1086 541 1148 oculos
560 1107 654 1162 meos,
674 1087 728 1167 qui
747 1087 869 1148 habitas
889 1088 921 1148 in
942 1087 1079 1150 coelis.''⁴

220 1183 248 1242 6.
269 1180 433 1242 Percussio
468 1179 604 1262 pectoris
639 1181 676 1243 fit
711 1182 803 1261 juxta
839 1182 1016 1262 exemplum
1051 1183 1212 1262 publicani
1248 1205 1267 1245 a

179 1273 315 1336 Domino
346 1274 476 1337 laudati.
530 1274 753 1337 “Pcrcutimus
783 1274 923 1356 peetuS‚''
954 1276 1000 1339 ait
1031 1276 1180 1338 Nicolaus
1212 1276 1265 1351 1.,⁶

171 1368 352 1448 “signantes
375 1367 529 1443 videlicet,
552 1369 633 1449 quod
657 1369 801 1449 nequiter
823 1369 954 1450 egimus,
978 1370 1142 1450 displicere
1163 1371 1263 1440 nobis,

173 1479 208 1520 ac
228 1458 296 1522 ideo
313 1464 480 1538 antequam
500 1459 585 1521 Dcus
604 1459 708 1534 feriat,
728 1460 759 1520 id
778 1481 834 1523 nos
852 1460 885 1521 in
905 1461 1089 1540 nobisipsis
1108 1461 1213 1535 ferire,
1231 1463 1262 1522 et

173 1558 341 1632 antequam
357 1553 437 1614 ultio
453 1555 592 1615 extrema
607 1553 722 1628 veniat,
738 1553 939 1615 commissum
955 1554 1151 1634 poenitentia
1166 1554 1262 1633 digna

174 1646 318 1727 punire.''
373 1647 510 1710 Proinde
544 1648 650 1710 omnia
683 1648 890 1729 complectens
923 1648 1088 1711 Cornelius
1120 1669 1138 1710 a
1172 1649 1262 1729 Lap.⁰

174 1741 299 1803 scribit:
320 1741 462 1805 “Tunsio
480 1741 624 1821 pectoris,

221 1835 272 1914 (a)
301 1835 486 1914 Symbolum
506 1840 554 1899 est
574 1835 778 1916 confessionis
799 1838 927 1916 pcccati,
948 1837 1029 1917 quod
1052 1837 1172 1900 scilicet
1191 1858 1263 1898 con·

175 1929 266 1991 fitens
286 1930 425 1992 fateatur
445 1931 564 2012 peccati
584 1931 633 1991 sui
654 1950 778 1992 eausam
800 1952 863 1993 non
884 1951 948 1993 esse
968 1930 1062 1993 aliam
1085 1950 1179 2011 quam
1200 1951 1262 2001 cor,

173 2025 349 2104 appetitum
371 2027 403 2086 et
423 2024 616 2087 voluntatem
637 2043 724 2087 suam
747 2025 781 2085 in
803 2029 925 2104 pectore
947 2025 1115 2099 latentem3

220 2118 272 2197 (b)
300 2117 419 2180 Eadem
444 2123 491 2180 est
514 2117 689 2197 symbolum
713 2116 922 2189 contritionis,
947 2118 1067 2180 indicat
1090 2119 1186 2194 enim,
1210 2140 1262 2180 cor

170 2230 236 2273 esse
252 2216 420 2273 contusum
436 2214 469 2273 et
485 2210 676 2287 contritum;

219 2306 268 2386 (e)
296 2305 416 2369 Eadem
437 2305 611 2386 symbolum
634 2310 682 2367 est
703 2307 927 2368 satisfactionis
950 2311 981 2368 et
1003 2306 1170 2381 vindictae,
1194 2327 1260 2386 per-

171 2400 253 2462 cutit
270 2401 355 2462 enim
374 2404 492 2481 peetus,
511 2400 645 2462 utillud
665 2421 753 2461 reum
772 2399 888 2479 affligat
907 2407 938 2463 et
957 2398 1098 2479 puniat.'’

216 2496 242 2554 7.
266 2492 431 2557 Convertit
460 2514 492 2556 se
525 2491 675 2555 Sacerdos
705 2492 744 2554 ad
774 2491 936 2573 populum,
967 2492 1073 2553 dicens
1104 2491 1260 2553 Dominus

168 2587 337 2661 arabissam,
353 2594 422 2664 eto,
434 2593 526 2669 atque
543 2609 614 2650 eum
631 2588 747 2668 populo
769 2589 841 2667 (per
858 2588 1056 2657 ministrum)
1079 2587 1259 2649 alternatim

171 2682 249 2755 orat,
275 2679 310 2740 1ο
338 2684 375 2742 ut
398 2679 596 2759 significetur
618 2679 695 2739 unio
719 2678 803 2740 inter
828 2677 1027 2747 Sacerdotem
1051 2682 1082 2738 ct
1108 2677 1257 2757 populum

170 2775 413 2854 participantem
430 2775 464 2836 in
480 2774 642 2847 sacrificio,
658 2775 696 2834 20
714 2777 752 2836 ut
767 2773 908 2835 fraterna
924 2772 1076 2834 charitate
1093 2777 1123 2834 et
1140 2774 1260 2834 nuituis

167 2868 309 2949 precibus
331 2869 515 2931 seinvicem
536 2868 697 2947 adjuvent,
718 2868 756 2928 3Ο
777 2870 816 2931 ut
836 2866 1012 2944 intimetur,
1033 2866 1186 2947 quomodo
1207 2886 1260 2948 po·

169 2959 273 3041 pulus‚
289 2959 371 3023 sieut
386 2980 459 3021 cum
477 2959 642 3020 Sacerdote
659 2958 785 3033 visibili,
803 2959 847 3020 ita
862 2978 932 3019 cum
951 2958 1076 3019 Christo
1094 2958 1259 3019 Sacerdote

170 3054 321 3117 invisibili
338 3055 527 3133 conjunctus
544 3053 593 3115 sit.
634 3054 738 3115 Octies
755 3054 912 3115 salutatur
929 3053 1062 3134 populus
1079 3073 1134 3133 per
1152 3052 1258 3114 Domi-

169 3168 229 3210 nus
255 3145 437 3209 vobiscum⁷
464 3151 494 3209 et
522 3145 688 3207 resalutat:
716 3144 758 3207 ut
786 3166 857 3207 cunr
882 3145 998 3225 spiritu
1025 3149 1078 3209 tuo
1105 3145 1147 3207 sit
1174 3144 1256 3207 idem

169 3242 349 3306 Dominus.l
386 3241 576 3322 Aptissimac
592 3241 813 3304 salutationes:
830 3240 893 3301 Ubi
911 3261 1015 3303 revera
1030 3240 1186 3301 Dominus
1202 3246 1258 3312 est,

169 3337 212 3398 ibi
233 3337 337 3417 gratia
358 3339 389 3398 et
412 3336 536 3411 veritas,
560 3335 604 3396 ibi
626 3335 792 3409 “charitas,
815 3334 977 3414 gaudium,
1000 3354 1071 3414 pax,
1094 3333 1258 3414 patientia,

164 3428 388 3512 benignitas,''⁹
405 3434 463 3493 etc.

210 3617 279 3681 130.
304 3617 419 3680 Oscula
432 3615 552 3678 Altaria
567 3616 650 3678 fiunt
663 3615 718 3678 “in
732 3616 858 3693 signum
874 3615 1082 3677 venerationis
1097 3619 1128 3676 et
1142 3615 1257 3675 amoris

167 3733 241 3793 erga
261 3712 434 3788 Christum,
455 3711 508 3792 qui
529 3730 584 3790 per
603 3710 712 3774 Altarc
732 3708 975 3789 designatur.''¹⁰
1017 3708 1256 3788 Antiquissimis

167 3807 359 3888 temporibus
379 3805 518 3868 osculum
540 3812 606 3866 erat
626 3804 752 3883 signum
771 3804 994 3877 observantiae,
1015 3804 1205 3865 reverentiae
1226 3808 1256 3864 ct

167 3902 291 3977 amoris,
324 3900 459 3963 officium
491 3900 666 3961 communis
698 3898 906 3960 salutationis.
961 3899 1029 3959 Mos
1061 3897 1254 3958 diulacorum

166 3998 259 4056 notus
291 4001 345 4058 est.
403 3993 558 4054 Dominus
594 3993 793 4072 reprehendit
829 3992 1007 4054 Simonem:
1042 3990 1186 4052 “Intravi
1222 3991 1254 4050 in

165 4086 292 4149 domurn
314 4092 413 4161 tuam,
434 4105 544 4165 aquam
568 4083 698 4163 pedibus
719 4084 796 4147 meis
816 4104 878 4145 non
901 4083 1016 4145 dedisti
1044 4132 1051 4144 .
1084 4130 1091 4144 .
1124 4130 1131 4144 .
1160 4081 1254 4143 Oscu-

200 4236 211 4267 ⁴
231 4229 275 4278 vn.
297 4230 354 4278 121.
772 4232 784 4263 ⁸
803 4228 818 4275 2
835 4227 903 4276 Tim.
920 4228 944 4285 4,
961 4227 1002 4275 22.

200 4312 211 4343 ⁵
232 4306 274 4355 Ad
294 4306 371 4354 t'ona.
392 4304 504 4367 Bulgar.
772 4303 861 4352 adal.
880 4305 905 4364 5,
922 4304 963 4351 22.

199 4382 263 4431 ⁰ln
285 4383 348 4431 Luc.
371 4383 410 4444 18,
432 4381 471 4430 13.
773 4384 798 4417 1⁰
816 4378 933 4429 Gavant.

199 4464 210 4497 ²
231 4459 304 4509 nuth
325 4459 349 4519 2,
370 4459 394 4507 4.
