2804 4890
144 635 204 700 264
343 648 396 703 DE
420 648 547 703 SENSU
571 645 756 701 LlTERALI
780 648 830 701 ΕΤ
853 644 1042 702 MYSTICO.

190 825 216 882 5.
241 821 330 883 'l'unc
346 819 462 882 salutat
477 820 629 899 populum
643 841 699 898 per
713 819 869 881 Dominus
883 820 1060 890 vobiscum·
1075 818 1235 897 aptissime

148 913 284 994 quidem,
301 934 373 974 nam
390 914 464 992 “qui
480 917 585 973 manet
602 913 634 972 in
651 933 700 973 100
714 918 745 973 01
760 933 816 990 ego
831 913 865 972 in
880 931 932 974 eo:
949 912 1000 973 hie
1015 911 1079 973 fert
1094 911 1236 972 fructum

147 1006 342 1068 10011010.”28

190 1102 217 1160 6.
241 1098 362 1161 Deinde
382 1099 419 1161 fit
439 1100 579 1162 dimissio
599 1099 706 1179 populi
728 1118 784 1178 per
802 1099 974 1160 formulam
992 1101 1042 1163 110
1062 1100 1162 1162 Missa
1180 1101 1236 1169 ast,

147 1192 168 1257 i.
204 1214 230 1257 0.
267 1193 386 1255 “Vobis
422 1193 507 1256 abire
544 1194 626 1268 lieet,
663 1213 736 1254 nam
773 1192 810 1256 fit
845 1194 939 1255 missa
976 1214 1030 1255 000
1064 1189 1236 1254 dimissio.'’

150 1287 322 1350 Christiani
343 1308 405 1348 non
425 1286 609 1348 recedebant
626 1308 643 1348 a
663 1286 729 1349 1000
749 1287 904 1362 sacrificii,
923 1287 985 1348 nisi
1004 1291 1131 1366 accepta
1149 1286 1238 1367 prius

148 1380 283 1443 abeundi
309 1381 446 1442 licentia.
501 1379 685 1459 “Ingressus
709 1400 741 1443 es
765 1381 799 1441 in
823 1379 1012 1455 Ecclesiam,
1037 1399 1076 1440 ne
1100 1400 1151 1442 eas
1174 1378 1238 1440 nisi

149 1472 379 1536 111101110110.”27
425 1473 465 1534 In
492 1472 779 1535 Constitutionibus
806 1472 914 1553 Apost.
942 1473 1075 1535 habetur
1100 1471 1238 1533 formula

149 1567 199 1630 lta
217 1569 251 1630 ia
267 1588 352 1647 paca.

192 1660 297 1721 Missis
330 1680 393 1723 non
426 1659 559 1736 festivis,
591 1661 774 1739 praesertim
807 1661 1093 1740 poenitentialibus,
1127 1680 1239 1740 nempe

150 1753 274 1836 quando
300 1774 364 1816 non
389 1754 507 1816 dicitur
535 1755 650 1826 Gloria,
676 1754 742 1816 loco
768 1755 864 1832 hujus
890 1754 1020 1817 festivae
1046 1753 1239 1815 dimissionis

150 1846 270 1911 dicitur
286 1847 513 1911 Benedicamas
531 1848 687 1920 Domina·
704 1849 782 1929 “pro
800 1848 932 1910 tristitia
951 1848 1099 1928 temporis
1118 1847 1239 1908 insinu-

150 1939 290 2003 anda.''²⁸
333 1939 395 2000 “In
418 1939 523 2001 Missis
546 1959 602 2020 1110
625 1940 783 2001 defunctis
806 1960 862 2020 pro
885 1940 1082 2003 conclusione
1104 1940 1239 2002 dicitur:

151 2035 358 2117 Requieacaat
375 2035 411 2097 10
427 2055 512 2117 pace,
528 2040 567 2097 01
584 2034 656 2095 finis
674 2035 770 2113 hujus
789 2035 903 2097 Missae
922 2034 1106 2115 respondeat
1123 2034 1240 2115 prinei·

152 2129 215 2210 pio,
232 2129 266 2190 in
283 2149 344 2210 quo
360 2127 404 2190 010
420 2132 548 2191 aeterna
563 2128 684 2209 requies
701 2127 938 2208 11001010101.”29

195 2222 257 2286 Ρο1
273 2223 444 2285 formulam
463 2222 529 2285 Dea
547 2223 665 2302 pretias
690 2223 848 2299 (“versum
869 2222 1070 2297 clusoriam,'’
1091 2243 1151 2302 quo
1170 2245 1241 2286 coo-

152 2318 327 2381 eladuatar
338 2336 445 2379 omnes
459 2335 579 2394 quoque
596 2314 700 2375 Horae
715 2315 897 2391 canonicae)
917 2335 1014 2394 usque
1029 2316 1067 2375 ad
1083 2315 1240 2376 saeculum

154 2411 214 2473 XI.
231 2411 329 2472 Missa
344 2410 521 2472 finiebatur.

197 2508 224 2567 ’1.
248 2505 361 2568 Postea
378 2504 487 2567 addita
506 2509 552 2566 est
570 2505 670 2567 oratio
689 2504 825 2575 Placeat,
844 2524 905 2583 qua
923 2504 1056 2565 breviter
1074 2504 1242 2583 petitiones

153 2598 193 2661 ad
216 2598 273 2660 SS.
296 2598 487 2659 Trinitatem
509 2597 767 2676 recapitulantur.

196 2695 225 2753 8.
248 2690 371 2753 Deinde
385 2690 569 2752 Benedictio
586 2691 688 2751 datur.
735 2691 883 2754 Sacerdos
899 2691 1056 2753 osculatus
1073 2691 1192 2765 Altare,
1207 2695 1243 2753 ut

154 2784 243 2866 quasi
259 2803 297 2847 011
312 2784 431 2846 Christi
448 2783 539 2846 corde
556 2784 803 2845 benedictionem
819 2784 955 2858 hauriat,
971 2785 1069 2846 oeulis
1086 2784 1243 2846 manibus-

154 2897 214 2958 que
237 2879 272 2939 in
293 2877 413 2940 eoelum
437 2877 577 2952 sublatis,
601 2881 637 2939 ut
660 2877 732 2939 inde
755 2877 1003 2939 benedictionem
1026 2879 1186 2958 suscipiat,
1210 2880 1243 2940 in

154 2971 283 3033 nomine
299 2970 356 3033 SS.
374 2969 543 3032 Trinitatis
558 2974 589 3032 et
604 2991 660 3051 per
674 2971 800 3050 signum
818 2971 927 3031 Crucis
942 2971 1072 3034 eandem
1088 2973 1122 3033 in
1139 2971 1244 3035 fideles

154 3063 300 3126 effundit.
328 3063 396 3138 Quo
408 3064 472 3125 ritu
486 3062 648 3124 Christum
662 3063 817 3138 imitatur,
830 3064 929 3143 quiin
942 3064 1062 3126 coelum
1076 3064 1244 3127 ascendens

155 3156 305 3221 “elevatis
319 3158 464 3219 manibus
479 3157 639 3219 benedixit
654 3156 767 3232 010,”80
783 3164 815 3221 et
830 3159 864 3219 in
880 3159 941 3220 fine
957 3159 1068 3220 muudi
1084 3160 1243 3222 benedicet

154 3251 279 3315 electis:
293 3250 430 3314 “Venite
447 3251 602 3314 benedicti
617 3250 830 3312 Ρο11101001.”
859 3251 978 3313 Altaria
993 3252 1134 3314 osculum
1149 3255 1243 3315 etiam

156 3348 354 3408 connectitur
379 3367 450 3408 cum
477 3345 616 3408 oratione
642 3346 778 3418 Placeat,
806 3367 898 3426 quam
924 3347 1098 3409 confirmat.
1144 3348 1246 3421 Quare

155 3440 299 3503 01101010
314 3441 419 3502 Missis
433 3440 654 3503 defunctorum
670 3440 819 3501 Sacerdos
833 3441 1125 3513 0000101011111010,
1139 3462 1245 3521 11110111-

157 3535 203 3598 vis
217 3535 249 3595 in
262 3536 301 3598 iis
313 3534 488 3597 benedictio
501 3534 676 3597 omittatur.
722 3533 760 3594 ln
773 3534 823 3594 his
838 3533 943 3594 Missis
956 3540 1062 3597 autem
1075 3537 1245 3602 omittitur.

155 3632 194 3691 111
212 3629 377 3702 indicetur,
396 3627 642 3689 benedictionem
663 3648 715 3687 scu
736 3627 859 3688 fruetus
878 3627 992 3688 Missae
1011 3630 1176 3708 praecipue
1195 3629 1245 3690 de-

157 3721 277 3784 functis
296 3723 456 3802 applicari.

199 3819 227 3877 9.
251 3815 462 3892 Evangelium
478 3815 506 3876 S.
525 3814 657 3877 loannis
676 3817 708 3877 in
726 3816 787 3878 sine
805 3816 1012 3897 subjungitur
1028 3839 1066 3878 ex
1082 3824 1246 3898 praecepto

159 3912 191 3972 S.
206 3911 255 3970 Pii
269 3910 307 3970 V.
327 3912 435 3985 (autea
449 3911 532 3971 enim
547 3929 582 3971 ex
596 3908 820 3969 consuetudine
833 3908 872 3970 ad
886 3901 1012 3970 libitum
1025 3910 1246 3983 recitabatur),

157 4007 195 4065 01
218 4003 376 4082 profunda
400 4004 548 4081 mysteria
573 4002 628 4063 SS.
655 4002 823 4064 'l‘rinitatis
847 4006 878 4064 01
903 4001 1145 4078 iucarnationis,
1170 4025 1246 4084 quae

158 4097 308 4170 continet,
322 4098 420 4158 menti
437 4097 678 4175 imprimantur:
693 4096 766 4174 quia
780 4116 935 4157 summam
950 4099 1091 4160 continet
1105 4100 1245 4159 omnium

158 4190 321 4264 bonorum,
336 4211 413 4269 quae
428 4209 483 4269 per
498 4188 616 4249 Christi
632 4189 818 4250 sacrificium
835 4191 1010 4270 accepimus
1025 4199 1056 4254 et
1072 4193 1105 4253 in
1122 4193 1247 4255 Christo

196 4332 221 4365 ²⁰
240 4328 284 4378 Jo.
304 4329 344 4390 15,
361 4329 385 4377 5.
768 4333 793 4364 ²⁹
812 4328 894 4378 Gabr.
915 4329 983 4380 Biel.

196 4410 221 4442 ²⁷
242 4404 268 4454 S.
286 4404 420 4467 chrysost
767 4408 793 4440 ⁸⁰
812 4404 876 4454 Luc.
896 4406 937 4454 24.

196 4486 222 4520 ²⁸
242 4481 415 4544 Mierologue.
