2804 4890
329 717 384 775 Ι)Ε
406 714 680 775 commumoni«)
703 715 753 773 ET
776 713 1059 774 ORATIONIBUS.
1183 705 1240 772 103

192 887 221 944 4.
244 882 336 945 Tunc
357 882 486 946 calicem
508 883 638 964 deponit
660 886 712 947 “et
735 886 869 964 extergit
891 905 924 948 os
948 888 979 946 et
1002 883 1129 946 calicem
1153 882 1239 963 puri-

153 975 322 1053 ficatorio,''
340 977 423 1058 quod
441 976 553 1058 pollice
571 981 659 1039 extra
676 997 809 1057 cuppam
828 983 860 1039 et
878 976 1007 1056 reliquis
1025 977 1136 1056 digitis
1154 975 1240 1039 inira

153 1090 287 1151 cuppam
300 1089 357 1152 per
369 1069 507 1133 fundum
521 1070 747 1147 circumducit3
763 1071 835 1133 dein
850 1070 913 1132 alia
927 1075 1016 1151 parte
1032 1069 1239 1151 purificatorii

152 1164 294 1228 nondum
306 1164 483 1228 madefacta
496 1164 625 1226 calicem
639 1164 779 1227 totaliter
793 1166 936 1243 extergit.

195 1262 224 1322 5.
246 1257 336 1334 “Quo
363 1258 447 1320 lacto
474 1257 725 1338 purificatorium
753 1257 895 1322 extendit
922 1277 1017 1338 super
1043 1257 1181 1332 calicem,
1209 1260 1241 1320 et

153 1350 305 1434 desuper’
318 1352 458 1415 cochlear
470 1371 612 1432 parvum,
625 1352 651 1413 si
664 1351 757 1426 adsit,
769 1357 801 1415 et
813 1372 910 1414 manu
922 1351 1052 1414 sinistra
1064 1351 1241 1431 “patenam,

153 1445 209 1509 ac''
235 1445 330 1508 simul
356 1465 453 1508 manu
479 1445 590 1508 dextra
616 1446 730 1524 “super
756 1449 902 1525 patenam
929 1464 1058 1525 parvam
1085 1444 1202 1525 pallam
1212 1442 1240 1505 :⁹³

154 1545 231 1602 tunc
253 1540 317 1620 (rel
333 1540 425 1619 juxta
441 1539 518 1603 alios
536 1539 644 1601 statim
662 1543 732 1618 post
749 1544 908 1619 sumptam
926 1538 1151 1617 ablutionem),
1170 1537 1242 1600 cali-

154 1653 220 1697 cem
234 1633 325 1715 ponit
339 1633 378 1696 ad
393 1653 491 1697 comu
506 1633 670 1712 Evangelii
692 1634 747 1712 (ne
764 1633 908 1694 minister
922 1653 994 1695 eum
1010 1632 1091 1696 libro
1106 1635 1242 1707 evertat3

156 1726 202 1791 vel
213 1729 306 1808 juxta
317 1726 395 1792 alios
406 1728 497 1808 ponit
508 1747 580 1791 eum
594 1726 633 1789 ad
647 1746 744 1788 cornu
758 1725 950 1806 Epistolae),
963 1725 1061 1806 plicat
1074 1725 1243 1805 corporale,

155 1821 220 1884 scil.
233 1822 322 1902 prius
334 1825 455 1901 partem
468 1820 667 1896 anteriorem,
680 1820 753 1884 dein
766 1820 980 1900 posteriorem,
993 1823 1068 1881 tunc
1081 1819 1243 1882 lateralem

155 1914 326 1991 sinistram,
342 1915 363 1976 i.
379 1933 405 1976 e.
422 1933 552 1978 acornu
570 1914 740 1994 Epistolae,
756 1918 787 1978 et
803 1913 936 1994 desuper
951 1917 1074 1993 partem
1090 1912 1244 1988 dextram,

157 2008 201 2072 ita
213 2012 250 2071 ut
263 2027 335 2088 pars
349 2007 404 2070 illa
417 2026 495 2088 quae
509 2007 630 2088 Corpus
645 2007 765 2068 Christi
779 2008 898 2086 attigit,
912 2026 1033 2086 semper
1046 2007 1088 2067 sit
1102 2007 1243 2080 interior,

156 2108 187 2164 et
200 2100 358 2182 corporale
372 2101 406 2162 in
419 2102 560 2182 sequenti
576 2101 673 2163 Missa
686 2101 794 2164 eadem
808 2101 963 2181 positione
977 2099 1178 2162 adhibeatur:
1193 2098 1245 2160 “et

156 2195 271 2275 plicato
291 2193 456 2275 corporali,
476 2195 557 2274 quod
583 2193 724 2274 [dextra]
751 2194 874 2275 reponit
895 2195 929 2255 in
950 2194 1086 2267 bursam,
1107 2191 1245 2271 cooperit

158 2289 283 2351 calicem
308 2288 386 2363 velo,
409 2293 441 2351 et
464 2288 590 2350 bursam
614 2288 746 2368 desuper
769 2286 880 2368 ponit''
905 2292 1037 2366 utraque
1062 2305 1169 2362 manu,
1193 2285 1246 2348 “et

159 2382 287 2446 collocat
301 2383 335 2445 in
350 2381 453 2445 medio
467 2381 598 2457 Altaris,
613 2385 650 2444 ut
665 2382 699 2443 in
713 2381 871 2462 principio
888 2379 1032 2442 Missae.’'
1045 2380 1072 2414 ¹⁹

597 2631 712 2701 ΛΒΤ.
737 2631 805 2703 ΧΙ.

159 2817 206 2869 ΒΕ
225 2817 482 2870 commumoni:
502 2817 549 2868 ΕΤ
569 2816 827 2936 0ΕῶἙέΟέὲὲΰὸ
847 2817 939 2869 POST
960 2817 1248 2871 COMMUNIONEM

200 3053 249 3115 aa.
269 3050 475 3115 “Celebrante
493 3050 669 3131 purificato,
688 3050 764 3112 dum
783 3049 911 3113 calicem
930 3052 1061 3116 collocat
1078 3053 1112 3114 in
1131 3051 1247 3128 Alteri,

161 3143 237 3207 liber
252 3145 390 3206 Missalis
406 3144 549 3207 defertur
565 3163 620 3224 per
635 3145 818 3206 ministrum
834 3145 873 3207 ad
890 3166 988 3209 cornu
1005 3146 1173 3226 Epistolae.
1198 3193 1205 3208 .
1234 3193 1241 3207 .

161 3236 281 3301 Deinde
304 3236 516 3301 Celebrans''¹
540 3238 659 3300 accedit
681 3237 721 3299 ad
745 3238 872 3314 librum,
895 3239 949 3300 ubi
973 3240 1080 3300 “stans
1103 3238 1247 3301 manibus

160 3329 298 3409 junctis''
317 3331 383 3394 alta
404 3351 475 3395 rooe
495 3330 594 3410 “legit
614 3331 842 3411 Antiphonem,
863 3352 940 3411 quae
961 3331 1079 3394 dicitur
1101 3324 1248 3394 Commii-

162 3426 230 3501 ni0;
250 3443 312 3506 qua
333 3424 422 3499 lecta,
441 3424 561 3503 junctis
582 3424 693 3486 itidem
714 3426 859 3486 manibus
879 3431 951 3489 ante
973 3430 1080 3507 pectus
1102 3426 1189 3489 vadit
1208 3424 1248 3489 ad

161 3519 298 3582 medium
316 3517 447 3593 Altaris,
463 3523 494 3583 et
512 3538 547 3580 eo
564 3517 713 3593 osculato,
731 3520 824 3582 vertit
842 3540 873 3582 se
890 3520 929 3581 ad
947 3518 1098 3600 populum
1116 3539 1134 3581 a
1153 3538 1248 3581 manu
1310 3578 1315 3587 ,

161 3613 287 3674 sinistra
303 3611 343 3674 ad
358 3611 512 3687 dextram,
528 3616 560 3674 et
574 3612 669 3674 dicit:
692 3612 848 3675 Dominus
863 3614 1032 3684 volucram,
1049 3619 1079 3675 et
1096 3632 1152 3693 per
1167 3632 1248 3675 eam·

160 3705 228 3768 dem
241 3707 323 3767 viam
337 3704 421 3768 redit
431 3704 471 3767 ad
485 3704 612 3780 librum,
624 3706 703 3767 dicit
717 3706 881 3769 Orationes
894 3711 964 3787 post
978 3706 1249 3780 Communionem,

161 3800 274 3863 eisdem
299 3798 402 3874 modo,
425 3818 557 3863 numero
579 3803 611 3862 et
634 3799 754 3874 ordine,
777 3804 814 3861 ut
837 3800 1056 3880 supradictae
1079 3804 1154 3863 sunt
1179 3798 1249 3864 Col-

161 3892 287 3956 lectae.''

202 3990 229 4048 2.
253 3986 395 4062 “Quibus
415 3984 547 4062 linitis,''
566 4007 638 4050 cum
657 3986 723 4049 suis
743 3986 994 4050 conclusionibus
1013 3992 1045 4053 et
1064 4008 1128 4050 non
1147 3991 1250 4067 antea,
1344 4033 1346 4037 -

162 4079 300 4144 “claudit
314 4078 452 4143 librum''
466 4081 521 4156 ita,
534 4084 572 4144 ut
584 4083 732 4162 apertura
745 4081 784 4143 ad
800 4081 939 4144 medium
954 4081 1074 4144 Altaris
1088 4082 1131 4144 sit
1144 4102 1250 4159 versa3

160 4173 185 4234 si
198 4194 268 4238 xero
280 4172 368 4237 aliud
382 4173 589 4255 Evangelium
602 4195 618 4238 e
631 4173 751 4237 Missali
764 4176 805 4236 sit
818 4173 995 4252 legendum.
1008 4174 1158 4255 relinquit
1171 4174 1251 4240 illud

162 4273 323 4349 apertum
345 4289 391 4347 ac,
412 4268 577 4335 deficiente
597 4269 755 4344 ministro,
778 4269 859 4335 illud
881 4271 989 4336 statim
1013 4270 1117 4336 defert
1137 4273 1176 4334 ut
1197 4292 1255 4354 pro

164 4361 264 4440 primo
284 4360 473 4442 Evangeli03
494 4363 545 4424 “et
563 4361 700 4441 jungeris
721 4382 832 4423 uranus
851 4370 924 4424 ante
945 4370 1063 4442 pectus,
1083 4364 1252 4425 revertitur

296 4506 643 4575 arcessamus.
869 4509 1074 4572 aaaron.
