2804 4890
160 661 221 721 402
305 670 360 723 DE
380 668 552 724 orrrcsss
576 669 653 724 VEL
676 667 812 723 FESTlS
827 648 1108 724 'spncmnrnus

160 842 235 912 tate,
255 837 437 918 integritate
458 836 603 916 fidelique
623 835 788 900 custodia*
810 835 848 898 Id
869 856 940 901 vero
960 836 1169 900 necessarium
1190 853 1254 895 non

161 934 207 993 est
225 949 282 1010 pro
302 927 464 1008 Reliquiis,
484 948 560 1008 quas
579 933 711 1003 constat,
730 927 841 990 saltem
859 949 914 1010 per
933 933 1027 992 testes
1040 927 1178 1004 idoneos,
1189 945 1255 990 esse

161 1023 194 1083 in
211 1022 351 1101 antiqua,
370 1021 570 1100 sexagenaria
588 1026 618 1083 et
637 1021 731 1096 ultra,
750 1022 886 1102 itemque
904 1021 1033 1102 pacifica
1052 1020 1170 1103 publici
1188 1019 1254 1082 cul-

159 1120 210 1177 tus
228 1115 437 1195 possessione3
457 1114 503 1175 vel
522 1115 547 1175 si
567 1120 679 1195 agatur
695 1114 733 1175 de
751 1115 889 1192 eorporis
906 1119 994 1195 parte
1014 1115 1047 1175 in
1066 1132 1127 1194 qua
1144 1132 1255 1193 passus

159 1213 206 1272 est
226 1208 358 1286 Martyr,
376 1207 402 1269 si
421 1213 541 1272 constet
559 1207 589 1269 ei
607 1207 774 1286 suffragari
794 1213 928 1269 veterem
947 1206 1170 1288 possessionem
1190 1224 1255 1268 non

160 1300 252 1365 modo
269 1301 373 1364 cultus
390 1299 443 1362 sed
461 1300 557 1362 etiam
576 1299 685 1362 Officii.
725 1300 768 1360 At
786 1301 838 1362 ubi
860 1300 1002 1380 lleliquia
1019 1297 1255 1379 qualiscumque

161 1395 198 1455 ab
216 1393 386 1456 Ordinatio
405 1393 451 1455 vel
469 1413 487 1455 a
506 1391 651 1454 Praelato
670 1391 819 1472 Regulari
837 1393 870 1454 in
889 1400 961 1455 actu
981 1391 1170 1454 visitationis
1189 1410 1255 1452 sus·

160 1486 320 1566 penditur,
340 1485 449 1547 statim
469 1485 507 1547 ab
527 1485 625 1548 officio
645 1490 676 1547 et
695 1484 783 1546 cultu
802 1484 986 1547 cessandum
1007 1486 1077 1547 est.⁶

202 1582 231 1641 4.
255 1577 302 1640 De
316 1578 372 1641 tali
390 1578 505 1641 Sancto
517 1577 652 1639 officium
667 1577 792 1641 recitari
806 1581 907 1658 potest
921 1599 939 1640 a
952 1577 1073 1641 clericis
1087 1577 1135 1639 illi
1150 1575 1255 1639 Eccle-

161 1672 224 1732 siae
245 1669 413 1750 adscriptis
434 1671 501 1731 sine
521 1670 583 1731 alia
603 1669 730 1732 lieentia
752 1670 784 1733 S.
807 1671 843 1732 R.
867 1671 901 1732 C.
922 1675 977 1734 aut
999 1669 1162 1733 Ordinarii
1185 1671 1256 1737 loci,

162 1763 254 1827 modo
268 1762 411 1842 Reliquis
425 1780 531 1824 omncs
544 1761 739 1824 conditiones
752 1762 872 1825 habeat.
908 1762 1053 1827 Officium
1069 1764 1104 1826 fit
1119 1763 1176 1825 sub
1190 1776 1256 1824 rrtu

162 1855 282 1936 duplici
299 1855 416 1918 minori
440 1855 519 1933 (nisi
540 1855 655 1916 Sancto
674 1854 768 1918 altior
788 1856 868 1917 ritus
886 1855 1013 1918 aliunde
1030 1856 1195 1928 debeatur)
1223 1857 1256 1915 in

161 1947 212 2012 die
227 1948 318 2024 festo,
334 1948 354 2009 i.
371 1968 397 2010 e.
414 1947 448 2008 in
464 1946 514 2009 die
531 1947 645 2023 obitus,
660 1947 721 2009 nisi
738 1946 819 2009 alius
833 1947 900 2010 dies
915 1968 970 2028 per
986 1945 1155 2010 Decretum
1171 1947 1256 2028 Apo·

161 2039 318 2116 stolicum‚
333 2044 390 2103 aut
407 2039 438 2102 S.
455 2040 491 2101 R.
507 2039 542 2101 Ο.
560 2039 606 2102 vel
624 2040 657 2100 in
672 2038 897 2120 Martyrologio
914 2041 1054 2102 Romano
1068 2040 1256 2120 assignetur.

205 2137 233 2194 5.
257 2131 390 2206 Quando
416 2132 561 2206 Sanctus,
587 2132 679 2210 eujus
707 2132 841 2211 insignis
868 2133 1011 2212 Reliquis
1037 2133 1177 2205 habetur,
1205 2133 1256 2194 de-

162 2223 311 2288 scribitur
331 2224 365 2286 in
386 2221 579 2286 Kalendario
600 2243 672 2286 eum
693 2224 765 2285 aliis
788 2224 898 2302 Sociis,
919 2245 1016 2304 quum
1039 2232 1145 2288 tamen
1167 2224 1257 2287 nulla

164 2319 245 2379 inter
269 2338 320 2380 eos
344 2318 515 2379 necessaria
538 2317 823 2395 consanguinitatis
847 2323 901 2380 aut
924 2316 1086 2380 affinitatis
1110 2318 1256 2380 intorces-

163 2412 239 2473 serit
261 2411 352 2484 ratio,
376 2431 437 2472 non
460 2414 507 2471 est
529 2408 698 2471 dicendum
722 2407 867 2472 Officium
889 2411 927 2473 de
950 2411 1095 2474 omnibus
1119 2413 1152 2472 in
1174 2432 1254 2474 cour-

165 2503 263 2579 muni,
288 2503 339 2565 sed
364 2503 557 2584 separatim.⁶

604 2735 719 2807 Aur.
744 2736 810 2807 VI.

220 2928 270 2979 DE
286 2927 451 2979 OFFICIIS
468 2927 594 2978 EXTRA
610 2928 816 2979 DIOECESIM
834 2928 907 2979 VEL
924 2927 1202 2979 MONASTERIUM

591 3021 828 3071 RECITANDIS.

206 3192 276 3255 aba.
305 3194 463 3274 Episcopi,
489 3193 639 3258 Canonici
666 3199 697 3257 et
723 3194 778 3256 alii
803 3194 896 3256 choro
921 3194 1074 3269 obstricti,
1099 3214 1135 3258 ac
1161 3195 1257 3257 Bene-

166 3287 278 3351 ficiarii
304 3288 347 3365 (si
366 3287 497 3351 istorum
520 3287 712 3350 Beneficium
733 3307 789 3368 pro
810 3286 905 3350 titulo
925 3287 1096 3350 Ecclesiam
1115 3289 1258 3355 habeat).

166 3401 286 3461 semper
305 3385 453 3443 tenentur
473 3380 511 3441 ad
532 3380 666 3443 officium
688 3382 831 3461 propriae
850 3379 1005 3443 Ecclesiae
1023 3383 1146 3445 etiamsi
1167 3403 1202 3445 ex
1223 3401 1259 3444 ea

166 3475 278 3536 absint.
323 3474 496 3553 Episcopus
517 3478 622 3536 tamen
644 3475 755 3553 potest,
778 3473 902 3552 (quando
924 3474 1079 3553 reperitur
1101 3476 1133 3534 in
1154 3472 1259 3553 aliquo

167 3587 239 3629 suae
257 3566 412 3628 llioecesis
429 3567 505 3640 loco,
523 3565 652 3626 recitare
668 3564 803 3627 officium
821 3565 952 3627 Patroni
969 3586 1021 3628 seu
1041 3564 1204 3635 Taulara,
1223 3566 1259 3626 de

167 3680 227 3740 quo
246 3659 360 3720 ibidem
380 3660 548 3731 recitatur,
566 3664 596 3720 et
615 3655 786 3719 Ecclesiam
803 3676 985 3719 consecrans
1002 3659 1097 3720 etiam
1116 3662 1148 3720 in
1168 3657 1259 3720 Dice-

168 3755 227 3816 eesi
245 3773 307 3814 non
324 3774 378 3814 sua
393 3751 529 3813 officium
546 3750 761 3816 Dedicationis
779 3751 950 3814 recitare.''¹

210 3849 237 3907 2.
262 3845 456 3908 Professores
476 3850 507 3908 et
528 3844 648 3906 alumni
673 3843 840 3906 Seminarii
863 3848 947 3925 sequi
969 3845 1083 3908 debent
1102 3844 1260 3907 Kalenda-

168 3942 251 4001 rinm
279 3938 434 4000 Ecclesiae
462 3938 520 4016 ipsi
550 3937 726 3998 Seminario
752 3936 898 4008 adnexae,
925 3940 1020 4000 etiam
1045 3941 1071 3999 si
1097 3941 1218 4019 regitur
1242 3958 1259 4000 a

169 4031 375 4109 Regularibna
401 4030 532 4110 speciale
559 4029 788 4092 Kalendarium
816 4030 1024 4093 habentibus.2

211 4130 239 4185 3.
264 4123 327 4185 Alii
351 4123 532 4185 Saeerdotes
551 4127 582 4184 et
602 4122 704 4183 clerici
725 4122 896 4185 saeculares
915 4124 953 4187 ad
979 4123 1078 4188 Horas
1098 4127 1262 4187 canonicas

204 4279 376 4330 ⁴Oar‹l‹·llini
402 4280 426 4327 in
449 4278 526 4328 Deer.
549 4278 625 4335 4542,
650 4280 689 4327 18.
776 4281 829 4331 ΙΙ),
849 4283 913 4340 827;
937 4284 1017 4338 1599ς
1039 4285 1115 4335 2390.
1134 4285 1163 4342 ,Ἲς
1185 4286 1259 4335 2682.

205 4355 267 4404 ⁵De
289 4355 386 4420 Carpo,
410 4354 480 4405 Bibl.
504 4355 544 4402 lit.
569 4353 607 4403 ll.
634 4356 689 4404 liiii.
741 4353 783 4404 46.

169 4448 201 4482 ex
220 4431 299 4484 Decr.
320 4431 346 4482 S.
367 4433 397 4482 R.
417 4431 444 4481 (l.
777 4430 831 4482 2Ι),
852 4432 892 4482 23,
913 4432 979 4482 Nor.
1002 4434 1077 4497 1906,
1094 4449 1119 4484 n.
1140 4435 1214 4483 4194,
1237 4439 1258 4482 tl.

203 4508 256 4562 ⁸1),
278 4510 319 4561 20,
341 4509 405 4562 Jnn.
427 4507 501 4562 1899.
522 4522 546 4556 n.
568 4507 643 4557 4037.
666 4507 688 4554 3.
