2804 4890
143 685 196 740 bu
206 685 301 740 RITU
314 684 523 739 CELEBRAN
528 683 571 737 DI
581 684 830 741 MATlllltIONll
845 686 1158 742 SACRAMENTUM.
1172 679 1233 741 485

594 942 708 1012 ART.
730 943 781 1013 H.

191 1125 240 1174 DE
258 1125 348 1175 RITU
367 1125 608 1175 CELEBRANDI
628 1126 866 1176 MATthlONlI
887 1126 1179 1177 SACRAMENTUM.

182 1294 251 1358 298.
275 1297 538 1360 “Matrimonium
557 1299 643 1359 omui
663 1306 801 1379 tempore
820 1299 962 1361 contrabi
981 1297 1102 1379 potest”
1122 1317 1233 1379 nempe

142 1410 195 1468 per
215 1391 312 1451 ritum
332 1391 384 1470 qui
405 1393 437 1452 in
459 1391 577 1452 ltituali
597 1392 685 1454 Rom.
706 1393 894 1453 continetur.
935 1392 1142 1471 Temporibus
1163 1412 1232 1452 vero

140 1483 306 1562 prohibitis
327 1484 456 1563 nuptiae
478 1483 604 1563 quidem
625 1484 773 1546 celebrari
794 1490 925 1565 possunt
947 1484 985 1548 de
1008 1484 1135 1547 licentia
1157 1483 1233 1564 Epi·

139 1575 234 1654 eropi,
252 1582 285 1637 at
303 1577 370 1638 sine
388 1576 595 1650 solemnitate,
615 1575 743 1656 ideoque
761 1576 928 1657 privatim3
944 1585 976 1641 et
994 1577 1117 1639 omissis
1136 1577 1233 1639 Missa

140 1680 170 1728 ct
190 1668 403 1731 benedictione
429 1669 612 1749 [nuptialil.
656 1670 764 1750 Neque
786 1670 895 1733 iisdem
918 1670 1120 1750 temporibus,
1142 1672 1232 1731 t‘om·

140 1762 322 1823 memoratio
354 1782 410 1841 pro
444 1763 572 1841 Sponsis
605 1763 671 1824 lieri
703 1768 806 1843 potest
836 1764 869 1824 in
900 1763 997 1825 Missa
1027 1764 1231 1825 occurrente.¹

140 1853 277 1933 Tempus
297 1855 437 1915 clausum
460 1855 616 1917 dicituro
640 1854 806 1917 llominica
830 1856 855 1917 l.
889 1855 1053 1918 Adventus
1074 1875 1171 1936 usque
1192 1854 1231 1917 ad

140 1945 223 2006 diem
243 1946 450 2026 Epiphaniae,
469 1953 500 2010 et
519 1967 536 2008 a
557 1949 638 2008 feria
658 1948 716 2010 IV.
737 1949 888 2011 Cinerum
908 1949 1062 2029 usquead
1085 1949 1234 2011 Octavam

142 2037 302 2099 Paschatis
330 2038 488 2100 inclusive.

182 2134 209 2191 t).
233 2130 414 2191 “Paroclms
432 2132 672 2194 Matrimonium
689 2132 901 2194 celebraturus
918 2135 951 2195 in
970 2135 1108 2197 Ecclesia
1127 2154 1232 2214 super·

139 2223 267 2303 pelliceo
292 2229 323 2285 et
350 2222 417 2284 alba
445 2222 524 2285 stola
553 2223 694 2299 indutus,
722 2223 863 2286 adhibito
891 2246 954 2289 uno
982 2227 1092 2288 saltem
1120 2226 1231 2290 clerico

141 2314 362 2395 superpelliceo
387 2317 505 2394 pariter
528 2315 650 2391 induto,
675 2317 728 2396 qui
752 2315 868 2378 librum
893 2323 924 2380 et
948 2338 1000 2379 ras
1024 2338 1121 2397 aquae
1144 2320 1232 2381 bene·

141 2408 241 2469 dictae
269 2428 341 2468 cum
369 2407 562 2487 ailspersorio
590 2407 721 2471 deferat.
747 2455 755 2469 .
789 2456 796 2470 .
824 2407 844 2436 ''
894 2410 948 2484 At,
975 2412 1023 2472 “si
1053 2410 1233 2472 immediate

140 2502 281 2580 sequitur
302 2500 409 2566 Missa.
429 2506 551 2580 practer
571 2501 672 2562 olbam
693 2507 723 2564 et
744 2503 855 2563 stolam
877 2503 1005 2565 inducre
1026 2503 1115 2566 debet
1137 2504 1231 2565 etiam

141 2591 343 2673 planetanr.'’²
390 2592 573 2671 lllanipulus
596 2614 689 2672 super
712 2594 814 2656 rtltari
838 2596 926 2675 prius
950 2596 1089 2675 ponitur,
1113 2617 1231 2657 necnon

140 2685 290 2765 pelvicula
310 2706 367 2766 pro
387 2684 504 2748 annulo
524 2704 672 2765 sponsae;
693 2704 786 2766 super
804 2692 916 2766 patena
936 2688 1016 2750 duae
1036 2689 1155 2754 hostiae
1175 2709 1233 2771 pro

141 2779 368 2840 t'ommunione
388 2779 597 2857 sponsorun1.³
629 2778 777 2851 Quamvis
798 2779 971 2842 benedictio
990 2780 1143 2861 nuptialis
1163 2781 1231 2842 dari

139 2871 246 2950 possit,
278 2870 336 2934 etsi
369 2870 474 2948 sponsi
507 2870 589 2931 infra
623 2872 702 2932 banc
734 2871 864 2932 Missum
896 2893 960 2934 non
989 2873 1231 2945 communicent,

140 2969 270 3026 “ciircut
305 2971 409 3025 tamen
446 2962 578 3024 Paroclri
613 2969 644 3026 et
678 2962 856 3025 aninmrum
892 2965 1036 3028 Rectores
1071 2966 1230 3029 adhortari

140 3056 244 3117 fideles
270 3061 435 3136 nupturos,
461 3060 496 3117 ut
521 3056 554 3116 in
580 3054 678 3116 Missa
705 3104 712 3116 .
747 3104 754 3116 .
782 3056 1058 3120 eonrnrunicent.'’⁴

182 3152 209 3209 3.
229 3149 386 3209 Paroclms
405 3153 477 3210 ante
496 3146 606 3210 Altare
624 3152 710 3209 stans
729 3149 760 3210 in
780 3148 883 3211 medio
901 3151 1091 3232 supperlanei
1111 3174 1143 3215 se
1161 3172 1232 3214 con-

140 3243 233 3301 vertit
251 3241 289 3301 nd
309 3240 470 3320 populum.
512 3241 624 3319 Sponsi
644 3240 859 3320 genuflectunt
879 3244 912 3304 in
930 3245 1128 3308 extremitate
1147 3250 1232 3309 ante·

140 3335 221 3396 riore
238 3331 439 3413 suppedanei,
459 3337 505 3396 vel
525 3352 618 3412 super
636 3333 736 3413 gradu
756 3335 914 3413 superiore
934 3335 1064 3404 Altaris.
1084 3359 1232 3418 sponsas

140 3426 277 3487 sinistris
300 3425 415 3504 sponsi.
461 3424 562 3486 Simul
587 3426 650 3487 duo
672 3429 766 3488 testes
788 3427 959 3489 consistent
983 3428 1114 3509 pedibus
1136 3449 1232 3510 prope

140 3520 290 3597 spon-os.l
344 3518 433 3579 Tunc
467 3516 624 3579 Parochus
656 3517 937 3581 “Exhortationem
967 3526 1039 3584 ante
1070 3522 1231 3583 matrimo-

141 3611 250 3672 nium*
269 3612 377 3691 lingua
397 3610 561 3671 vernacula
578 3630 615 3671 ex
634 3609 804 3688 appendice
823 3611 967 3692 Excerpt.
989 3613 1125 3676 Ilitualis
1143 3615 1231 3676 Rom.

140 3704 240 3779 locere
267 3707 378 3784 potest.

182 3802 209 3856 l.
228 3796 347 3858 Deinde
365 3797 534 3871 interroget
549 3801 716 3875 utrumque
732 3795 919 3874 singillatim
936 3799 1058 3877 vulgari
1074 3820 1232 3862 sermone:

141 3890 182 3951 N.
206 3889 249 3949 ris
268 3888 406 3968 occipere
426 3888 468 3950 N.
489 3889 561 3951 etc.⁰

183 3983 257 4043 Post
276 3980 366 4042 rerba
385 3981 452 4061 Epo
470 3980 627 4062 conjvsupo
646 4002 699 4044 eos
717 3985 774 4043 etc.
795 3982 865 4043 “eos
884 3992 1026 4063 aspergat
1045 4006 1123 4065 aqua
1143 3986 1233 4048 bene·

175 4134 228 4184 11).
249 4135 290 4183 30.
311 4134 375 4184 Jun.
398 4135 472 4195 1896,
492 4150 517 4185 n.
538 4135 614 4184 3922.
634 4136 658 4184 6.
744 4135 858 4188 osona
886 4137 1013 4203 Excerpt.
1041 4140 1096 4191 Bit.
1125 4143 1156 4192 R.
1185 4143 1229 4193 ad·

177 4210 229 4260 2Ῐ),
253 4212 327 4260 fuss.
350 4211 373 4261 3,
708 4212 810 4261 duntur
837 4213 921 4263 rerba
949 4229 1017 4278 qrinc
1045 4231 1077 4264 ex
1109 4218 1230 4282 antiquis

176 4288 288 4338 ³lleiss.
309 4287 322 4347 t
345 4288 392 4343 titt:
416 4287 588 4344 ¹llrrrtinncci,
610 4287 659 4337 ll'.
708 4288 866 4338 Ritualibus
886 4290 1029 4355 ‹lesmnpta
1049 4297 1126 4342 sunt:
1150 4294 1173 4347 1.
1196 4294 1228 4345 N.

143 4364 182 4417 12.
207 4367 227 4413 l.
709 4364 772 4411 tole
800 4365 860 4415 abac
888 4367 935 4427 sor
962 4382 1005 4427 mp
1034 4368 1130 4432 luwsul
1156 4370 1229 4433 adse,

175 4440 229 4489 ⁴1).
251 4442 326 4490 3329.
705 4446 756 4492 cte.

176 4517 370 4573 eurinome,
392 4517 440 4567 ll'.
464 4520 501 4567 12.
