2804 4890
152 652 214 717 524
481 661 534 717 DE
558 658 911 717 PROCESSIONIBUS.

151 832 245 898 “solis
268 851 377 897 cursus
401 834 517 898 servari
542 831 678 895 solet.’'¹⁵
722 832 806 894 Dum
830 832 867 895 fit
889 828 1054 913 processio,
1076 831 1250 914 pulsantur

150 946 319 1007 campanae
335 925 501 1003 Ecclesiae,
516 928 608 1006 cujus
623 931 670 989 est
684 926 849 1006 processio,
863 931 896 989 et
910 925 1047 989 aliarum
1060 925 1154 1005 juxta
1170 943 1251 1005 quas

150 1019 313 1082 transitur.

193 1116 221 1174 5.
244 1111 481 1176 “Processiones
501 1113 590 1193 prius
610 1112 679 1174 fieri
699 1112 823 1189 debent,
844 1110 957 1175 deinde
979 1110 1077 1174 Missa
1098 1110 1250 1174 solemni·

151 1210 199 1269 ter
221 1204 380 1282 celebrari,
404 1205 466 1266 nisi
490 1205 583 1267 aliter
605 1205 642 1267 ob
666 1225 793 1285 gravem
815 1223 941 1266 causam
964 1202 1126 1268 interdum
1152 1202 1249 1265 Ordi-

150 1299 240 1361 nario
278 1296 326 1360 vel
366 1298 456 1362 Olero
492 1296 665 1361 videatur.'’
725 1298 764 1360 In
803 1297 1001 1361 solemnitate
1039 1302 1144 1363 tamen
1188 1297 1249 1361 SS.

152 1391 299 1473 Corporis
319 1390 438 1454 Christi
458 1390 645 1471 regulariter
664 1390 836 1454 “Sacerdos
855 1393 993 1473 primurn
1017 1393 1149 1455 Missam
1170 1391 1250 1455 cele

151 1485 228 1561 bret,
256 1486 290 1547 in
315 1504 376 1566 qua
401 1484 479 1548 duas
506 1485 623 1547 hostias
649 1484 837 1550 consecret.''
885 1486 992 1549 Etiam
1019 1485 1117 1548 Missa
1145 1485 1250 1566 Roga·

150 1577 274 1641 tionum
303 1582 376 1642 ante
404 1578 631 1659 processionem
658 1579 778 1640 cantari
806 1582 908 1659 potest
936 1598 993 1660 pro
1022 1577 1250 1641 commoditate

151 1669 299 1751 populi,¹⁶
320 1670 417 1735 etiam
440 1670 524 1733 infra
546 1670 774 1751 processionem
797 1671 945 1734 celebrari
967 1669 1204 1753 permittitur.¹²

593 1948 707 2019 ART.
732 1949 804 2020 ΠΙ.

206 2115 256 2166 ns
277 2113 531 2167 raoosssrous
553 2115 598 2164 m
618 2114 736 2166 rssro
756 2114 804 2166 ss.
826 2115 1006 2167 coaponrs
1026 2116 1190 2168 cnsrsrr.

192 2250 263 2314 324.
286 2250 458 2316 “Sacerdos
492 2252 632 2334 primum
664 2253 794 2314 Missam
828 2251 970 2328 celebret,
1004 2252 1038 2313 in
1071 2271 1132 2332 qua
1167 2250 1252 2313 duas

152 2346 269 2410 hostias
299 2352 466 2422 consecret,
498 2349 529 2410 et
564 2351 690 2425 sumpta
722 2362 796 2421 una,
830 2345 961 2407 alteram
996 2344 1031 2407 in
1064 2343 1251 2407 Ostensorio

153 2439 325 2519 reponat.''¹
372 2439 448 2501 Post
470 2440 681 2518 sumptionem
706 2440 804 2516 igitur
831 2438 1003 2517 Sanguinis
1029 2436 1251 2499 Subdiaconus

151 2532 279 2594 calicem
302 2531 385 2613 palla
409 2533 547 2611 cureperit
569 2540 599 2593 et
624 2533 737 2593 transit
762 2533 800 2594 ad
825 2529 998 2606 sinistram,
1023 2530 1183 2591 Diaconus
1208 2531 1249 2591 ad

151 2624 311 2686 dexteram
343 2623 545 2686 Celebrantis.
601 2625 870 2684 (¹aere1noniarius
901 2624 1108 2686 ostensorium
1141 2623 1249 2685 alieri.

153 2716 318 2779 Celebrans
343 2722 375 2780 et
400 2738 423 2778 s.
451 2717 591 2778 Ministri
618 2715 833 2796 genuflectunt
856 2728 887 2781 ct
917 2717 1074 2778 Diaconus
1101 2717 1251 2779 lunulam

152 2829 222 2871 cunr
244 2809 301 2871 SS.
322 2809 523 2871 sacramento
543 2811 632 2889 ponit
652 2811 684 2869 in
703 2810 884 2884 ostensuri),
902 2811 983 2890 quod
1004 2811 1037 2870 in
1057 2809 1162 2871 medio
1182 2831 1251 2872 eor-

151 2902 250 2981 porali
275 2921 379 2962 versus
401 2902 543 2981 ejusdem
566 2907 687 2982 partem
712 2903 914 2982 posteriorem
936 2901 1076 2964 collocat.
1122 2901 1250 2965 Iterant

150 2993 410 3074 genuflexionem,
433 3000 463 3056 et
489 3016 511 3055 s.
539 2994 680 3055 Ministri
706 3000 831 3056 nmtunt
857 2995 970 3071 locum,
993 3001 1026 3059 et
1050 2995 1149 3057 Missa
1175 3016 1250 3057 con-

151 3089 296 3148 tinuatur
320 3091 392 3149 ante
419 3085 660 3147 Sanctissimum
686 3089 885 3166 expositum.²

194 3182 221 3242 2.
246 3180 370 3241 Interea
407 3179 620 3254 “Sacerdotes
659 3179 791 3242 Diaroni
829 3189 859 3243 et
899 3180 1088 3243 Sululiaconi
1123 3182 1250 3260 possint

152 3272 281 3334 induere
296 3291 389 3353 super
406 3271 492 3335 albas
515 3271 597 3352 [sinc
616 3273 704 3334 stolis
721 3279 752 3335 ct
769 3273 956 3353 manipulis]
980 3273 1110 3349 casulas,
1125 3275 1250 3338 dalma-

151 3367 228 3427 ticas
262 3370 292 3428 et
329 3363 538 3427 tunicellas.''³
596 3365 768 3426 “t'‘rrrronici
805 3369 836 3429 ct
874 3365 1053 3444 Dignitatcs
1089 3366 1251 3431 Ecclesiae

152 3457 348 3521 (Jatlrodralis
370 3458 483 3520 debent
504 3457 646 3519 incedere
668 3458 763 3518 sacris
785 3457 941 3519 vestibus
965 3460 984 3521 i.
1007 3481 1032 3522 e.
1054 3459 1251 3540 pluvialibus

151 3552 280 3615 inauri!

194 3650 221 3707 a.
247 3647 320 3705 Post
345 3644 493 3705 ultiunrm
521 3644 725 3721 livarrgcliurn
753 3644 917 3705 l'clebrans
942 3665 1013 3706 cum
1039 3666 1060 3706 s.
1086 3645 1251 3708 Ministris

151 3737 333 3817 genuflectit
361 3738 392 3797 in
418 3736 614 3816 sirppuulaneo
640 3740 668 3795 at
697 3757 750 3815 per
775 3737 890 3813 grauius
917 3737 1059 3798 laterales
1084 3739 1248 3801 <lassemur

185 3874 261 3925 ¹⁵Dc
280 3874 377 3938 Herdt,
397 3875 452 3924 lIl.
472 3876 531 3924 319.
753 3874 806 3924 ³1).
826 3875 902 3924 2362.
924 3877 945 3925 l.

186 3957 210 3990 1⁶
221 3949 253 4002 D.
275 3950 351 4000 2319.
382 3951 496 4014 Reliqua
515 3950 608 4001 Duritia
628 3951 670 4000 20.
753 3949 808 4000 ⁴1).
844 3952 903 4000 458.
957 3951 992 4001 In
1023 3951 1249 4017 processionibus

185 4026 329 4090 ¹litterati.
718 4026 901 4090 theophoricis
939 4042 993 4078 non
1032 4027 1096 4080 licet
1134 4030 1250 4083 deferre

184 4103 315 4153 ¹Rituale
353 4104 427 4152 Rom.
502 4103 671 4165 “Attamen,
720 4101 852 4166 imagines
870 4103 902 4152 B.
921 4103 958 4152 M.
978 4103 1011 4153 V.
1030 4118 1062 4154 ae
1080 4102 1248 4159 Sanctorum

149 4179 236 4228 Missa
259 4183 286 4228 et
310 4179 445 4243 processio
469 4194 521 4227 non
548 4179 587 4227 ita
611 4193 670 4227 eon·
725 4177 771 4238 (l).
795 4179 816 4227 1.
838 4178 894 4228 Jul.
919 4180 993 4241 1898,
1014 4178 1046 4230 D.
1067 4180 1172 4247 3997);
1197 4198 1248 4235 nee

148 4268 233 4305 nexae
248 4258 321 4317 sunt,
336 4258 368 4304 ut
384 4254 519 4318 processio
535 4255 589 4304 alio
606 4259 669 4303 teni·
720 4252 907 4304 lustramenta
933 4255 1072 4304 Passionis
1098 4257 1141 4307 rel
1167 4259 1247 4311 alind

149 4345 214 4395 pore
243 4328 351 4379 institui
379 4344 432 4379 non
461 4330 585 4394 possit.''
632 4331 670 4377 lle
719 4336 927 4393 repraesentans
946 4331 1028 4393 liujus
1048 4333 1185 4395 llystcria
1203 4338 1247 4388 vel

149 4405 247 4467 fleuit,
274 4406 371 4455 Praxis
397 4405 502 4455 Pontis.
528 4405 583 4454 Ill.
612 4407 669 4454 229.
720 4407 878 4454 Sanctorum
900 4406 1036 4469 Martyria
1060 4408 1107 4469 (D.
1128 4411 1229 4475 2879).

184 4480 255 4532 euti
275 4497 301 4532 n.
322 4482 355 4530 96
375 4481 527 4548 exponitur.
