2804 4890
164 669 226 734 314
407 682 461 738 DE
484 683 603 739 naam
623 684 674 741 VI.
699 684 741 739 IN
766 684 1007 742 PARASCEVE.

167 854 322 919 tobaleam
346 854 497 931 Altaris,''
523 876 601 936 quae
627 857 776 919 hactenus
803 858 911 921 relicta
938 857 1043 920 fuerat
1068 860 1255 941 complicata

167 968 272 1010 versus
296 948 489 1012 candelabra.
534 950 733 1012 “Successive
755 950 909 1012 secundus
932 952 1063 1014 clericus
1086 961 1190 1033 portat
1212 955 1253 1018 ad

166 1040 276 1104 Altare
295 1042 421 1103 bursam
441 1063 511 1104 cum
532 1044 684 1122 corporali
707 1043 836 1119 incluso,
856 1052 887 1106 et
907 1064 1000 1125 super
1020 1067 1087 1108 eam
1109 1048 1253 1127 purifica·

166 1135 294 1210 tortum,
309 1139 341 1199 et
354 1135 489 1214 explicat
504 1136 672 1215 corporale,
688 1144 719 1198 et
735 1157 829 1217 prope
846 1137 925 1199 illud
942 1139 974 1199 in
991 1145 1079 1219 parte
1094 1141 1254 1221 Epistulae

165 1228 308 1292 extendit
332 1228 614 1308 purificatorium.'’
660 1229 830 1293 Deficiente
858 1252 927 1293 vem
952 1233 1074 1308 clerico,
1100 1234 1173 1296 haec
1198 1255 1254 1315 per

166 1321 383 1384 Celebrantem
405 1321 642 1401 perficiuntur,
682 1327 846 1403 postquam
890 1325 1021 1388 Crucem
1063 1327 1102 1388 ad
1144 1328 1254 1390 Altare

165 1415 346 1496 reportavit.

208 1508 357 1570 “Tertius
387 1507 518 1570 clericus
549 1509 679 1572 collocat
711 1509 837 1572 Missale
868 1531 940 1572 cum
972 1511 1057 1591 legili
1090 1514 1122 1574 in
1154 1532 1252 1574 cornu

166 1601 330 1681 Evangelii
348 1606 493 1681 apertum
512 1605 543 1663 et
561 1603 718 1665 inversum
737 1609 774 1665 ut
794 1604 826 1665 in
846 1603 975 1666 Missa.''

206 1693 392 1774 “Completa
434 1694 636 1756 adoratione'’
679 1700 709 1757 et
753 1696 935 1759 recitatione
980 1699 1253 1778 improperiorum,

165 1786 354 1850 “Celebrans
377 1787 550 1867 reportabit
573 1787 705 1851 Crucem
729 1789 767 1851 ad
792 1788 901 1851 Altare
925 1810 995 1851 cum
1020 1791 1133 1852 debitis
1156 1811 1252 1871 genu-

164 1879 382 1943 flexionibus.''
427 1879 482 1960 [In
504 1880 611 1943 Officio
631 1882 760 1943 solemni
782 1882 965 1962 Dicemus]

207 1972 376 2035 Descendit
391 1993 446 2053 per
459 1972 575 2053 gradus
591 1974 733 2037 laterales
748 1975 785 2035 ad
802 1996 973 2037 scamnum.
1019 1976 1153 2038 “Clerici
1169 1997 1253 2038 amo-

165 2070 238 2130 vent
258 2071 373 2147 tapete,
392 2066 540 2147 pulvinar
559 2087 594 2129 ac
615 2067 728 2143 velum,
748 2071 780 2129 et
800 2069 971 2148 apponitur
992 2069 1075 2149 ignis
1096 2070 1129 2130 in
1152 2069 1252 2132 thuri-

164 2159 269 2223 bulo.’'

207 2252 395 2316 “celebrans
422 2253 506 2333 apud
535 2252 701 2314 scabellum
730 2254 862 2315 resumit
890 2253 1058 2333 planetam,
1086 2260 1117 2317 et
1144 2259 1252 2334 aperto

164 2347 267 2428 capite
282 2346 402 2409 accedit
416 2351 489 2408 ante
503 2343 644 2407 Altare.'’

509 2564 543 2624 B.
572 2563 617 2625 Ile
635 2563 740 2625 Officio
758 2563 903 2625 Solemni.

205 2733 273 2795 194.
298 2733 474 2803 Celebrcaa,
489 2740 526 2796 ut
542 2735 574 2795 in
590 2733 729 2813 praeced.
761 2738 808 2807 (n.
827 2734 902 2806 191)
923 2734 1031 2812 paucis
1046 2735 1192 2814 exceptis,
1209 2735 1250 2795 ibi

164 2825 289 2887 notatis.

204 2918 363 2981 Diaconos
377 2922 406 2980 et
420 2917 637 2980 Subdiacoaus
651 2916 813 2996 completis
828 2916 1057 2977 lilonitionilms
1077 2918 1147 2994 (Or.
1163 2918 1250 2990 dit),

163 3017 194 3073 et
222 3010 435 3084 Orationibus,
461 3011 654 3072 comitantur
681 3009 895 3070 (violacium
925 3008 961 3069 ad
991 3028 1171 3082 scamnum;
1199 3009 1249 3071 ‹le-

163 3103 273 3185 positis
292 3103 426 3183 planetis
443 3103 595 3165 assistunt
614 3103 645 3162 in
664 3101 875 3163 denudatione
895 3100 1015 3175 Crucis,
1035 3101 1251 3162 Subdiaconus

163 3217 182 3258 a
210 3197 347 3257 sinistris
377 3197 457 3259 facie
486 3196 525 3257 ad
555 3195 707 3275 populum
737 3214 831 3255 versa.
883 3192 1051 3262 Diaconus,
1081 3196 1251 3256 comitante

163 3289 424 3364 Caeremoniario,
447 3290 605 3370 perlatus
628 3288 766 3349 ascendit
790 3287 827 3348 ad
852 3286 961 3349 Altam
983 3292 1024 3357 ct,
1048 3287 1130 3349 lacta
1153 3307 1249 3367 genu-

162 3383 304 3457 flexione,
324 3383 438 3462 accipit
457 3382 600 3456 Crucem,
620 3402 723 3460 (maru,
743 3380 841 3458 effigie
861 3380 898 3440 ud
920 3401 951 3440 se
970 3400 1126 3446 conversa.
1147 3380 1248 3440 dcicrt

161 3477 268 3539 eadem
283 3478 378 3539 viaet
395 3475 572 3538 Celebranti
590 3474 705 3548 tradit;
720 3495 751 3534 se
767 3473 850 3534 sistit
866 3494 883 3534 a
899 3473 1017 3535 clastris
1032 3474 1101 3547 cjus
1117 3492 1249 3551 emnque

161 3570 292 3649 adjuvat
317 3570 348 3631 in
373 3567 546 3649 detegenda
572 3567 689 3641 Crucc3
715 3565 985 3628 Caeremvmiarius
1010 3565 1128 3627 assistit
1154 3584 1249 3644 prope

162 3664 405 3726 Subdiaconum.

202 3761 229 3818 2.
255 3757 342 3817 Sacri
361 3755 503 3816 Ministri
521 3756 591 3834 post
608 3754 687 3815 Ecce
706 3753 825 3831 lipmvm
848 3751 957 3813 Crucis
975 3773 1046 3813 cum
1065 3754 1248 3815 Celebraute

159 3854 407 3932 prosequuntur:
427 3850 461 3910 in
482 3869 541 3928 qiio
561 3847 644 3907 soliis
666 3846 776 3907 nvavadi
796 3844 954 3926 pependit.
999 3846 1122 3907 “t'lmro
1141 3854 1246 3909 autam

158 3948 305 4006 cantante
325 3941 435 4003 l'aaite
450 3941 615 4002 adoramus
631 3958 736 4000 omnes
753 3958 784 3997 se
799 3942 1001 4017 prosternunt
1018 3946 1144 4017 excepto
1162 3939 1246 4000 Cele-

158 4035 299 4098 brante.''
344 4034 394 4095 lta
409 4053 466 4112 pm
481 4031 584 4112 prima
599 4032 663 4092 vice
680 4032 712 4090 in
728 4030 821 4109 plano
837 4030 874 4091 ad
892 4051 987 4092 cornu
1006 4031 1174 4110 Epistulae.
1191 4052 1246 4111 pro

159 4129 293 4190 secunda
311 4128 343 4188 in
359 4126 557 4205 suppedaneo
573 4123 610 4185 ad
629 4123 711 4183 latus
729 4122 897 4201 llpistolae,
913 4143 969 4201 pro
986 4125 1077 4185 tertia
1097 4126 1127 4185 in
1146 4123 1248 4184 madio

159 4223 295 4285 Altaris:
312 4226 387 4281 tunc
402 4218 532 4293 genibus
548 4217 635 4278 flexis
651 4216 831 4284 manebunt,
847 4216 943 4277 donec
960 4215 1136 4285 Celebmns
1152 4218 1245 4278 corni-

158 4322 244 4376 tante
261 4310 522 4379 Cacvenmniario
539 4312 669 4369 (¹ruccm
687 4309 717 4369 in
734 4309 857 4370 cussino
873 4308 1077 4371 collocaverit.

200 4410 225 4468 3.
252 4407 342 4466 'l'unc
363 4403 442 4464 sacri
466 4402 605 4462 Ministri
630 4421 699 4461 cum
725 4401 907 4463 detonante
930 4407 1074 4479 surgunt.
1096 4407 1137 4470 et.
1161 4403 1244 4465 sacta

149 4499 372 4577 genuflexione
396 4515 500 4557 vorsus
523 4496 665 4563 (bucam,
688 4494 737 4553 viu
760 4493 890 4555 breviori
915 4494 952 4554 ad
978 4516 1137 4557 scaunmm
1162 4517 1243 4557 acce·
