<?xml version="1.0" encoding="UTF-8"?>
<!DOCTYPE html PUBLIC "-//W3C//DTD XHTML 1.0 Transitional//EN"
    "http://www.w3.org/TR/xhtml1/DTD/xhtml1-transitional.dtd">
<html xmlns="http://www.w3.org/1999/xhtml" xml:lang="en" lang="en">
 <head>
  <title>
</title>
<meta http-equiv="Content-Type" content="text/html;charset=utf-8" />
  <meta name='ocr-system' content='tesseract 3.04.00' />
  <meta name='ocr-capabilities' content='ocr_page ocr_carea ocr_par ocr_line ocrx_word'/>
</head>
<body>
  <div class='ocr_page' id='page_1' title='image "./compendiumsacra00wapegoog_0552.png"; bbox 0 0 2804 4890; ppageno 0'>
   <div class='ocr_carea' id='block_1_1' title="bbox 475 1123 890 1207">
    <p class='ocr_par' dir='ltr' id='par_1_1' title="bbox 475 1123 890 1207">
     <span class='ocr_line' id='line_1_1' title="bbox 475 1123 890 1207; baseline 0.007 -3"><span class='ocrx_word' id='word_1_1' title='bbox 475 1123 809 1206; x_wconf 82' lang='lat' dir='ltr'>APPnanx</span> <span class='ocrx_word' id='word_1_2' title='bbox 846 1123 890 1207; x_wconf 93' lang='lat' dir='ltr'>I.</span> 
     </span>
    </p>
   </div>
   <div class='ocr_carea' id='block_1_2' title="bbox 558 1527 816 1606">
    <p class='ocr_par' dir='ltr' id='par_1_2' title="bbox 558 1527 816 1606">
     <span class='ocr_line' id='line_1_2' title="bbox 558 1527 816 1606; baseline 0.012 -3"><span class='ocrx_word' id='word_1_3' title='bbox 558 1527 748 1605; x_wconf 81' lang='lat' dir='ltr'><strong>CAPUT</strong></span> <span class='ocrx_word' id='word_1_4' title='bbox 781 1531 816 1606; x_wconf 88' lang='lat'>1.</span> 
     </span>
    </p>
   </div>
   <div class='ocr_carea' id='block_1_3' title="bbox 410 1712 946 1770">
    <p class='ocr_par' dir='ltr' id='par_1_3' title="bbox 410 1712 946 1770">
     <span class='ocr_line' id='line_1_3' title="bbox 410 1712 946 1770; baseline 0.006 -3"><span class='ocrx_word' id='word_1_5' title='bbox 410 1712 673 1768; x_wconf 78' lang='lat' dir='ltr'>MEMORITER</span> <span class='ocrx_word' id='word_1_6' title='bbox 691 1712 946 1770; x_wconf 76' lang='lat' dir='ltr'>RECITANDA.</span> 
     </span>
    </p>
   </div>
   <div class='ocr_carea' id='block_1_4' title="bbox 136 1880 1227 2036">
    <p class='ocr_par' dir='ltr' id='par_1_4' title="bbox 136 1880 1227 2036">
     <span class='ocr_line' id='line_1_4' title="bbox 176 1880 1227 1963; baseline 0.003 -22"><span class='ocrx_word' id='word_1_7' title='bbox 176 1880 216 1941; x_wconf 93' lang='lat' dir='ltr'>In</span> <span class='ocrx_word' id='word_1_8' title='bbox 239 1881 437 1944; x_wconf 89' lang='lat' dir='ltr'>commodum</span> <span class='ocrx_word' id='word_1_9' title='bbox 460 1884 598 1945; x_wconf 90' lang='lat' dir='ltr'>tironum</span> <span class='ocrx_word' id='word_1_10' title='bbox 622 1901 728 1963; x_wconf 81' lang='lat' dir='ltr'>preces</span> <span class='ocrx_word' id='word_1_11' title='bbox 749 1884 929 1945; x_wconf 83' lang='lat' dir='ltr'><strong>memoriter</strong></span> <span class='ocrx_word' id='word_1_12' title='bbox 950 1883 1093 1947; x_wconf 85' lang='lat' dir='ltr'>sciendae</span> <span class='ocrx_word' id='word_1_13' title='bbox 1115 1883 1167 1945; x_wconf 90' lang='lat' dir='ltr'>hic</span> <span class='ocrx_word' id='word_1_14' title='bbox 1189 1902 1227 1946; x_wconf 87' lang='lat' dir='ltr'>ex</span> 
     </span>
     <span class='ocr_line' id='line_1_5' title="bbox 136 1974 408 2036; baseline 0.007 -2"><span class='ocrx_word' id='word_1_15' title='bbox 136 1979 201 2035; x_wconf 89' lang='lat' dir='ltr'>toto</span> <span class='ocrx_word' id='word_1_16' title='bbox 218 1974 408 2036; x_wconf 82' lang='lat' dir='ltr'>referuntur.</span> 
     </span>
    </p>
   </div>
   <div class='ocr_carea' id='block_1_5' title="bbox 122 2157 1226 4446">
    <p class='ocr_par' dir='ltr' id='par_1_5' title="bbox 134 2157 1226 2424">
     <span class='ocr_line' id='line_1_6' title="bbox 175 2157 1225 2237; baseline 0.003 -20"><span class='ocrx_word' id='word_1_17' title='bbox 175 2157 245 2218; x_wconf 84' lang='lat'>332.</span> <span class='ocrx_word' id='word_1_18' title='bbox 269 2159 429 2230; x_wconf 74' lang='lat' dir='ltr'><em>Sacerdos,</em></span> <span class='ocrx_word' id='word_1_19' title='bbox 448 2180 517 2221; x_wconf 81' lang='lat' dir='ltr'>arua</span> <span class='ocrx_word' id='word_1_20' title='bbox 536 2162 618 2222; x_wconf 85' lang='lat' dir='ltr'>louet</span> <span class='ocrx_word' id='word_1_21' title='bbox 637 2181 757 2227; x_wconf 74' lang='lat' dir='ltr'>moeres,</span> <span class='ocrx_word' id='word_1_22' title='bbox 775 2160 869 2223; x_wconf 82' lang='lat' dir='ltr'>dicit:</span> <span class='ocrx_word' id='word_1_23' title='bbox 887 2162 945 2237; x_wconf 92' lang='lat' dir='ltr'>Da,</span> <span class='ocrx_word' id='word_1_24' title='bbox 965 2161 1109 2236; x_wconf 88' lang='lat' dir='ltr'>Domine,</span> <span class='ocrx_word' id='word_1_25' title='bbox 1127 2161 1225 2221; x_wconf 81' lang='lat' dir='ltr'>virtu·</span> 
     </span>
     <span class='ocr_line' id='line_1_7' title="bbox 134 2251 1226 2331; baseline 0.002 -20"><span class='ocrx_word' id='word_1_26' title='bbox 134 2256 196 2311; x_wconf 84' lang='lat' dir='ltr'>tem</span> <span class='ocrx_word' id='word_1_27' title='bbox 213 2251 357 2312; x_wconf 87' lang='lat' dir='ltr'>manibus</span> <span class='ocrx_word' id='word_1_28' title='bbox 373 2253 450 2313; x_wconf 89' lang='lat' dir='ltr'>meis</span> <span class='ocrx_word' id='word_1_29' title='bbox 466 2252 505 2312; x_wconf 87' lang='lat' dir='ltr'>ad</span> <span class='ocrx_word' id='word_1_30' title='bbox 522 2252 758 2331; x_wconf 83' lang='lat' dir='ltr'>abstergendam</span> <span class='ocrx_word' id='word_1_31' title='bbox 776 2273 898 2314; x_wconf 86' lang='lat' dir='ltr'>onrnem</span> <span class='ocrx_word' id='word_1_32' title='bbox 916 2255 1088 2314; x_wconf 87' lang='lat' dir='ltr'>maculam:</span> <span class='ocrx_word' id='word_1_33' title='bbox 1106 2258 1141 2315; x_wconf 93' lang='lat' dir='ltr'>ut</span> <span class='ocrx_word' id='word_1_34' title='bbox 1158 2253 1226 2313; x_wconf 93' lang='lat' dir='ltr'>sine</span> 
     </span>
     <span class='ocr_line' id='line_1_8' title="bbox 134 2343 1017 2424; baseline 0.003 -19"><span class='ocrx_word' id='word_1_35' title='bbox 134 2343 306 2422; x_wconf 82' lang='lat' dir='ltr'>pollutione</span> <span class='ocrx_word' id='word_1_36' title='bbox 327 2345 442 2405; x_wconf 89' lang='lat' dir='ltr'>mentis</span> <span class='ocrx_word' id='word_1_37' title='bbox 463 2350 494 2406; x_wconf 91' lang='lat' dir='ltr'>et</span> <span class='ocrx_word' id='word_1_38' title='bbox 516 2344 653 2424; x_wconf 89' lang='lat' dir='ltr'>corporis</span> <span class='ocrx_word' id='word_1_39' title='bbox 674 2344 792 2406; x_wconf 75' lang='lat' dir='ltr'>ualeam</span> <span class='ocrx_word' id='word_1_40' title='bbox 814 2346 872 2407; x_wconf 80' lang='lat' dir='ltr'>tibi</span> <span class='ocrx_word' id='word_1_41' title='bbox 893 2345 1017 2409; x_wconf 82' lang='lat' dir='ltr'>service.</span> 
     </span>
    </p>

    <p class='ocr_par' dir='ltr' id='par_1_6' title="bbox 131 2435 1225 2609">
     <span class='ocr_line' id='line_1_9' title="bbox 173 2435 1225 2517; baseline 0.003 -22"><span class='ocrx_word' id='word_1_42' title='bbox 173 2435 225 2495; x_wconf 87' lang='lat' dir='ltr'>Ad</span> <span class='ocrx_word' id='word_1_43' title='bbox 240 2436 419 2497; x_wconf 82' lang='lat' dir='ltr'>Araictum:</span> <span class='ocrx_word' id='word_1_44' title='bbox 447 2436 588 2517; x_wconf 90' lang='lat' dir='ltr'>Impone,</span> <span class='ocrx_word' id='word_1_45' title='bbox 607 2436 751 2512; x_wconf 92' lang='lat' dir='ltr'>Domine,</span> <span class='ocrx_word' id='word_1_46' title='bbox 769 2438 865 2517; x_wconf 90' lang='lat' dir='ltr'>capiti</span> <span class='ocrx_word' id='word_1_47' title='bbox 881 2457 949 2500; x_wconf 90' lang='lat' dir='ltr'>meo</span> <span class='ocrx_word' id='word_1_48' title='bbox 965 2436 1085 2517; x_wconf 87' lang='lat' dir='ltr'>galeam</span> <span class='ocrx_word' id='word_1_49' title='bbox 1104 2436 1225 2514; x_wconf 89' lang='lat' dir='ltr'>salutis,</span> 
     </span>
     <span class='ocr_line' id='line_1_10' title="bbox 131 2528 787 2609; baseline 0.005 -21"><span class='ocrx_word' id='word_1_50' title='bbox 131 2529 170 2589; x_wconf 90' lang='lat' dir='ltr'>ad</span> <span class='ocrx_word' id='word_1_51' title='bbox 195 2529 419 2609; x_wconf 78' lang='lat' dir='ltr'>expugnandos</span> <span class='ocrx_word' id='word_1_52' title='bbox 441 2528 610 2590; x_wconf 88' lang='lat' dir='ltr'>diabolicos</span> <span class='ocrx_word' id='word_1_53' title='bbox 634 2530 787 2591; x_wconf 88' lang='lat' dir='ltr'>incursus.</span> 
     </span>
    </p>

    <p class='ocr_par' dir='ltr' id='par_1_7' title="bbox 131 2621 1224 2796">
     <span class='ocr_line' id='line_1_11' title="bbox 172 2621 1224 2699; baseline 0.002 -18"><span class='ocrx_word' id='word_1_54' title='bbox 172 2622 224 2683; x_wconf 85' lang='lat' dir='ltr'>Ad</span> <span class='ocrx_word' id='word_1_55' title='bbox 243 2623 375 2683; x_wconf 81' lang='lat' dir='ltr'>Albam:</span> <span class='ocrx_word' id='word_1_56' title='bbox 406 2622 523 2684; x_wconf 88' lang='lat' dir='ltr'>Dealba</span> <span class='ocrx_word' id='word_1_57' title='bbox 542 2642 600 2697; x_wconf 91' lang='lat' dir='ltr'>me,</span> <span class='ocrx_word' id='word_1_58' title='bbox 620 2621 764 2699; x_wconf 89' lang='lat' dir='ltr'>Domine,</span> <span class='ocrx_word' id='word_1_59' title='bbox 786 2627 817 2685; x_wconf 92' lang='lat' dir='ltr'>et</span> <span class='ocrx_word' id='word_1_60' title='bbox 836 2624 954 2686; x_wconf 89' lang='lat' dir='ltr'>munda</span> <span class='ocrx_word' id='word_1_61' title='bbox 973 2644 1026 2686; x_wconf 89' lang='lat' dir='ltr'>cor</span> <span class='ocrx_word' id='word_1_62' title='bbox 1044 2642 1168 2699; x_wconf 90' lang='lat' dir='ltr'>meum;</span> <span class='ocrx_word' id='word_1_63' title='bbox 1187 2631 1224 2684; x_wconf 90' lang='lat' dir='ltr'>ut</span> 
     </span>
     <span class='ocr_line' id='line_1_12' title="bbox 131 2714 1160 2796; baseline 0.004 -22"><span class='ocrx_word' id='word_1_64' title='bbox 131 2714 165 2774; x_wconf 93' lang='lat' dir='ltr'>in</span> <span class='ocrx_word' id='word_1_65' title='bbox 183 2714 336 2794; x_wconf 85' lang='lat' dir='ltr'>sanguine</span> <span class='ocrx_word' id='word_1_66' title='bbox 352 2714 437 2793; x_wconf 86' lang='lat' dir='ltr'>Agni</span> <span class='ocrx_word' id='word_1_67' title='bbox 455 2714 626 2790; x_wconf 84' lang='lat' dir='ltr'>dealbatus,</span> <span class='ocrx_word' id='word_1_68' title='bbox 644 2714 769 2795; x_wconf 86' lang='lat' dir='ltr'>gaudiis</span> <span class='ocrx_word' id='word_1_69' title='bbox 788 2715 933 2796; x_wconf 81' lang='lat' dir='ltr'>perfruar</span> <span class='ocrx_word' id='word_1_70' title='bbox 951 2715 1160 2796; x_wconf 86' lang='lat' dir='ltr'>sempiternis.</span> 
     </span>
    </p>

    <p class='ocr_par' dir='ltr' id='par_1_8' title="bbox 129 2806 1223 3055">
     <span class='ocr_line' id='line_1_13' title="bbox 171 2806 1223 2890; baseline 0.001 -22"><span class='ocrx_word' id='word_1_71' title='bbox 171 2808 223 2869; x_wconf 86' lang='lat' dir='ltr'>Ad</span> <span class='ocrx_word' id='word_1_72' title='bbox 249 2807 439 2886; x_wconf 72' lang='lat' dir='ltr'>Cirrprelum:</span> <span class='ocrx_word' id='word_1_73' title='bbox 475 2807 645 2887; x_wconf 87' lang='lat' dir='ltr'>Praecinge</span> <span class='ocrx_word' id='word_1_74' title='bbox 670 2828 728 2884; x_wconf 92' lang='lat' dir='ltr'>me,</span> <span class='ocrx_word' id='word_1_75' title='bbox 754 2806 899 2883; x_wconf 90' lang='lat' dir='ltr'>Domine,</span> <span class='ocrx_word' id='word_1_76' title='bbox 923 2807 1049 2889; x_wconf 86' lang='lat' dir='ltr'>cingulo</span> <span class='ocrx_word' id='word_1_77' title='bbox 1073 2806 1223 2890; x_wconf 87' lang='lat' dir='ltr'>puritatis</span> 
     </span>
     <span class='ocr_line' id='line_1_14' title="bbox 129 2899 1222 2979; baseline -0.001 -18"><span class='ocrx_word' id='word_1_78' title='bbox 129 2904 160 2961; x_wconf 87' lang='lat' dir='ltr'>et</span> <span class='ocrx_word' id='word_1_79' title='bbox 176 2902 340 2979; x_wconf 82' lang='lat' dir='ltr'>exstingue</span> <span class='ocrx_word' id='word_1_80' title='bbox 359 2900 392 2960; x_wconf 91' lang='lat' dir='ltr'>in</span> <span class='ocrx_word' id='word_1_81' title='bbox 408 2900 524 2962; x_wconf 93' lang='lat' dir='ltr'>lumbis</span> <span class='ocrx_word' id='word_1_82' title='bbox 539 2900 617 2962; x_wconf 90' lang='lat' dir='ltr'>meis</span> <span class='ocrx_word' id='word_1_83' title='bbox 633 2900 796 2963; x_wconf 91' lang='lat' dir='ltr'>humorem</span> <span class='ocrx_word' id='word_1_84' title='bbox 815 2899 974 2961; x_wconf 91' lang='lat' dir='ltr'>libidinis:</span> <span class='ocrx_word' id='word_1_85' title='bbox 992 2905 1029 2963; x_wconf 90' lang='lat' dir='ltr'>ut</span> <span class='ocrx_word' id='word_1_86' title='bbox 1047 2904 1171 2964; x_wconf 88' lang='lat' dir='ltr'>meneat</span> <span class='ocrx_word' id='word_1_87' title='bbox 1190 2901 1222 2961; x_wconf 90' lang='lat' dir='ltr'>in</span> 
     </span>
     <span class='ocr_line' id='line_1_15' title="bbox 129 2991 753 3055; baseline 0.005 -4"><span class='ocrx_word' id='word_1_88' title='bbox 129 3012 177 3053; x_wconf 87' lang='lat' dir='ltr'>me</span> <span class='ocrx_word' id='word_1_89' title='bbox 196 2992 296 3054; x_wconf 79' lang='lat' dir='ltr'>virtus</span> <span class='ocrx_word' id='word_1_90' title='bbox 312 2993 523 3055; x_wconf 79' lang='lat' dir='ltr'>continentiae</span> <span class='ocrx_word' id='word_1_91' title='bbox 541 2997 573 3054; x_wconf 91' lang='lat' dir='ltr'>et</span> <span class='ocrx_word' id='word_1_92' title='bbox 589 2991 753 3054; x_wconf 88' lang='lat' dir='ltr'>castitatis.</span> 
     </span>
    </p>

    <p class='ocr_par' dir='ltr' id='par_1_9' title="bbox 128 3082 1220 3330">
     <span class='ocr_line' id='line_1_16' title="bbox 169 3082 1220 3167; baseline 0.004 -24"><span class='ocrx_word' id='word_1_93' title='bbox 169 3083 221 3143; x_wconf 84' lang='lat' dir='ltr'>Ad</span> <span class='ocrx_word' id='word_1_94' title='bbox 255 3084 475 3163; x_wconf 69' lang='lat' dir='ltr'>Marcipolam:</span> <span class='ocrx_word' id='word_1_95' title='bbox 519 3082 650 3160; x_wconf 84' lang='lat' dir='ltr'>Mereor,</span> <span class='ocrx_word' id='word_1_96' title='bbox 686 3084 830 3161; x_wconf 90' lang='lat' dir='ltr'>Domine,</span> <span class='ocrx_word' id='word_1_97' title='bbox 863 3092 987 3165; x_wconf 90' lang='lat' dir='ltr'>portare</span> <span class='ocrx_word' id='word_1_98' title='bbox 1021 3085 1220 3167; x_wconf 88' lang='lat' dir='ltr'>manipulum</span> 
     </span>
     <span class='ocr_line' id='line_1_17' title="bbox 129 3174 1220 3258; baseline 0.005 -23"><span class='ocrx_word' id='word_1_99' title='bbox 129 3176 220 3238; x_wconf 86' lang='lat' dir='ltr'>tletus</span> <span class='ocrx_word' id='word_1_100' title='bbox 249 3181 280 3237; x_wconf 91' lang='lat' dir='ltr'>et</span> <span class='ocrx_word' id='word_1_101' title='bbox 308 3174 440 3236; x_wconf 90' lang='lat' dir='ltr'>doloris:</span> <span class='ocrx_word' id='word_1_102' title='bbox 468 3181 504 3237; x_wconf 93' lang='lat' dir='ltr'>ut</span> <span class='ocrx_word' id='word_1_103' title='bbox 532 3196 604 3237; x_wconf 89' lang='lat' dir='ltr'>cum</span> <span class='ocrx_word' id='word_1_104' title='bbox 633 3175 840 3239; x_wconf 80' lang='lat' dir='ltr'>exsultatione</span> <span class='ocrx_word' id='word_1_105' title='bbox 870 3178 1018 3258; x_wconf 84' lang='lat' dir='ltr'>recipiam</span> <span class='ocrx_word' id='word_1_106' title='bbox 1046 3179 1220 3242; x_wconf 86' lang='lat' dir='ltr'>mercedem</span> 
     </span>
     <span class='ocr_line' id='line_1_18' title="bbox 128 3268 251 3330; baseline 0.016 -3"><span class='ocrx_word' id='word_1_107' title='bbox 128 3268 251 3330; x_wconf 84' lang='lat' dir='ltr'>laboris.</span> 
     </span>
    </p>

    <p class='ocr_par' dir='ltr' id='par_1_10' title="bbox 124 3360 1219 3718">
     <span class='ocr_line' id='line_1_19' title="bbox 169 3360 1219 3437; baseline 0.004 -17"><span class='ocrx_word' id='word_1_108' title='bbox 169 3361 221 3420; x_wconf 73' lang='lat' dir='ltr'>Ad</span> <span class='ocrx_word' id='word_1_109' title='bbox 243 3361 382 3422; x_wconf 74' lang='lat' dir='ltr'>Stolone:</span> <span class='ocrx_word' id='word_1_110' title='bbox 416 3360 521 3422; x_wconf 85' lang='lat' dir='ltr'>Redde</span> <span class='ocrx_word' id='word_1_111' title='bbox 544 3360 634 3433; x_wconf 90' lang='lat' dir='ltr'>mihi,</span> <span class='ocrx_word' id='word_1_112' title='bbox 657 3361 802 3437; x_wconf 89' lang='lat' dir='ltr'>Domine,</span> <span class='ocrx_word' id='word_1_113' title='bbox 825 3362 937 3425; x_wconf 86' lang='lat' dir='ltr'>stolam</span> <span class='ocrx_word' id='word_1_114' title='bbox 961 3364 1219 3437; x_wconf 84' lang='lat' dir='ltr'>immortalitatis,</span> 
     </span>
     <span class='ocr_line' id='line_1_20' title="bbox 127 3451 1218 3535; baseline 0.006 -27"><span class='ocrx_word' id='word_1_115' title='bbox 127 3474 219 3532; x_wconf 78' lang='lat' dir='ltr'>quam</span> <span class='ocrx_word' id='word_1_116' title='bbox 243 3451 367 3532; x_wconf 89' lang='lat' dir='ltr'>perdidi</span> <span class='ocrx_word' id='word_1_117' title='bbox 390 3453 422 3513; x_wconf 92' lang='lat' dir='ltr'>in</span> <span class='ocrx_word' id='word_1_118' title='bbox 443 3453 706 3533; x_wconf 81' lang='lat' dir='ltr'>praevaricatione</span> <span class='ocrx_word' id='word_1_119' title='bbox 728 3454 823 3532; x_wconf 91' lang='lat' dir='ltr'>primi</span> <span class='ocrx_word' id='word_1_120' title='bbox 847 3455 1003 3533; x_wconf 87' lang='lat' dir='ltr'>parentis:</span> <span class='ocrx_word' id='word_1_121' title='bbox 1026 3461 1057 3518; x_wconf 86' lang='lat' dir='ltr'>et</span> <span class='ocrx_word' id='word_1_122' title='bbox 1079 3454 1218 3535; x_wconf 76' lang='lat' dir='ltr'>quamuis</span> 
     </span>
     <span class='ocr_line' id='line_1_21' title="bbox 128 3543 1218 3625; baseline 0.003 -20"><span class='ocrx_word' id='word_1_123' title='bbox 128 3546 277 3625; x_wconf 80' lang='lat' dir='ltr'>indignus</span> <span class='ocrx_word' id='word_1_124' title='bbox 299 3543 409 3606; x_wconf 89' lang='lat' dir='ltr'>accedo</span> <span class='ocrx_word' id='word_1_125' title='bbox 432 3544 472 3606; x_wconf 88' lang='lat' dir='ltr'>ad</span> <span class='ocrx_word' id='word_1_126' title='bbox 495 3548 586 3606; x_wconf 90' lang='lat' dir='ltr'>tuum</span> <span class='ocrx_word' id='word_1_127' title='bbox 608 3564 730 3605; x_wconf 88' lang='lat' dir='ltr'>sacrum</span> <span class='ocrx_word' id='word_1_128' title='bbox 753 3544 948 3623; x_wconf 88' lang='lat' dir='ltr'>mysterium,</span> <span class='ocrx_word' id='word_1_129' title='bbox 972 3567 1091 3607; x_wconf 88' lang='lat' dir='ltr'>merear</span> <span class='ocrx_word' id='word_1_130' title='bbox 1113 3554 1218 3610; x_wconf 89' lang='lat' dir='ltr'>tamen</span> 
     </span>
     <span class='ocr_line' id='line_1_22' title="bbox 124 3637 532 3718; baseline 0 -19"><span class='ocrx_word' id='word_1_131' title='bbox 124 3638 276 3716; x_wconf 80' lang='lat' dir='ltr'>gaudium</span> <span class='ocrx_word' id='word_1_132' title='bbox 297 3637 532 3718; x_wconf 86' lang='lat' dir='ltr'>sempiternum.</span> 
     </span>
    </p>

    <p class='ocr_par' dir='ltr' id='par_1_11' title="bbox 125 3729 1218 3997">
     <span class='ocr_line' id='line_1_23' title="bbox 166 3729 1218 3811; baseline 0.003 -19"><span class='ocrx_word' id='word_1_133' title='bbox 166 3731 218 3792; x_wconf 79' lang='lat' dir='ltr'>Ad</span> <span class='ocrx_word' id='word_1_134' title='bbox 235 3732 398 3793; x_wconf 71' lang='lat' dir='ltr'>Caeretem:</span> <span class='ocrx_word' id='word_1_135' title='bbox 422 3729 566 3805; x_wconf 91' lang='lat' dir='ltr'>Domine,</span> <span class='ocrx_word' id='word_1_136' title='bbox 583 3730 637 3811; x_wconf 90' lang='lat' dir='ltr'>qui</span> <span class='ocrx_word' id='word_1_137' title='bbox 653 3731 779 3793; x_wconf 84' lang='lat' dir='ltr'>dixisti:</span> <span class='ocrx_word' id='word_1_138' title='bbox 796 3731 919 3811; x_wconf 85' lang='lat' dir='ltr'>Jugum</span> <span class='ocrx_word' id='word_1_139' title='bbox 935 3752 1038 3795; x_wconf 88' lang='lat' dir='ltr'>meum</span> <span class='ocrx_word' id='word_1_140' title='bbox 1054 3752 1145 3795; x_wconf 84' lang='lat' dir='ltr'>suave</span> <span class='ocrx_word' id='word_1_141' title='bbox 1161 3738 1218 3803; x_wconf 87' lang='lat' dir='ltr'>est,</span> 
     </span>
     <span class='ocr_line' id='line_1_24' title="bbox 125 3822 1217 3906; baseline 0 -19"><span class='ocrx_word' id='word_1_142' title='bbox 125 3829 157 3887; x_wconf 88' lang='lat' dir='ltr'>ct</span> <span class='ocrx_word' id='word_1_143' title='bbox 179 3845 258 3888; x_wconf 92' lang='lat' dir='ltr'>onus</span> <span class='ocrx_word' id='word_1_144' title='bbox 281 3843 386 3885; x_wconf 92' lang='lat' dir='ltr'>meum</span> <span class='ocrx_word' id='word_1_145' title='bbox 412 3822 493 3886; x_wconf 83' lang='lat' dir='ltr'>leve:</span> <span class='ocrx_word' id='word_1_146' title='bbox 518 3823 567 3885; x_wconf 87' lang='lat' dir='ltr'>fac</span> <span class='ocrx_word' id='word_1_147' title='bbox 592 3826 629 3886; x_wconf 80' lang='lat' dir='ltr'>ut</span> <span class='ocrx_word' id='word_1_148' title='bbox 654 3823 738 3885; x_wconf 90' lang='lat' dir='ltr'>istud</span> <span class='ocrx_word' id='word_1_149' title='bbox 763 3828 888 3903; x_wconf 87' lang='lat' dir='ltr'>portare</span> <span class='ocrx_word' id='word_1_150' title='bbox 912 3826 956 3887; x_wconf 89' lang='lat' dir='ltr'>sio</span> <span class='ocrx_word' id='word_1_151' title='bbox 981 3825 1110 3901; x_wconf 73' lang='lat' dir='ltr'>valeam,</span> <span class='ocrx_word' id='word_1_152' title='bbox 1135 3826 1217 3906; x_wconf 90' lang='lat' dir='ltr'>quod</span> 
     </span>
     <span class='ocr_line' id='line_1_25' title="bbox 125 3915 715 3997; baseline 0.007 -22"><span class='ocrx_word' id='word_1_153' title='bbox 125 3938 293 3997; x_wconf 86' lang='lat' dir='ltr'>consequar</span> <span class='ocrx_word' id='word_1_154' title='bbox 312 3922 399 3979; x_wconf 88' lang='lat' dir='ltr'>tuam</span> <span class='ocrx_word' id='word_1_155' title='bbox 417 3915 562 3996; x_wconf 86' lang='lat' dir='ltr'>gratiam.</span> <span class='ocrx_word' id='word_1_156' title='bbox 603 3915 715 3979; x_wconf 84' lang='lat' dir='ltr'>Amen.</span> 
     </span>
    </p>

    <p class='ocr_par' dir='ltr' id='par_1_12' title="bbox 123 4007 1216 4282">
     <span class='ocr_line' id='line_1_26' title="bbox 165 4007 1216 4092; baseline 0.005 -22"><span class='ocrx_word' id='word_1_157' title='bbox 165 4010 217 4070; x_wconf 78' lang='lat' dir='ltr'>Ad</span> <span class='ocrx_word' id='word_1_158' title='bbox 243 4009 452 4071; x_wconf 81' lang='lat' dir='ltr'>Dalmaticum</span> <span class='ocrx_word' id='word_1_159' title='bbox 478 4007 636 4071; x_wconf 79' lang='lat' dir='ltr'>Diaconos</span> <span class='ocrx_word' id='word_1_160' title='bbox 662 4008 763 4073; x_wconf 79' lang='lat' dir='ltr'>dicere</span> <span class='ocrx_word' id='word_1_161' title='bbox 787 4013 907 4092; x_wconf 84' lang='lat' dir='ltr'>potest:</span> <span class='ocrx_word' id='word_1_162' title='bbox 943 4010 1044 4074; x_wconf 91' lang='lat' dir='ltr'>Indue</span> <span class='ocrx_word' id='word_1_163' title='bbox 1069 4033 1129 4087; x_wconf 92' lang='lat' dir='ltr'>me,</span> <span class='ocrx_word' id='word_1_164' title='bbox 1155 4011 1216 4075; x_wconf 90' lang='lat' dir='ltr'>Do·</span> 
     </span>
     <span class='ocr_line' id='line_1_27' title="bbox 124 4099 1215 4178; baseline 0.003 -15"><span class='ocrx_word' id='word_1_165' title='bbox 124 4103 218 4178; x_wconf 89' lang='lat' dir='ltr'>mino,</span> <span class='ocrx_word' id='word_1_166' title='bbox 241 4102 425 4163; x_wconf 84' lang='lat' dir='ltr'>indumento</span> <span class='ocrx_word' id='word_1_167' title='bbox 446 4099 556 4163; x_wconf 87' lang='lat' dir='ltr'>salutis</span> <span class='ocrx_word' id='word_1_168' title='bbox 578 4106 609 4164; x_wconf 87' lang='lat' dir='ltr'>et</span> <span class='ocrx_word' id='word_1_169' title='bbox 630 4102 815 4164; x_wconf 82' lang='lat' dir='ltr'>vestimento</span> <span class='ocrx_word' id='word_1_170' title='bbox 836 4101 976 4165; x_wconf 87' lang='lat' dir='ltr'>laetitiae</span> <span class='ocrx_word' id='word_1_171' title='bbox 996 4106 1028 4166; x_wconf 87' lang='lat' dir='ltr'>et</span> <span class='ocrx_word' id='word_1_172' title='bbox 1048 4102 1215 4166; x_wconf 87' lang='lat' dir='ltr'>dalmatica</span> 
     </span>
     <span class='ocr_line' id='line_1_28' title="bbox 123 4194 652 4282; baseline 0 -27"><span class='ocrx_word' id='word_1_173' title='bbox 123 4196 265 4273; x_wconf 84' lang='lat' dir='ltr'>justitiae</span> <span class='ocrx_word' id='word_1_174' title='bbox 283 4194 441 4257; x_wconf 86' lang='lat' dir='ltr'>circumda</span> <span class='ocrx_word' id='word_1_175' title='bbox 458 4215 507 4256; x_wconf 92' lang='lat' dir='ltr'>me</span> <span class='ocrx_word' id='word_1_176' title='bbox 524 4213 652 4282; x_wconf 89' lang='lat' dir='ltr'>semper.</span> 
     </span>
    </p>

    <p class='ocr_par' dir='ltr' id='par_1_13' title="bbox 122 4285 1216 4446">
     <span class='ocr_line' id='line_1_29' title="bbox 164 4285 1216 4370; baseline 0.002 -20"><span class='ocrx_word' id='word_1_177' title='bbox 164 4288 217 4350; x_wconf 78' lang='lat' dir='ltr'>Aa</span> <span class='ocrx_word' id='word_1_178' title='bbox 238 4285 433 4350; x_wconf 81' lang='lat' dir='ltr'>Tunicellom</span> <span class='ocrx_word' id='word_1_179' title='bbox 455 4286 672 4349; x_wconf 74' lang='lat' dir='ltr'>Sarbdiocoaae</span> <span class='ocrx_word' id='word_1_180' title='bbox 692 4288 793 4351; x_wconf 79' lang='lat' dir='ltr'>dicero</span> <span class='ocrx_word' id='word_1_181' title='bbox 813 4291 932 4370; x_wconf 84' lang='lat' dir='ltr'>potest:</span> <span class='ocrx_word' id='word_1_182' title='bbox 962 4289 1084 4351; x_wconf 82' lang='lat' dir='ltr'>Tunica</span> <span class='ocrx_word' id='word_1_183' title='bbox 1101 4291 1216 4367; x_wconf 81' lang='lat' dir='ltr'>jucun·</span> 
     </span>
     <span class='ocr_line' id='line_1_30' title="bbox 122 4378 1029 4446; baseline 0.004 -5"><span class='ocrx_word' id='word_1_184' title='bbox 122 4381 232 4444; x_wconf 88' lang='lat' dir='ltr'>ditatis</span> <span class='ocrx_word' id='word_1_185' title='bbox 250 4383 281 4443; x_wconf 88' lang='lat' dir='ltr'>et</span> <span class='ocrx_word' id='word_1_186' title='bbox 302 4379 486 4442; x_wconf 89' lang='lat' dir='ltr'>indumento</span> <span class='ocrx_word' id='word_1_187' title='bbox 507 4378 644 4443; x_wconf 88' lang='lat' dir='ltr'>laetitiae</span> <span class='ocrx_word' id='word_1_188' title='bbox 663 4379 775 4443; x_wconf 87' lang='lat' dir='ltr'>induat</span> <span class='ocrx_word' id='word_1_189' title='bbox 793 4401 844 4443; x_wconf 89' lang='lat' dir='ltr'>me</span> <span class='ocrx_word' id='word_1_190' title='bbox 865 4379 1029 4446; x_wconf 90' lang='lat' dir='ltr'>Dominus.</span> 
     </span>
    </p>
   </div>
   <div class='ocr_carea' id='block_1_6' title="bbox 1055 4492 1109 4546">
    <p class='ocr_par' dir='ltr' id='par_1_14' title="bbox 1055 4492 1109 4546">
     <span class='ocr_line' id='line_1_31' title="bbox 1055 4492 1109 4546; baseline 0 0"><span class='ocrx_word' id='word_1_191' title='bbox 1055 4492 1109 4546; x_wconf 71' lang='lat'>635</span> 
     </span>
    </p>
   </div>
   <div class='ocr_carea' id='block_1_7' title="bbox 0 0 1406 4890">
    <p class='ocr_par' dir='ltr' id='par_1_15' title="bbox 0 0 1406 4890">
     <span class='ocr_line' id='line_1_32' title="bbox 0 0 1406 4890; baseline 0 7"><span class='ocrx_word' id='word_1_192' title='bbox 0 0 1406 4890; x_wconf 95' lang='lat' dir='ltr'> </span> 
     </span>
    </p>
   </div>
  </div>
 </body>
</html>
