2804 4890
431 692 485 747 DE
508 693 678 748 LEGIBUS
702 694 941 751 LITURGIOIS.
1212 684 1232 746 9

141 864 229 927 'Palis
251 884 344 927 causa
366 884 515 928 excumne
536 865 705 945 aliquando
727 871 774 929 est
796 866 935 928 scandali
958 867 1143 947 pericnlum,
1165 888 1230 932 non

141 979 213 1021 vero
226 957 366 1020 scandali
380 963 559 1038 praetextus
573 959 678 1020 inanis
691 959 739 1021 rel
753 960 922 1024 admiratio
936 961 1045 1041 populi
1059 962 1107 1023 vel
1123 961 1229 1025 Sacer·

140 1052 225 1115 dotis
239 1052 371 1114 affectus
386 1051 426 1113 ad
442 1051 519 1114 elios
535 1053 648 1114 usus²⁸

184 1149 212 1207 3.
236 1145 382 1220 Quaeres,
408 1146 524 1207 curin
551 1151 599 1209 tot
625 1145 715 1208 rebus
741 1147 837 1209 etiam
864 1148 953 1228 parvi
980 1149 1132 1211 momenti
1158 1168 1229 1211 con-

140 1240 272 1302 scientia
287 1239 325 1301 ab
342 1237 481 1301 Ecclesia
496 1241 664 1302 oneretur?

189 1335 240 1413 (a)
268 1333 350 1408 Quia
370 1334 531 1414 pertinent
551 1333 591 1396 ad
611 1335 733 1397 cultum
754 1333 814 1397 Dei
835 1336 948 1416 optimi
969 1336 1111 1412 maximi,
1131 1340 1173 1411 et,
1193 1340 1231 1398 ut

142 1427 283 1508 Spiritus
298 1427 330 1490 S.
346 1427 403 1502 ait,
417 1427 632 1502 “maledictus,
647 1429 700 1509 qui
715 1429 794 1492 facit
808 1450 886 1510 opus
902 1429 1032 1491 Domini
1047 1430 1230 1494 fraudulen-

140 1520 220 1584 ter.'’
232 1523 259 1556 ²⁴
302 1521 386 1596 “Qui
402 1521 503 1584 fidelis
518 1526 564 1584 est
580 1523 614 1583 in
631 1523 763 1585 minimo
779 1528 811 1587 et
828 1525 861 1585 in
878 1525 992 1603 maJ'ori
1009 1524 1110 1586 fidelis
1126 1529 1183 1599 est,
1199 1529 1231 1586 et

140 1616 246 1696 quiin
260 1615 383 1678 modico
400 1616 528 1695 iniquus
543 1621 600 1691 est,
617 1622 648 1679 et
664 1618 698 1678 in
713 1618 827 1697 majori
845 1618 972 1698 iniquus
989 1617 1066 1681 est.''
1078 1619 1104 1652 ²⁵
1144 1618 1231 1679 Num

142 1709 289 1784 Clericos,
316 1709 356 1770 ad
383 1713 499 1772 sortem
526 1709 657 1774 Domini
683 1716 814 1786 vocatos,
842 1713 876 1773 in
903 1712 1079 1775 ministerio
1105 1711 1230 1774 divinae

141 1802 320 1881 Majestatis
345 1803 588 1883 negligentiores
612 1824 676 1866 esse
700 1804 797 1879 decet,
822 1824 916 1884 quam
940 1805 1035 1867 aulici
1058 1810 1134 1867 sunt
1157 1825 1230 1885 erga

140 1897 300 1977 principes
317 1897 479 1959 terrenos?

189 1990 241 2068 (b)
262 1989 344 2064 Quia
358 1989 464 2052 unitas
479 1991 512 2051 in
528 1990 560 2051 S.
575 1990 723 2070 Liturgia
737 1997 768 2054 et
779 1993 953 2070 generatim
965 1992 999 2054 in
1011 2012 1097 2055 sacro
1109 1992 1174 2053 ritu
1185 2011 1230 2053 se

140 2085 251 2165 quitur
267 2082 360 2145 facile
377 2083 533 2145 unitatem
551 2083 624 2145 fidei
640 2091 671 2145 et
690 2083 856 2158 Ecclesiae,
874 2104 1002 2164 eamque
1020 2086 1231 2164 maximopere

140 2182 303 2240 conservat
322 2180 354 2239 et
373 2177 502 2258 pulchre
521 2177 654 2239 exhibet.
696 2176 800 2238 “Sane
820 2178 949 2241 omnino
969 2178 1154 2240 conveniens
1174 2180 1231 2254 est,

140 2274 178 2332 ut
195 2271 249 2350 qui
266 2290 374 2333 omnes
390 2290 491 2332 unum
507 2290 615 2331 sumus
633 2271 666 2331 in
683 2290 746 2334 uno
763 2290 900 2351 corpore,
917 2271 999 2351 quod
1017 2276 1064 2334 est
1082 2272 1231 2347 Ecclesia,

140 2383 206 2425 una
223 2368 255 2426 et
273 2363 382 2426 eadem
399 2362 576 2427 celebrandi
595 2365 726 2440 ratione,
745 2365 900 2444 uniusque
918 2364 1011 2426 officii
1029 2370 1060 2427 et
1079 2367 1160 2428 ritus
1179 2366 1231 2429 ob

140 2458 315 2519 servatione
332 2458 367 2518 in
383 2457 440 2519 hoc
457 2457 610 2519 ineffabili
626 2462 658 2520 et
675 2457 836 2521 tremendo
856 2457 1016 2520 Sacrificio
1033 2458 1192 2521 utamur.''
1204 2460 1231 2494 ²⁶

141 2551 262 2613 Eadem
283 2570 354 2613 vero
376 2551 456 2612 ratio
477 2550 559 2613 valet
579 2570 637 2631 pro
660 2551 935 2614 Sacramentorum
957 2551 1232 2616 administratione

141 2647 313 2725 ceterisque
330 2643 438 2706 officiis
455 2649 486 2708 et
503 2643 721 2708 functionibus
737 2644 963 2708 ecclesiasticis.
1002 2645 1139 2708 “Unitas
1157 2645 1231 2709 fidei

140 2742 172 2800 et
188 2736 345 2799 Ecclesiae
359 2757 432 2799 cum
448 2739 542 2800 variis
559 2737 685 2818 quidem
702 2739 815 2801 ritibus
831 2740 948 2801 servari
964 2743 1067 2819 potest
1083 2744 1115 2801 et
1131 2758 1231 2801 serva·

141 2840 212 2906 tur;
229 2851 291 2912 quo
308 2832 411 2909 major
427 2836 532 2894 tamen
551 2832 583 2893 in
602 2833 650 2894 his
667 2833 762 2895 etiam
779 2837 826 2895 est
842 2834 959 2908 unitas,
976 2853 1011 2894 eo
1029 2833 1147 2894 arctius
1164 2833 1232 2912 ipsa

141 2925 214 2986 fidei
228 2925 335 2987 unitas
348 2927 586 3004 constringitur,
598 2931 630 2988 et
642 2926 800 2988 difficilius
814 2928 991 3006 rumpitur;
1004 2933 1036 2988 et
1049 2931 1157 2988 contra
1171 2945 1231 3005 quo

138 3020 240 3097 major
252 3020 286 3080 in
300 3018 413 3081 ritibus
423 3025 470 3081 est
480 3018 679 3093 difformitas,
689 3039 724 3080 eo
734 3018 893 3082 difficilius
906 3018 978 3082 fidei
992 3039 1113 3100 quoque
1125 3019 1232 3080 unitas

142 3118 293 3187 servatur,
315 3118 411 3194 prout
433 3114 622 3177 Graecorum
645 3118 676 3175 et
698 3113 906 3193 quarumdam
928 3114 1064 3175 aliarum
1087 3113 1231 3194 Europae

140 3206 308 3269 nationum
324 3207 456 3270 historia
474 3206 596 3286 probari
615 3206 747 3286 potest.''
759 3208 785 3241 ²⁷

176 3412 202 3445 ²⁸
222 3407 265 3456 En
289 3408 451 3472 exemplum.
497 3407 661 3459 Benedictus
715 3423 777 3460 vero
800 3409 874 3460 absit
897 3423 988 3472 causa,
1011 3408 1171 3474 perdifficile
1195 3410 1233 3459 vi·

141 3482 219 3533 XIV.
249 3483 283 3534 de
311 3483 431 3534 Robrica
460 3484 661 3549 praescribente
715 3488 802 3549 detur,
821 3502 855 3538 ne
873 3487 974 3537 veniali
992 3487 1101 3551 quidem
1120 3493 1233 3553 peccato

142 3560 330 3610 recitationem
354 3560 489 3610 Matutini
510 3575 570 3611 cum
591 3561 659 3611 Lau·
711 3579 763 3615 non
774 3579 831 3614 esee
842 3564 936 3615 locum.
968 3564 1077 3627 Quodsi
1089 3566 1234 3629 quisnulla

142 3636 224 3687 dibus
244 3642 308 3688 ante
330 3637 539 3689 celebrationem
560 3639 661 3689 Missae
713 3656 796 3691 causa
823 3645 946 3704 urgente,
974 3648 1106 3706 perpetuo
1134 3643 1161 3692 id
1191 3642 1232 3693 la·

142 3715 209 3764 baec
230 3714 341 3765 scribit:
377 3715 436 3764 “Si
459 3730 546 3766 sermo
568 3715 605 3765 sit
628 3717 661 3766 de
713 3724 793 3782 cerat,
809 3724 839 3768 ut
856 3719 994 3770 videretur
1009 3720 1087 3784 quasi
1102 3722 1233 3772 statuisse

140 3791 228 3842 uim
243 3793 425 3855 conventuali,
444 3791 506 3857 [nbi
523 3793 601 3844 adest
617 3792 661 3843 ob·
712 3796 810 3859 animo,
832 3811 969 3860 nunquam
990 3796 1137 3859 celebrare,
1158 3798 1232 3847 dicto

139 3869 240 3933 ligatio
263 3867 362 3933 ebori,]
389 3868 498 3921 videtur
520 3873 660 3934 peccatum
712 3872 850 3922 Matutino
871 3876 899 3922 et
920 3873 1069 3937 Laudibus,
1089 3876 1147 3922 tum
1169 3913 1175 3924 .
1197 3912 1203 3924 .
1225 3913 1231 3925 .

138 3959 198 3996 ene
211 3945 327 3996 mortale
340 3959 400 3996 eam
413 3949 478 3997 ante
492 3945 660 3997 Matutinum
711 3948 833 3998 concludi
849 3954 949 4012 posset,
966 3949 1121 4012 hujusmodi
1140 3950 1232 4000 Sacer·

138 4026 167 4073 et
185 4021 295 4072 hodes
312 4021 464 4085 celebrare;
485 4022 513 4072 id
530 4022 602 4074 enim
620 4027 661 4073 est
709 4024 799 4073 dotem
819 4038 932 4088 peccare
952 4024 1144 4076 mortaliter.''
1185 4023 1233 4075 Se·

138 4103 237 4150 eontra
252 4099 407 4163 generalesu
422 4097 560 4148 Ecclesiae
575 4112 660 4149 usum.
708 4098 772 4149 crit.
809 4098 911 4149 Missae
930 4097 986 4149 III.
1007 4100 1048 4163 13,
1067 4101 1092 4150 4.

138 4174 173 4226 Is
201 4176 296 4226 Missis
320 4189 384 4226 vero
409 4173 534 4240 privatis,
559 4173 583 4224 ei
608 4189 662 4238 qua
747 4181 772 4213 ²⁴
791 4176 848 4226 Jer.
871 4177 913 4226 48.

137 4253 176 4303 sit
198 4252 326 4317 legitima
346 4265 437 4313 causa,
464 4288 470 4300 .
503 4289 509 4300 .
541 4288 548 4301 .
575 4250 662 4302 videri
747 4258 772 4290 ²⁵
791 4253 855 4302 Luc.
880 4256 919 4304 10.

138 4334 233 4394 posset
261 4343 280 4378 a
306 4333 420 4394 peccato
448 4328 532 4378 etiam
561 4328 661 4378 veniali
747 4334 772 4367 ²⁸
790 4329 913 4381 Clemens
932 4329 1016 4380 VIII.

140 4405 279 4466 immunis,
295 4404 342 4469 qui
357 4419 417 4458 eam
433 4404 592 4466 celebraret,
608 4420 660 4454 non
746 4410 771 4443 ²⁷
789 4404 831 4457 De
855 4406 946 4458 Herdt
972 4406 1028 4456 111.
1055 4409 1114 4461 141.

137 4482 257 4535 recitato
267 4481 408 4532 Matutino
416 4486 444 4533 et
454 4481 603 4534 laudibus
633 4481 662 4530 Si
