2804 4890
454 709 508 764 DE
532 711 733 768 DOMINIGA
757 713 991 770 PALMARUM.
1212 708 1274 770 287

222 882 319 945 Creu.
342 882 390 944 Hi
412 885 555 965 placuere
580 883 646 956 tibi,
671 886 791 967 placeat
814 886 937 951 devotio
959 892 1081 952 nostru:
1103 888 1170 951 Rex
1187 891 1274 961 bone,

180 972 247 1035 Rea
262 973 406 1045 alemena,
422 973 475 1035 cui
490 974 569 1036 bona
586 978 697 1037 cuncta
712 976 846 1057 placent.

224 1065 299 1126 Cui.
325 1064 440 1138 Gloria,
461 1068 538 1138 laus,
559 1072 615 1129 ete.

220 1163 248 1219 4.
272 1159 444 1222 “Versibus
457 1160 631 1242 completis,
645 1162 767 1243 primus
782 1162 912 1226 clericus
926 1162 1008 1227 calce
1023 1165 1147 1227 hastilis
1161 1165 1272 1228 Crucis

185 1246 311 1329 [semel]
339 1250 477 1329 percutit
502 1251 596 1311 imam
620 1254 742 1331 partem
767 1251 865 1332 ipsius
889 1256 1007 1332 portae,
1031 1253 1075 1314 ita
1099 1257 1136 1316 nt
1161 1253 1268 1333 fragor

178 1342 336 1418 audiatur,
362 1350 393 1407 et
419 1343 481 1405 duo
505 1344 620 1420 clerici,
648 1345 700 1424 qui
728 1350 803 1407 sunt
829 1345 915 1408 intus
940 1344 1122 1421 Ecclesiam,
1147 1349 1270 1427 portam

178 1432 333 1513 aperiunt,
350 1438 381 1495 et
399 1435 515 1496 sistunt
532 1456 563 1499 se
580 1435 654 1497 hinc
672 1435 744 1498 inde
760 1436 799 1498 ad
816 1437 956 1516 januam.
995 1438 1122 1500 Primus
1139 1438 1270 1501 clericus

179 1545 252 1587 cum
274 1525 373 1590 Cruce
397 1526 575 1605 ingreditur
597 1526 778 1603 Ecclesiam,
800 1535 832 1591 et
854 1528 1021 1593 Oelebrans
1042 1530 1266 1611 subsequendo,

179 1619 291 1698 incipit
311 1619 418 1699 Hesp:
437 1621 639 1699 Inprcdicnte
658 1621 804 1694 Domino,
820 1626 878 1684 etc.
920 1623 1093 1700 Secundus,
1109 1628 1141 1686 et
1157 1625 1271 1686 tertius

179 1707 310 1771 clericus
332 1709 494 1788 excipiunt
518 1709 744 1786 Celebrantem,
765 1713 798 1774 et
819 1716 969 1792 ponentes
993 1710 1084 1774 illurn
1106 1712 1141 1774 in
1163 1713 1267 1776 medio

178 1806 411 1882 prosequuntur
427 1823 498 1865 cum
515 1823 549 1865 eo
567 1802 680 1883 Resp.''

220 1901 247 1956 5.
273 1896 307 1957 Si
326 1897 478 1976 processio
495 1903 583 1959 extra
601 1897 772 1961 Ecclesiam
788 1899 872 1965 exire
888 1905 1030 1980 nequeat,
1048 1899 1081 1962 id
1097 1900 1179 1981 quod
1197 1904 1270 1963 ante

180 1989 302 2065 portam
319 1984 542 2066 praestandum
559 1990 636 2060 erat,
653 1986 764 2050 fiatad
781 1990 898 2051 ostium
916 1989 1003 2052 chori
1019 2009 1074 2050 scu
1091 1989 1266 2070 ingressum

179 2079 368 2153 sanctuarii;
383 2083 469 2142 stant
482 2083 587 2141 autem
604 2084 679 2141 tunc
693 2100 811 2156 omnes,
826 2081 920 2144 etium
936 2082 990 2161 qui
1006 2081 1118 2144 dicunt
1132 2081 1180 2146 vel
1196 2101 1266 2145 can·

179 2175 249 2233 tant
273 2172 388 2244 Gloria,
410 2173 488 2245 laus,
511 2171 591 2234 facie
613 2172 651 2236 ad
674 2171 783 2237 Altera
805 2174 974 2237 conversa!

595 2359 849 2441 Responaorium.

220 2529 423 2610 Inprediente
450 2529 586 2593 Domino
615 2529 648 2591 in
675 2533 815 2591 sanctum
844 2529 1022 2604 ciuitatem·
1050 2531 1265 2596 Hebraeorum

178 2622 269 2703 pueri
285 2621 542 2685 resurrectionem
561 2623 641 2684 uitae
657 2620 910 2704 pronuntiantes,

219 2715 298 2776 Cum
318 2714 414 2777 ramis
434 2716 627 2794 paintarum:
648 2715 808 2785 ilesunna,
830 2717 1017 2789 clarendunt,
1036 2718 1068 2779 in
1091 2717 1225 2779 excelsis.

221 2804 302 2866 Cum
326 2804 464 2868 audisset
488 2807 633 2886 populus,
658 2804 741 2886 quod
764 2804 859 2867 Jaaua
883 2805 1002 2868 reuirat
1026 2806 1265 2887 Jerorotpnan,

178 2898 321 2962 exierunt
336 2900 457 2960 obuiam
473 2899 519 2970 ei,·

220 2993 300 3054 Cum
320 2991 415 3054 ramis
433 2993 627 3073 palmarum:
646 2993 808 3063 Hosannu,
828 2993 1014 3065 ciarrrabant,
1033 2994 1067 3056 in
1087 2991 1223 3057 ezechia.

220 3089 247 3148 6.
271 3086 496 3147 “Terminatnr
525 3085 688 3164 processio,
717 3088 749 3146 et
781 3085 1021 3165 Iiesponsorium
1053 3090 1126 3148 ante
1156 3085 1265 3148 Altaro

178 3181 290 3258 majus.
336 3179 463 3240 Primus
487 3179 616 3239 clericus
641 3177 770 3256 deponit
795 3177 938 3252 Crucem,
962 3183 994 3240 et
1017 3178 1130 3241 deinde
1153 3180 1266 3260 recipit

178 3273 297 3354 palmas
312 3293 328 3333 a
345 3272 528 3334 Celebrante
541 3275 571 3334 et
585 3270 707 3334 clericis
720 3269 799 3333 etc.''

218 3367 405 3428 “i‘eiebmns
427 3367 457 3426 in
479 3366 573 3445 piano
595 3363 765 3445 Epistolae,
786 3364 840 3425 ubi
862 3365 940 3426 alias
959 3364 1083 3428 sedetur
1105 3368 1138 3426 in
1162 3365 1268 3439 Missa,

179 3456 308 3536 deponit
350 3455 496 3536 pluviale,
539 3460 570 3517 et
612 3454 727 3533 accipit
769 3453 978 3534 manipulum,
1021 3458 1052 3517 et
1094 3454 1262 3534 planetam.

179 3549 306 3610 Primus
324 3547 474 3609 clericus'’
493 3549 517 3608 si
537 3548 579 3609 sit
597 3545 760 3607 ordinatus
777 3547 905 3627 “portat
921 3547 1047 3608 calicem
1067 3547 1105 3607 ad
1125 3545 1264 3608 Altare.’'

221 3646 247 3704 7.
272 3641 450 3704 Celebranti
478 3641 607 3702 Missam
632 3643 790 3701 cantatam
817 3638 883 3701 sine
909 3638 1066 3700 Ministris
1092 3639 1166 3700 licet
1192 3639 1264 3700 Pas·

177 3738 295 3799 sionem
315 3735 415 3813 legere
435 3733 587 3813 usquead
606 3733 641 3793 M
645 3733 729 3796 unda
748 3754 800 3794 cor
820 3753 942 3804 meum,·
959 3739 1140 3812 partemque
1159 3731 1264 3805 aliam,

178 3850 255 3910 quac
276 3829 427 3908 sequitur,
449 3846 558 3889 canere
580 3826 613 3887 in
635 3831 709 3888 tono
732 3823 905 3905 Evangelii.
951 3824 1024 3886 Non
1047 3845 1118 3888 vero
1138 3829 1264 3888 tenetur

178 3930 274 3986 totam
291 3922 468 3982 Passionem
484 3940 593 3981 cancre
606 3920 639 3980 in
653 3918 758 3981 eodem
773 3923 865 3992 tono;
878 3937 977 3998 neque
991 3922 1120 3997 possunt
1133 3918 1264 3996 ipsemet

176 4016 300 4096 exsequi
320 4016 351 4075 iu
372 4015 518 4075 I‘assione
534 4018 655 4092 partam
673 4011 802 4086 Christi,
819 4016 852 4074 et
867 4011 938 4072 iaici
957 4013 1061 4090 partes
1079 4010 1264 4072 Clrronistac

176 4117 205 4173 ct
226 4109 431 4189 Synag‹›gac.⁸
475 4108 513 4168 “I
517 4130 536 4168 n
553 4107 587 4167 M
592 4107 651 4167 iasa
666 4103 769 4165 clerici
789 4108 937 4184 poterunt
954 4108 1059 4168 tenere
1075 4103 1211 4183 palmam
1231 4104 1262 4166 in

178 4205 332 4271 manibus,
365 4202 440 4262 dum
475 4200 591 4278 legitur
625 4197 742 4271 Passio,
775 4202 806 4259 et
840 4198 871 4258 in
906 4197 967 4257 tine
1001 4196 1115 4258 Missae
1148 4195 1265 4277 legitur

176 4298 383 4377 Evaugciium
405 4296 435 4356 S.
455 4292 600 4365 dononio,
621 4291 661 4353 In
680 4290 847 4372 principio,
867 4289 945 4354 cic.'’

212 4441 224 4473 ⁷
244 4437 360 4497 (iuvant,
378 4431 531 4495 Baldesehi,
549 4430 589 4481 Da
607 4429 704 4493 Carpo,
784 4427 848 4553 ⁸3D.
872 4429 902 4477 13
923 4428 987 4479 Juu.
1011 4428 1086 4490 1899,
1106 4443 1132 4477 u.
1154 4430 1230 4491 4031.
1252 4429 1267 4476 2

177 4519 227 4567 etc.
748 4509 775 4556 et
811 4542 817 4556 .
