2804 4890
269 705 442 767 PRIVATA
466 706 682 766 nxeosmlo
706 706 760 765 SS.
785 705 1052 766 secandarum.
1148 695 1211 762 369

157 877 314 937 celebrans
336 898 437 936 rursus
459 881 628 951 genuflexus
647 885 764 938 cantat:

160 1003 201 1067 V.
244 1004 379 1068 Domine
396 1006 508 1069 cecedi
523 1005 694 1070 orationem
711 1025 821 1072 meam.

160 1097 198 1161 R.
240 1099 284 1161 Et
300 1100 418 1162 clamor
432 1120 518 1162 meus
533 1102 574 1162 od
589 1105 618 1163 te
633 1098 747 1166 veniat.

244 1241 411 1305 Cantores:

160 1365 200 1430 V.
243 1368 402 1433 Exaudiet
416 1390 472 1432 noa
487 1369 684 1451 omnipotens
699 1374 729 1434 et
744 1371 919 1434 misericors
932 1369 1099 1436 Dominae.

159 1461 197 1527 R.
240 1462 284 1524 Et
300 1462 455 1526 custodiet
471 1484 527 1526 noa
541 1483 672 1545 semper.
715 1464 829 1528 Amen.

244 1600 427 1664 Celebrans:

159 1723 199 1790 V.
241 1724 402 1790 Fidelium
417 1729 540 1793 amimae
555 1750 613 1812 per
627 1728 872 1795 moericoreiem
887 1730 948 1795 Dei
963 1732 1157 1813 requiescant
1172 1730 1206 1795 im

116 1839 201 1903 pace.

159 1913 196 1976 R.
239 1914 352 1978 Amen.

303 2093 339 2155 B.
361 2092 524 2171 Repetitio
543 2093 592 2155 SS.
612 2093 806 2158 Sacramenti
825 2095 933 2158 Tertia
950 2094 1018 2158 Die.

157 2217 229 2284 226.
251 2219 398 2282 Litaniae
436 2220 575 2282 omnium
614 2220 799 2283 Sanctorum
837 2242 934 2302 usque
971 2223 1011 2284 ad
1049 2222 1205 2287 Dominae

116 2314 275 2377 vobiscum
292 2314 455 2377 exclusive.

158 2411 185 2467 2.
210 2407 375 2470 incensato
390 2408 446 2470 SS.
463 2409 664 2473 Sacramenta
676 2410 713 2471 fit
725 2426 899 2472 rnocassro
917 2410 990 2489 (per
1002 2408 1206 2486 Ecclesiam),

115 2500 154 2563 ad
169 2521 263 2579 quam
279 2507 441 2564 cantatur:

157 2596 264 2676 Pompe
282 2595 399 2676 linquo.

158 2691 186 2751 3.
211 2689 381 2768 Postquam
407 2691 559 2768 processio
584 2690 684 2765 finita,
709 2695 740 2751 et
766 2688 822 2752 SS.
850 2688 1087 2752 Sacramentum
1112 2707 1207 2768 super

112 2780 217 2844 Alteri
234 2781 418 2846 collocatum
434 2789 490 2859 est,
506 2788 667 2845 cantatur:
687 2784 824 2847 Tantum
839 2804 921 2863 erpo.
961 2781 1112 2846 Genitori.
1135 2782 1205 2864 (In-

114 2879 286 2953 censatum)

156 2967 195 3030 V.
218 2971 338 3032 Pau-em
355 2970 391 3033 de
408 2972 489 3034 coelo
506 2976 562 3032 etc.
610 2970 644 3031 R.
669 2971 768 3032 Orione
786 2972 1046 3034 delectamentum
1063 2973 1120 3032 etc.

157 3062 299 3125 Oramus.
344 3065 428 3124 Deus
451 3065 504 3144 qui
525 3065 612 3125 notus
633 3065 688 3124 snb
712 3065 913 3127 Sacraenento
936 3064 1073 3126 mirabili
1100 3111 1107 3125 .
1140 3110 1148 3125 .
1174 3065 1206 3126 et

115 3155 253 3235 reliquae
272 3156 437 3219 Orationes
456 3162 486 3218 ct
506 3177 610 3218 versus
629 3160 666 3217 ut
683 3176 778 3237 supra
795 3177 845 3222 no.
866 3160 936 3232 225,
955 3161 985 3220 4.

155 3248 278 3311 Ultimo
294 3250 388 3312 datur
403 3249 595 3312 Benedictio.

564 3466 678 3537 ΛΒΤ.
708 3465 753 3536 V.

292 3643 460 3696 PRIVATA
480 3644 684 3694 EXPOSITIO
704 3644 753 3694 SS.
774 3641 1026 3696 SACRAMEN'I'I.

156 3816 227 3881 227.
251 3817 415 3899 Expositis
441 3820 564 3899 privata
590 3838 643 3880 seu
669 3819 775 3879 minus
801 3815 948 3879 solemnis
973 3816 1011 3879 fit
1037 3814 1204 3896 aperiendo

113 3912 361 3988 tabernaculum,
383 3913 438 3988 ita,
461 3919 498 3974 ut
522 3912 579 3974 SS.
605 3911 843 3973 Sacramentum
867 3911 899 3972 in
923 3910 1037 3990 pyxide
1060 3909 1126 3972 velo
1148 3929 1205 3973 suo

114 4012 259 4086 cooperta
272 4007 465 4079 ostendatur,
480 4008 555 4086 quin
570 4027 586 4067 e
601 4006 799 4069 tabernaculo
813 4005 1006 4067 extrahatur.
1051 4003 1098 4064 Ex
1112 4023 1205 4066 causa

112 4101 278 4180 privatae.
297 4121 326 4182 g.
347 4102 385 4164 ob
407 4100 624 4162 infirmitatem
643 4099 775 4162 aliamve
794 4119 942 4180 personae
962 4098 1008 4160 vel
1029 4097 1201 4159 communi·

114 4196 188 4256 tatis
201 4197 416 4258 necessitatem
431 4194 497 4256 fieri
512 4198 624 4274 potest,
637 4213 699 4253 non
714 4192 862 4271 requisita
876 4190 1038 4253 Ordinarii
1052 4190 1202 4254 licentia.¹

148 4323 157 4354 ¹
179 4317 240 4367 Non
263 4318 325 4369 licet
349 4318 489 4369 Sacerdoti
512 4334 561 4384 pro
582 4334 632 4370 aua
687 4317 835 4367 fundendis
861 4331 893 4368 ac
919 4323 1015 4384 postea
1040 4317 1107 4369 illud
1132 4318 1203 4370 clau·

111 4395 222 4459 privata
242 4397 384 4446 devotione
405 4411 510 4446 sacrum
532 4396 630 4446 sarar·
686 4396 756 4444 ciere.
813 4394 846 4445 D.
887 4396 927 4446 17.
965 4396 1022 4447 Jul.
1062 4395 1138 4460 1894,
1176 4410 1202 4446 n.

110 4474 235 4521 narsetum
269 4474 376 4538 aperire
409 4489 458 4538 pro
491 4475 630 4523 aclorando
684 4472 760 4521 3832.
779 4473 802 4522 2.

108 4546 296 4611 Sacramenta,
317 4549 443 4613 precibus
463 4550 498 4598 ad
521 4548 629 4597 libitum
