2804 4890
354 693 408 750 Im
430 692 592 753 ormclo
616 695 793 753 SOLEMNI
816 697 1104 754 TENEBRARUM.
1212 688 1272 751 425

222 861 250 920 4.
274 857 345 920 Duo
369 863 510 923 cantores
532 859 720 923 versiculum
744 865 883 937 cantant,
907 867 938 924 et
961 861 1073 923 chorus
1096 859 1272 941 respondet.

181 948 302 1013 Deinde
316 951 355 1012 ad
368 951 465 1014 Potor
478 958 583 1017 noster
602 955 722 1035 (totum
736 956 869 1033 secreto)
888 973 996 1018 omnes
1010 958 1154 1034 surgunt.
1187 950 1272 1014 Inte-

182 1043 252 1118 rim,
278 1043 432 1106 invitante
458 1047 718 1122 anremoniario‚
743 1049 770 1110 is
795 1046 850 1126 qui
874 1049 981 1109 cantat
1005 1045 1272 1118 lamentationem,

180 1135 299 1198 accedit
319 1136 359 1198 ad
380 1137 481 1217 legite,
500 1138 684 1219 genuflectit
705 1138 799 1201 simul
821 1158 894 1201 cum
914 1138 1174 1214 Caeremoniario,
1201 1135 1272 1218 (qui

120 1292 123 1297 Α
181 1229 349 1291 comitatur
362 1251 380 1291 a
395 1230 565 1309 sinistris),
579 1238 611 1296 et
624 1230 764 1295 salutant
779 1232 918 1294 chorum.
958 1232 1169 1295 Salutationes
1185 1229 1272 1293 chori

180 1322 373 1384 omittuntur
396 1322 590 1386 solummodo
614 1325 669 1386 “in
692 1325 791 1387 officio
815 1325 924 1389 Feriae
948 1324 1007 1387 VI.
1030 1324 1068 1385 ab
1090 1322 1272 1387 adoratione

182 1414 291 1476 Crucis
307 1416 459 1496 usquead
475 1416 600 1479 Nonam
619 1416 746 1478 Sabbati
763 1416 917 1480 Sancti.''⁰
956 1417 996 1478 In
1012 1418 1085 1494 fine,
1102 1417 1216 1479 iterata
1232 1414 1272 1476 ad

180 1506 289 1571 Altare
314 1507 530 1588 genuflexione
555 1517 585 1572 et
610 1510 650 1571 ad
676 1510 806 1571 chorum
831 1511 1014 1587 reverentia,
1039 1508 1207 1572 revertitur
1232 1506 1272 1571 ad

179 1598 282 1660 locum
312 1621 414 1677 suurn,
443 1602 613 1664 comitante
644 1602 904 1664 Caeremoniario.
957 1602 1079 1665 Chorus
1107 1607 1269 1665 cantorum

181 1694 410 1772 responsorium
431 1700 547 1757 cantat.
588 1693 639 1758 ita
657 1714 750 1776 porro
770 1715 827 1776 pro
846 1695 975 1776 reliquis
994 1692 1272 1757 lamentationibus

179 1788 211 1846 et
227 1785 422 1861 lectionibus,
438 1786 617 1867 incipiendo
633 1808 651 1849 a
667 1788 833 1850 lectoribus
849 1787 1037 1868 junioribus.

222 1882 249 1939 5.
274 1878 447 1941 Nocturnis
470 1881 620 1942 continuo
644 1879 858 1958 subjiciuntur
881 1879 1013 1943 Laudes.
1060 1879 1111 1942 Ad
1135 1880 1272 1961 primam

179 1971 385 2050 antiphonam
402 1992 509 2033 omnes
527 1993 558 2034 se
575 1972 712 2051 signant.
753 1972 934 2034 Versiculos
951 1976 1097 2035 cantatur
1116 1992 1134 2035 a
1151 1970 1272 2034 duobus

180 2062 367 2125 cantoribus.
411 2064 461 2125 Ad
482 2064 711 2127 intonationem
732 2066 847 2126 cantici
868 2065 1057 2127 Benedictus
1078 2083 1185 2126 omnes
1205 2082 1272 2124 sur-

179 2161 261 2235 gunt
276 2158 351 2216 etse
369 2155 505 2235 signant.

221 2246 326 2307 “Dum
349 2247 466 2308 dicitur
487 2247 669 2310 Versiculos
692 2249 735 2311 Ut
755 2247 822 2312 aine
845 2249 955 2312 timore
976 2255 1033 2312 etc.
1056 2246 1271 2311 Caeremonia-

180 2340 246 2400 rius
261 2358 314 2400 seu
330 2338 444 2419 aliquis
458 2339 646 2420 Capellanus
665 2339 736 2420 [seu
750 2340 926 2420 acolythus]
944 2342 1119 2421 exstinguit
1134 2339 1272 2420 singula·

180 2431 238 2493 tim
255 2432 294 2492 ad
311 2432 480 2512 quemlibet
501 2431 698 2493 Versiculum
715 2432 855 2512 singulos
873 2452 974 2495 cereos
989 2432 1120 2507 Altaria,
1138 2432 1271 2495 alterna·

181 2526 238 2586 tim
254 2523 433 2603 incipiendo
447 2544 466 2587 a
479 2544 576 2588 cornu
590 2522 766 2604 Evangelii,
779 2529 811 2588 et
823 2525 941 2606 pariter
954 2527 1060 2588 omnia
1074 2526 1137 2588 alia
1151 2525 1273 2587 lumina

180 2617 207 2678 si
230 2636 291 2696 qua
314 2621 388 2678 sunt
410 2636 465 2696 per
490 2616 671 2694 Ecclesiam,
694 2615 936 2697 extinguuntur,
960 2623 1177 2699 praeterquam
1200 2622 1273 2680 ante

181 2710 238 2773 SS.
270 2709 517 2772 Sacramentum.
541 2758 548 2772 .
572 2757 580 2771 .
603 2709 684 2771 Cum
713 2711 868 2791 repetitur
895 2710 1079 2793 Antiphone
1106 2711 1145 2773 ad
1174 2711 1272 2773 Bene·

180 2801 293 2879 dictae,
314 2801 604 2864 Caeremoniarius''
631 2800 824 2883 [acolythus]
851 2803 1009 2867 “removet
1030 2824 1068 2868 ex
1088 2802 1273 2866 candelabro

179 2894 369 2975 triangulari
388 2896 519 2956 unicum
537 2914 660 2957 cereum
681 2914 844 2957 accensum
864 2897 898 2957 in
917 2895 1099 2959 summitate
1118 2892 1272 2975 trianguli

182 2988 320 3068 positum
350 3006 482 3066 eumque
514 3007 688 3063 accensum,
720 2988 839 3051 elevata
869 3007 976 3064 manu,
1007 2988 1143 3051 sustinet
1173 3006 1268 3068 super

180 3101 276 3141 cornu
304 3080 463 3160 Epistolao
491 3079 621 3156 Altaria,
647 3085 679 3143 et
705 3100 776 3142 cum
804 3080 969 3144 inchoatur
996 3081 1143 3145 Christus
1167 3083 1273 3163 factus

181 3177 225 3234 eat
244 3193 301 3253 pro
321 3173 410 3234 nobis
429 3179 487 3234 etc.
507 3173 598 3234 illum
618 3172 662 3234 sic
683 3192 845 3235 accensum
866 3172 1028 3236 abscondit
1048 3177 1132 3237 retro
1152 3171 1273 3247 Altare,

181 3266 228 3326 rel
247 3265 309 3325 alio
329 3264 465 3339 modo,'’⁷
484 3286 509 3327 e.
530 3285 559 3345 g.
580 3265 614 3327 in
633 3265 754 3329 laterna
773 3270 967 3346 praeparata.

223 3360 250 3417 6.
275 3356 356 3418 Cum
378 3357 530 3436 incipitur
552 3357 698 3419 Christus
718 3360 822 3439 sactes
844 3364 889 3420 est
911 3363 969 3421 etc.
991 3378 1099 3420 omnes
1117 3356 1271 3438 genuflec-

180 3454 264 3524 tunt,
288 3450 414 3528 “postea
436 3449 548 3510 chorus
573 3448 686 3529 incipit
711 3451 767 3511 sub
791 3449 916 3511 silentio
941 3449 1039 3512 Pater
1061 3456 1176 3525 noster,
1200 3469 1272 3513 mox

182 3541 232 3603 Ps.
248 3541 396 3604 Miserere
413 3542 475 3604 mei
488 3541 574 3603 Deus
588 3547 645 3604 etc.
662 3541 833 3616 modulata,
849 3543 901 3604 sed
916 3541 1013 3605 flebili
1029 3541 1144 3604 roee.''⁸
1182 3542 1272 3603 Tunc

182 3634 332 3714 Superior
347 3633 559 3714 “genuflexus
576 3655 611 3696 ac
626 3635 728 3714 capite
743 3633 975 3714 aliquantulum
994 3634 1145 3699 inclinato
1162 3633 1272 3697 recitat

181 3728 265 3788 clara
287 3748 357 3789 voce
380 3727 554 3791 orationem
576 3726 715 3809 Respice,
738 3748 881 3807 perorarem
889 3748 923 3789 ua
945 3733 1003 3789 ete.
1027 3727 1185 3808 usquead
1211 3726 1274 3803 Qui

181 3824 282 3882 tecum
302 3820 467 3895 exclusive,
485 3819 567 3900 quod
587 3824 701 3881 secrete
717 3818 883 3898 conrplet.’'

221 3912 311 3987 “Qua
331 3912 481 3975 Oratione
502 3910 602 3986 finita,
622 3911 893 3974 Caeremoniarius
913 3932 1009 3974 manu
1030 3911 1198 3976 scabellum
1218 3929 1273 3972 seu

179 4006 295 4068 librum
314 4005 502 4085 percutiens,
521 4023 576 4084 per
592 4003 681 4065 breve
699 4005 848 4083 spatium,
868 4005 1035 4083 strepitum
1054 4005 1272 4084 fragoremque

180 4098 267 4172 facit,
287 4104 319 4160 et
337 4118 356 4161 a
375 4097 486 4161 ceteris
505 4095 652 4159 similiter
673 4096 720 4171 fit,
740 4097 836 4159 donec
858 4097 1128 4161 Caeremoniarius
1148 4115 1272 4159 cereum

179 4190 375 4271 praedictum
391 4208 565 4266 accensum,
581 4189 634 4269 qui
650 4190 753 4252 fuerat
770 4189 980 4264 absconditus,
997 4190 1030 4250 in
1045 4188 1185 4252 medium
1202 4208 1272 4268 pro

181 4285 271 4357 ferat,
294 4303 354 4363 quo
375 4280 507 4363 prolato,
530 4301 637 4344 omnes
659 4300 775 4343 cessare
798 4281 911 4345 debent
934 4302 952 4344 a
974 4282 1119 4362 strepitu.
1164 4279 1272 4343 Finito

213 4428 268 4478 0Ι).
287 4430 363 4478 3059.
382 4428 423 4477 27.
786 4428 880 4481 ⁸Ibid.

214 4504 312 4556 'Gaea
333 4504 384 4569 Ep.
405 4503 445 4554 11.
466 4507 630 4569 22,1letc
