2804 4890
150 702 212 772 572
315 716 400 770 ΑΡΡ.
427 710 468 770 11.
508 710 560 769 DE
583 709 690 768 uuus
714 708 909 770 vuauluus
934 707 1088 767 SACRIS.

149 878 249 959 galeri
272 879 386 959 absque
409 899 496 960 gyro,
519 898 651 959 eumque
675 877 786 958 digitis
810 877 933 941 assidue
958 877 1255 959 apprehenderetur

151 973 305 1049 Biretum,
324 992 441 1034 cornua
460 973 548 1052 quasi
566 991 620 1033 seu
638 971 769 1052 angulos
788 972 822 1032 iu
840 971 935 1034 variis
954 970 1100 1052 partibus
1117 972 1255 1052 accepit,

150 1069 182 1127 et
195 1084 339 1145 processu
358 1066 506 1144 temporIs
520 1065 629 1145 auguli
646 1066 680 1126 iu
696 1064 825 1126 modum
841 1065 942 1126 crucis
957 1067 1095 1144 quatuor
1110 1064 1254 1145 appositi

151 1157 291 1234 fuerunt,
312 1163 343 1220 et
364 1159 408 1220 ita
428 1178 443 1219 e
465 1156 600 1221 rotundo
621 1158 655 1219 iu
676 1156 866 1238 quadratum
886 1155 1014 1221 evasit.’'

193 1249 268 1312 Itali
291 1271 361 1314 vero
383 1250 535 1314 submisso
555 1249 670 1330 angulo
693 1268 746 1312 sou
768 1251 855 1330 apice
876 1254 940 1312 tres
960 1250 1098 1329 reliquos
1120 1256 1256 1314 tantum

150 1342 359 1420 elevaverunt,
381 1343 421 1405 ad
445 1343 604 1420 honorem,
628 1347 664 1405 ut
687 1343 747 1427 ipsi
771 1342 893 1420 dicunt,
917 1343 975 1405 SS.
1000 1344 1189 1405 Trinitatis.

193 1439 221 1497 3.
245 1436 388 1498 Biretum
411 1434 598 1516 quadratum
620 1435 721 1498 tribus
742 1435 883 1517 apicibus
906 1436 1108 1511 instructum,
1134 1437 1182 1499 ita
1205 1457 1256 1498 ca·

150 1529 210 1609 piti
229 1529 413 1609 imponitur,
431 1534 468 1591 ut
484 1549 556 1609 pars
574 1528 639 1605 illa,
658 1547 736 1608 quae
753 1529 840 1608 apice
857 1531 951 1605 caret,
968 1549 986 1590 a
1002 1529 1137 1590 sinistra
1156 1529 1210 1590 sit.

193 1622 232 1683 In
253 1621 356 1684 medio
376 1622 458 1682 iuter
478 1621 580 1700 apices
600 1641 637 1682 ex
658 1619 883 1685 consuetudine
901 1620 1040 1701 generali
1061 1620 1257 1683 admittitur

150 1734 265 1794 parvus
284 1713 430 1774 flosculus
447 1734 485 1776 eu
504 1712 609 1775 serico.

193 1807 337 1867 Biretum
365 1804 521 1868 doctorale
548 1826 611 1867 nou
640 1811 685 1868 est
711 1805 969 1868 confundendum
998 1827 1070 1868 eum
1097 1805 1256 1878 clericali,

151 1897 290 1962 traditur
306 1899 390 1959 euim
409 1919 472 1961 non
492 1903 617 1960 tantum
635 1897 862 1960 Ecclesiastieis
880 1899 933 1960 sed
953 1906 984 1960 et
1003 1899 1091 1960 laicis
1111 1898 1256 1962 doctori·

150 1990 217 2053 bus.

191 2088 220 2147 4.
244 2083 337 2146 Color
360 2083 459 2147 Bireti
482 2084 658 2164 antiquitus
681 2084 849 2163 aliquando
872 2082 1035 2157 violaceus,
1058 2104 1133 2145 mox
1158 2106 1254 2165 geue

149 2177 244 2239 ratim
261 2177 351 2257 niger
367 2177 430 2238 fuit
440 2197 449 2252 ;
466 2175 578 2238 exinde
595 2177 722 2255 nigrum
741 2176 962 2238 assumendum
978 2183 1024 2238 est
1042 2176 1081 2238 ab
1098 2178 1254 2238 omuibus

152 2269 354 2348 Presbyteris,
383 2270 574 2348 minorisque
599 2268 719 2330 ordinis
748 2267 982 2330 Ecclesiasticis.

191 2362 254 2425 Leo
276 2362 374 2423 XIII.
397 2381 452 2441 per
472 2361 609 2423 Litteras
630 2360 824 2440 Apostolicaa
846 2364 863 2420 3
887 2361 958 2422 Feb.
981 2363 1060 2421 1888
1082 2365 1253 2437 concessit,

150 2461 185 2517 ut
212 2454 358 2534 Episcopi
386 2455 491 2515 Bircto
513 2453 640 2514 violacei
665 2453 776 2514 eoloris
799 2454 848 2514 uti
871 2454 966 2515 libere
992 2454 1133 2533 [icissiut;
1157 2468 1254 2534 ablue

149 2548 206 2610 hoc
223 2549 266 2609 ita
284 2547 347 2607 illis
363 2548 525 2626 proprium
542 2546 650 2613 voluit.
665 2550 699 2606 ut
716 2547 806 2620 alius,
822 2547 876 2624 qui
892 2546 1069 2625 Episcopali
1088 2545 1255 2625 dignitate

151 2661 214 2700 uon
244 2642 285 2701 sit
317 2639 497 2719 insignitus,
530 2638 685 2716 ejusmodi
718 2643 901 2700 ornamento
934 2637 1117 2700 nullatenus
1152 2642 1253 2721 potiri

150 2738 251 2812 queat.

194 2827 225 2886 S.
246 2826 280 2886 R.
300 2826 337 2886 E.
357 2824 539 2886 Cardiuules
556 2826 698 2885 Biretum
717 2824 830 2885 babent
851 2825 937 2885 rubri
955 2822 1066 2885 eoloris
1084 2825 1253 2888 conforme

153 2919 290 2996 ipsorum
311 2917 387 2978 vasti
404 2916 506 2990 talari,
522 2936 600 2996 quae
616 2917 712 2978 etiam
728 2921 774 2978 est
791 2915 893 2978 rubra.

194 3015 219 3070 5,
245 3008 353 3083 Quoad
392 3012 524 3070 aetatem
564 3009 663 3068 Bireti
703 3009 861 3088 sequeutia
899 3014 1009 3070 notatu
1048 3008 1148 3087 digna
1186 3032 1252 3072 esse

151 3102 314 3163 videntur:

194 3196 335 3255 Biretuur
371 3196 401 3254 iu
436 3215 490 3255 sua
522 3195 623 3256 forma
654 3193 815 3274 qcradrata,
849 3194 949 3273 quadis
978 3193 1071 3256 hodie
1103 3194 1252 3262 habetur.

152 3287 273 3349 saeculo
295 3287 384 3347 XI'I.
408 3287 439 3347 iu
461 3307 552 3347 usum
574 3288 668 3355 veuit,
689 3308 725 3346 ex
746 3307 806 3366 quo
826 3292 964 3365 tempore
985 3306 1100 3365 paucae
1121 3293 1250 3350 tautum

152 3380 398 3441 modificationes
420 3380 520 3439 locum
542 3379 727 3439 habueruut.
771 3379 819 3439 Ita
844 3379 988 3456 Synodus
1011 3379 1250 3442 Mecliiiuieusis

158 3476 271 3550 (totu)
291 3472 491 3551 praeseribit:
510 3473 520 3545 (
528 3471 657 3541 Clerici)
679 3471 828 3533 t'ierieale
842 3472 986 3540 biretum,
998 3471 1080 3551 quod
1094 3479 1143 3534 est
1156 3474 1250 3535 eccie-

152 3565 347 3626 siasticouuu
367 3564 528 3625 bominum
547 3564 719 3642 proprium,
738 3564 774 3623 ad
794 3564 894 3623 anuis
915 3564 1047 3623 sormam
1067 3565 1249 3626 coniectum

152 3678 273 3737 semper
298 3664 416 3735 gerant.
465 3655 589 3718 Similia
615 3659 732 3717 statuta
760 3656 792 3716 iu
819 3655 889 3716 aliis
915 3655 1041 3733 synodis
1066 3662 1248 3718 occurrunt.

153 3751 294 3828 Vestigia
312 3750 410 3810 Bircti
427 3749 582 3809 anteriora
600 3749 664 3825 jam
681 3748 801 3810 saeculo
820 3748 896 3809 XII.
917 3748 1131 3811 inveniuntur.
1162 3751 1248 3812 Bire·

152 3848 230 3917 tum,
249 3843 329 3923 quod
351 3848 426 3903 tunc
444 3842 592 3920 temporis
611 3839 777 3901 mentiatur
798 3841 914 3916 Piieus,
934 3861 997 3903 non
1018 3842 1155 3904 formam
1176 3864 1247 3924 qua·

152 3937 273 3998 drutarn
298 3935 349 3995 sed
377 3933 542 3994 rotundam
568 3933 708 3999 babebat.
734 3952 833 4011 nequo
858 3938 922 3995 tam
946 3933 1008 3995 alte
1033 3954 1129 4013 super
1154 3942 1246 4016 eaput

151 4029 307 4090 eminebat
325 4049 359 4089 ac
377 4047 460 4087 uuue
479 4025 614 4087 eminere
633 4024 719 4087 solet.

194 4125 220 4180 6.
246 4122 387 4180 Biretum
408 4140 469 4179 uon
488 4123 532 4180 eat
554 4123 767 4191 torgiuuentum
787 4118 979 4180 destinatum
997 4119 1036 4180 ad
1057 4119 1138 4182 solas
1158 4122 1246 4183 fune·

150 4216 251 4276 tiones
272 4211 445 4288 liturgicus.
488 4212 651 4273 Praeterea
672 4212 703 4272 111
724 4211 807 4273 hisce
828 4211 1045 4273 functionibus
1066 4232 1143 4274 usus
1165 4215 1246 4291 ejus-

151 4307 219 4368 dem
243 4305 408 4368 limitatur.
453 4304 603 4365 [iubricae
624 4303 744 4378 dicunt,
768 4305 910 4367 Biretum
933 4325 996 4365 esse
1019 4304 1245 4384 imponendum

150 4404 222 4461 aute
254 4403 284 4460 et.
315 4401 385 4478 post.
417 4399 555 4458 Missum.
600 4396 775 4458 Adhibetur
807 4397 900 4457 etium
934 4397 965 4456 iu
996 4397 1247 4476 processionibus

150 4494 285 4570 exceptis
309 4492 381 4558 iliis,
405 4512 481 4569 oriae
503 4490 583 4551 bunt
608 4510 678 4550 cum
704 4490 760 4550 88.
788 4489 998 4550 Sacraureuto.
1041 4489 1169 4562 Clerici,
1195 4494 1245 4574 qui
