2804 4890
288 687 343 743 DE
365 685 560 742 EPISTOLA
581 683 714 751 USQUE
736 682 790 736 AI)
813 679 1111 736 OFFERTORIUM.
1208 669 1247 730 41

200 861 250 938 (e)
280 858 413 921 Ratione
431 856 631 930 celebritatis,
648 859 684 916 ut
702 853 843 915 infestis
862 853 1072 914 Patronorum
1089 851 1245 933 principa-

153 953 257 1027 lium,⁵
280 958 312 1014 et
335 950 407 1012 aliis
430 949 567 1029 propriis
592 949 730 1010 locorum
754 951 785 1007 et
809 946 1021 1007 Ecclesiarum
1044 945 1084 1007 ad
1108 965 1185 1025 quae
1210 945 1246 1006 fit

153 1044 422 1107 extraordinarius
443 1061 612 1104 concursus
633 1040 785 1120 populi;⁶
807 1039 943 1101 infesto
965 1039 1119 1100 'I'itularis
1141 1038 1246 1102 Eccle-

155 1139 217 1202 siae
235 1144 267 1200 et
287 1137 426 1199 Oratorii
445 1135 627 1198 solemniter
646 1133 816 1194 consecrati
836 1133 883 1193 rel
904 1132 1067 1193 benedieti.
1114 1132 1247 1212 Singula

155 1235 376 1311 proponuntur
395 1228 491 1291 Rubr.
513 1225 622 1290 Titulo
641 1225 702 1287 XI.

194 1324 298 1388 Credo
311 1324 408 1386 etiam
422 1322 496 1385 addi
512 1321 613 1394 debet,
627 1321 654 1383 si
670 1321 789 1382 festum
805 1322 833 1382 2.
850 1319 900 1395 el.,
915 1320 997 1400 quod
1012 1340 1068 1400 per
1082 1341 1114 1382 se
1130 1318 1250 1399 symbe

155 1415 219 1477 lum
239 1435 303 1479 uon
323 1415 468 1476 admittit
489 1413 574 1475 eadit
595 1415 628 1473 in
648 1413 766 1473 festum
786 1411 872 1491 dupl.
894 1412 969 1491 maj.
992 1413 1039 1474 vel
1058 1411 1147 1487 min,
1168 1410 1249 1491 quod

155 1508 205 1585 jus
222 1507 263 1569 ad
281 1506 457 1586 symbolum
475 1504 591 1566 babet.⁷

197 1602 224 1659 7.
251 1598 420 1660 Memoriae
449 1596 606 1677 juvandae
634 1596 730 1656 datur
759 1596 882 1673 regula:
912 1594 992 1655 DAP
1021 1596 1130 1667 credit,
1160 1594 1246 1656 ΜΗΘ

157 1713 216 1754 non
234 1691 344 1759 credit,
362 1692 382 1752 i.
399 1712 425 1753 e.
443 1691 569 1765 habent,
585 1694 641 1752 aut
657 1710 720 1751 non
736 1689 852 1750 habent
870 1688 979 1751 Credo.
1022 1687 1120 1749 DAP:
1140 1689 1201 1750 Per
1215 1689 1245 1750 D

156 1785 378 1865 significantur
400 1783 481 1846 festa
504 1782 646 1858 Domini,
669 1782 824 1844 Dominae
848 1782 883 1842 B.
910 1782 953 1842 M.
979 1782 1029 1857 V.,
1052 1781 1247 1854 Dominieae‚

156 1878 237 1941 festa
255 1878 427 1939 Doctorum
445 1876 611 1938 Ecclesiae.
652 1876 713 1937 Per
730 1877 756 1936 A
776 1875 997 1954 significantur
1014 1877 1095 1938 festa
1111 1874 1247 1955 Angelo-

156 1991 225 2032 rum
239 1978 271 2033 et
284 1969 517 2049 Apostolorum.
564 1970 624 2031 Per
637 1970 665 2030 P
679 1971 760 2031 festa
772 1970 960 2048 principalia
973 1971 1185 2031 Patronorum
1200 1969 1246 2031 vel

151 2063 346 2126 Titularium
359 2062 583 2143 principalium
601 2064 681 2141 (non
693 2062 965 2141 secundariorum)
984 2062 1139 2124 Ecclesiae
1149 2083 1158 2138 ;
1169 2061 1245 2123 diei-

154 2163 209 2220 tur
224 2158 324 2219 Credo
340 2157 465 2237 quando
481 2158 513 2218 in
528 2158 595 2237 ipsa
611 2156 750 2218 Ecclesia
764 2155 866 2217 Tituli
882 2155 1065 2231 celebratur,
1080 2176 1143 2217 nou
1158 2160 1247 2218 extra

152 2271 234 2324 eam,
260 2251 322 2311 nisi
348 2251 442 2316 aliter
467 2250 605 2311 Titulari
638 2252 679 2327 (e.
706 2269 735 2328 g.
763 2249 929 2329 Apostolo)
961 2250 1111 2311 debeatur
1137 2251 1245 2313 Credo.

154 2343 196 2406 In
216 2344 306 2407 lestis
327 2343 458 2405 Patroni
477 2343 615 2405 civitatis
635 2348 692 2404 etc.
713 2342 831 2403 dieitur
851 2343 950 2405 Credo
970 2343 1005 2403 in
1025 2344 1169 2404 omnibus
1190 2343 1247 2404 Ee-

152 2437 258 2499 elesiia
283 2444 313 2498 et
341 2437 495 2498 Oratoriis
520 2437 658 2498 civitatis
684 2441 741 2498 etc.
785 2435 871 2497 ΜΗΘ
898 2457 960 2497 non
988 2436 1104 2498 eredit:
1131 2456 1185 2517 per
1210 2438 1246 2497 M

151 2531 377 2611 significantur
390 2530 471 2591 festa
482 2531 661 2608 Martyrum
672 2551 680 2605 ;
692 2550 748 2610 per
764 2531 793 2591 U
810 2530 903 2608 (alias
920 2531 963 2608 V)
983 2530 1064 2591 festa
1078 2530 1247 2610 Virginum

151 2630 187 2686 et
205 2644 269 2686 non
294 2624 320 2682 V
322 2624 472 2702 irginum‚
491 2643 546 2703 per
566 2624 591 2685 O
611 2625 691 2685 festa
711 2622 942 2687 Confessorum.

197 2720 226 2780 8.
249 2717 279 2777 A
300 2716 507 2796 Regularibus
526 2717 644 2778 dieitur
664 2718 763 2779 Credo
782 2717 817 2777 iu
836 2717 925 2779 festis
944 2717 1171 2797 principalibus
1190 2717 1247 2778 Or-

152 2810 251 2884 dinis,
268 2811 287 2870 i.
304 2831 330 2872 e.
349 2810 567 2872 Fundatorum
582 2830 636 2872 seu
655 2810 880 2872 Institutorum
899 2809 1065 2871 Ordinum.
1112 2811 1247 2871 Nomine

106 2980 107 2985 η
154 2904 311 2967 festorum
340 2904 563 2984 principalium
593 2923 650 2984 pro
679 2909 745 2966 toto
776 2904 894 2966 Ordine
925 2904 1085 2965 Minorum
1116 2905 1247 2966 veniunt

152 2998 251 3059 etiam
268 2998 349 3059 lesta
365 2997 494 3058 Ordinis
510 3017 587 3076 quae
603 2998 659 3058 sub
675 2998 738 3059 ritu
755 2997 841 3075 dupl.
860 3002 906 3056 1²²⁰
923 2998 969 3059 rel
986 3002 1033 3057 2³⁰
1049 2998 1154 3059 classis
1171 3000 1246 3059 cele·

154 3087 289 3152 brantur
311 3092 364 3167 (ex
382 3091 573 3170 praescripto
591 3090 740 3169 peculiari
759 3089 895 3151 Missalis
912 3091 1038 3170 approb.
1056 3111 1138 3152 anno
1157 3094 1247 3166 1864,

154 3188 238 3245 etex
254 3185 345 3263 praxi
360 3184 522 3262 antiqua).

199 3277 280 3339 ltem
302 3277 516 3338 Benedictinis
533 3278 720 3356 permissum
737 3281 794 3352 est,
811 3283 848 3339 ut
865 3298 957 3338 usum
977 3279 1109 3339 retinere
1127 3279 1248 3357 possint

159 3370 291 3432 addendi
307 3369 490 3448 Symbolum
505 3371 536 3429 in
551 3371 640 3431 festis
656 3371 842 3432 Sanctorum
857 3370 986 3431 Ordinis
999 3392 1025 3431 r.
1040 3392 1069 3449 g.
1086 3373 1116 3431 S.
1134 3371 1248 3443 Mauri,

161 3461 427 3536 &scholasticae
445 3463 475 3523 S.
494 3463 615 3524 Placidi
631 3468 661 3524 et
678 3463 708 3523 S.
727 3464 892 3525 (lertrudis
908 3465 1028 3526 ratione
1044 3465 1124 3525 ritus
1141 3485 1247 3525 seeun-

162 3554 213 3618 dae
229 3558 346 3618 classis.
395 3593 399 3600 ·

200 3649 365 3713 Praeterea
398 3652 579 3730 Syrnbolum
615 3651 749 3712 dicitur:
778 3653 829 3728 (ol
869 3652 900 3712 in
933 3652 1021 3712 festis
1054 3652 1246 3713 secundariis

164 3738 368 3805 Patronorum
389 3742 556 3813 Dioccesis,
577 3744 793 3805 Fundatorum
815 3745 943 3805 Ordinis
963 3751 994 3806 et
1015 3746 1168 3805 'l'itularis
1191 3746 1246 3805 Ec-

164 3834 297 3911 etesiae?
319 3838 371 3914 (b)
401 3839 433 3898 in
450 3838 539 3899 festis
556 3839 743 3900 Sanctorum
765 3840 826 3915 (rel
844 3840 1013 3900 Beatorum
1030 3859 1066 3901 ex
1084 3839 1247 3914 indulto),

165 3926 326 4010 dequibus
347 3931 479 3993 habetur
498 3932 632 4010 insignis
654 3932 806 4011 lleliquia,
826 3938 859 3994 at
879 3933 912 3992 in
933 3933 1001 4011 ipsa
1020 3932 1159 3993 Ecclesia
1179 3937 1247 3994 tan-

165 4025 242 4099 tum3
270 4025 320 4103 (c)
350 4024 382 4085 iu
403 4025 549 4087 omnibus
572 4025 670 4097 festis,
692 4046 769 4105 quae
790 4027 875 4086 infra
897 4030 1019 4087 octavas
1041 4025 1247 4100 celebrantur,

165 4114 321 4198 inquibus
340 4119 461 4181 ratione
478 4124 603 4181 octavae
621 4119 684 4180 diei
702 4119 800 4180 debet.

193 4313 255 4363 ⁸In
278 4318 393 4380 utroque
416 4315 490 4367 festo
512 4315 540 4366 S.
565 4316 675 4381 Joseph.
764 4314 819 4366 τΙ).
838 4317 879 4368 21.
898 4315 964 4366 Juu.
984 4315 1059 4366 1912.

192 4389 254 4441 ⁸1).
279 4392 355 4443 1228.
395 4391 506 4442 Merati.
765 4389 1250 4453 ⁸1).10.N0v.1906,n.4192.4.
