2804 4890
356 648 443 706 APP.
467 648 509 707 Il.
555 649 609 705 DE
631 650 735 708 VELO
757 651 1007 711 OSTENSORII.
1172 643 1232 706 585

182 819 211 881 2.
234 816 349 880 Velum
379 816 499 882 ciborii
526 824 574 881 est
601 839 705 882 reeens
734 819 910 883 Institutio.
961 820 1092 884 Carolus
1120 820 1231 883 Borro

140 929 247 972 maeus
266 911 388 991 primus
408 910 483 986 tuit,
503 911 558 992 qui
578 911 657 973 illud
678 932 733 992 pro
755 932 810 973 sua
832 911 1062 975 Archidioecesi
1082 911 1232 974 Mediola-

141 1004 230 1064 nensi
250 1003 461 1084 praescripsit,
479 1024 496 1065 e
516 1023 576 1083 quo
595 1008 734 1085 tempore
753 1008 860 1085 postea
879 1005 1046 1087 paullatim
1065 1025 1132 1068 mos
1150 1023 1233 1068 eom·

140 1096 246 1157 munis
268 1094 375 1159 evasit

452 1294 484 1345 B.
498 1293 549 1344 DE
561 1293 660 1346 VELO
673 1295 905 1346 OSTENSORII.

182 1443 252 1506 ata.
277 1443 494 1508 Ostensorium
512 1447 664 1525 cooperiri
684 1446 775 1509 debet
793 1447 860 1510 velo
878 1447 958 1523 albo,
977 1446 1101 1529 quando
1118 1449 1181 1509 stat
1199 1445 1233 1507 in

139 1537 243 1600 Altari
264 1544 336 1600 ante
356 1543 388 1602 et
409 1543 480 1619 post
501 1537 726 1618 expositionem
751 1538 835 1600 Ssmi
857 1539 1075 1602 Sacramenti.¹
1123 1539 1232 1618 Hujus

140 1633 245 1712 pruris
263 1632 455 1694 mentionem
472 1632 540 1710 jam
555 1631 634 1693 tacit
653 1632 797 1694 (lavanti.
837 1631 918 1692 Cum
935 1632 974 1694 de
990 1631 1121 1695 materia
1137 1631 1233 1709 hujus

140 1724 198 1785 veli
219 1724 299 1786 nihil
323 1728 491 1800 statuatur,
513 1723 623 1786 confici
646 1728 748 1805 potest
769 1745 807 1786 ex
829 1726 911 1799 lana,
933 1725 1077 1805 gossypio
1099 1725 1147 1787 vel
1169 1724 1231 1787 alia

139 1817 200 1879 tela
217 1817 348 1880 decenti.
388 1817 428 1879 In
444 1838 516 1880 casu
531 1823 648 1893 autem,
664 1837 725 1897 quo
743 1817 960 1880 Ostensorinm
976 1838 1048 1879 oum
1067 1819 1098 1879 S.
1116 1817 1232 1880 Hostia

140 1911 172 1971 in
186 1910 385 1974 tabernaculo
399 1908 584 1984 includitur,
596 1910 690 1972 sicuti
703 1909 742 1971 fit
756 1910 913 1990 aliquibus
925 1909 1010 1986 loeis,
1024 1909 1128 1975 velum
1141 1909 1232 1974 debet

140 2023 204 2064 esse
218 2022 361 2065 sericum.

138 2156 242 2207 Viertel
266 2157 340 2207 eines
365 2156 477 2207 Kreises
502 2155 658 2218 ‹lantellen‚
709 2154 818 2207 bunden
840 2155 916 2220 wird,
938 2157 993 2206 und
1016 2156 1124 2208 endlich
1145 2155 1230 2207 Velan

138 2233 278 2283 weiterhin
300 2232 384 2282 Velen
407 2232 435 2280 in
456 2232 564 2282 Geatalt
585 2232 659 2282 einen
710 2230 737 2279 in
770 2230 852 2280 Form
885 2230 960 2282 eines
992 2246 1042 2282 ana
1075 2232 1132 2283 viar
1165 2233 1230 2283 odor

137 2308 293 2370 Rechteoks‚
333 2309 414 2358 deren
453 2307 532 2369 obers
569 2307 658 2373 Lang-
708 2308 784 2356 seohs
812 2304 946 2357 Stneoken
974 2314 1229 2374 zmammengesetz·

137 2384 204 2436 seito
222 2385 326 2434 mittola
343 2384 417 2434 einer
435 2383 539 2433 Sahnur
558 2398 657 2434 zusam-
709 2386 754 2431 ten
778 2381 967 2434 Haeubehena.
1015 2383 1131 2449 (Braun,
1155 2384 1229 2435 Hdb.

138 2474 318 2524 mengezogen
349 2460 403 2509 und
437 2460 509 2509 dann
541 2475 585 2509 um
615 2459 659 2510 dia
709 2457 733 2507 d.
753 2457 939 2523 Paramantik,
955 2475 982 2525 p.
1000 2459 1075 2523 248.)

137 2534 231 2600 Spitza
251 2535 298 2585 dea
315 2533 560 2588 Ziboriumdeelrela
578 2549 659 2601 anga-
746 2529 802 2581 ²D.
818 2531 947 2598 211113.
965 2532 1041 2597 1911,
1056 2547 1083 2583 n.
1099 2534 1176 2583 4268.
1193 2533 1217 2585 t.
