<?xml version="1.0" encoding="UTF-8"?>
<!DOCTYPE html PUBLIC "-//W3C//DTD XHTML 1.0 Transitional//EN"
    "http://www.w3.org/TR/xhtml1/DTD/xhtml1-transitional.dtd">
<html xmlns="http://www.w3.org/1999/xhtml" xml:lang="en" lang="en">
 <head>
  <title>
</title>
<meta http-equiv="Content-Type" content="text/html;charset=utf-8" />
  <meta name='ocr-system' content='tesseract 3.04.00' />
  <meta name='ocr-capabilities' content='ocr_page ocr_carea ocr_par ocr_line ocrx_word'/>
</head>
<body>
  <div class='ocr_page' id='page_1' title='image "./compendiumsacra00wapegoog_0118.png"; bbox 0 0 2804 4890; ppageno 0'>
   <div class='ocr_carea' id='block_1_1' title="bbox 444 699 1242 766">
    <p class='ocr_par' dir='ltr' id='par_1_1' title="bbox 444 699 1242 766">
     <span class='ocr_line' id='line_1_1' title="bbox 444 699 1242 766; baseline -0.004 -3"><span class='ocrx_word' id='word_1_1' title='bbox 444 704 498 763; x_wconf 78' lang='lat' dir='ltr'>DE</span> <span class='ocrx_word' id='word_1_2' title='bbox 520 707 723 764; x_wconf 81' lang='lat' dir='ltr'>ORATIONE</span> <span class='ocrx_word' id='word_1_3' title='bbox 748 709 958 766; x_wconf 84' lang='lat' dir='ltr'><strong>DOMINIGA.</strong></span> <span class='ocrx_word' id='word_1_4' title='bbox 1186 699 1242 761; x_wconf 89' lang='grc'>101</span> 
     </span>
    </p>
   </div>
   <div class='ocr_carea' id='block_1_2' title="bbox 154 874 1247 3388">
    <p class='ocr_par' dir='ltr' id='par_1_2' title="bbox 157 874 1244 2157">
     <span class='ocr_line' id='line_1_2' title="bbox 197 874 1242 959; baseline 0.006 -21"><span class='ocrx_word' id='word_1_5' title='bbox 197 874 246 938; x_wconf 82' lang='lat'>64.</span> <span class='ocrx_word' id='word_1_6' title='bbox 269 875 411 941; x_wconf 86' lang='lat' dir='ltr'>“Deinde</span> <span class='ocrx_word' id='word_1_7' title='bbox 435 877 584 958; x_wconf 89' lang='lat' dir='ltr'>depositis</span> <span class='ocrx_word' id='word_1_8' title='bbox 608 879 752 940; x_wconf 84' lang='lat' dir='ltr'>manibus</span> <span class='ocrx_word' id='word_1_9' title='bbox 776 880 853 941; x_wconf 91' lang='lat' dir='ltr'>dicit</span> <span class='ocrx_word' id='word_1_10' title='bbox 876 885 1009 943; x_wconf 88' lang='lat' dir='ltr'>secreto:</span> <span class='ocrx_word' id='word_1_11' title='bbox 1043 881 1128 959; x_wconf 78' lang='lat' dir='ltr'>Quid</span> <span class='ocrx_word' id='word_1_12' title='bbox 1151 882 1242 945; x_wconf 79' lang='lat' dir='ltr'>retri-</span> 
     </span>
     <span class='ocr_line' id='line_1_3' title="bbox 159 970 1243 1053; baseline 0.006 -23"><span class='ocrx_word' id='word_1_13' title='bbox 159 970 249 1031; x_wconf 87' lang='lat' dir='ltr'>buum</span> <span class='ocrx_word' id='word_1_14' title='bbox 269 970 407 1034; x_wconf 77' lang='lat' dir='ltr'>Domino</span> <span class='ocrx_word' id='word_1_15' title='bbox 428 993 484 1053; x_wconf 90' lang='lat' dir='ltr'>pro</span> <span class='ocrx_word' id='word_1_16' title='bbox 506 971 651 1035; x_wconf 74' lang='lat' dir='ltr'>ominibus</span> <span class='ocrx_word' id='word_1_17' title='bbox 672 994 749 1053; x_wconf 35' lang='lat' dir='ltr'>q‘uue</span> <span class='ocrx_word' id='word_1_18' title='bbox 771 974 918 1036; x_wconf 70' lang='lat' dir='ltr'><strong><em>retribuit</em></strong></span> <span class='ocrx_word' id='word_1_19' title='bbox 940 974 1041 1036; x_wconf 77' lang='lat' dir='ltr'>miti?</span> <span class='ocrx_word' id='word_1_20' title='bbox 1061 981 1092 1037; x_wconf 88' lang='lat' dir='ltr'>et</span> <span class='ocrx_word' id='word_1_21' title='bbox 1114 975 1243 1038; x_wconf 89' lang='lat' dir='ltr'>interim</span> 
     </span>
     <span class='ocr_line' id='line_1_4' title="bbox 159 1063 1243 1146; baseline 0.006 -23"><span class='ocrx_word' id='word_1_22' title='bbox 159 1063 343 1145; x_wconf 74' lang='lat' dir='ltr'>discooperit</span> <span class='ocrx_word' id='word_1_23' title='bbox 366 1066 504 1138; x_wconf 83' lang='lat' dir='ltr'>calicem,</span> <span class='ocrx_word' id='word_1_24' title='bbox 525 1065 719 1145; x_wconf 90' lang='lat' dir='ltr'>genuflectit,</span> <span class='ocrx_word' id='word_1_25' title='bbox 743 1066 854 1145; x_wconf 82' lang='lat' dir='ltr'>surgit,</span> <span class='ocrx_word' id='word_1_26' title='bbox 878 1068 993 1146; x_wconf 83' lang='lat' dir='ltr'>accipit</span> <span class='ocrx_word' id='word_1_27' title='bbox 1016 1072 1172 1146; x_wconf 81' lang='lat' dir='ltr'>patenam,</span> <span class='ocrx_word' id='word_1_28' title='bbox 1196 1068 1243 1129; x_wconf 92' lang='lat' dir='ltr'>in-</span> 
     </span>
     <span class='ocr_line' id='line_1_5' title="bbox 159 1157 1244 1240; baseline 0.003 -22"><span class='ocrx_word' id='word_1_29' title='bbox 159 1157 250 1237; x_wconf 89' lang='lat' dir='ltr'>spicit</span> <span class='ocrx_word' id='word_1_30' title='bbox 268 1159 437 1238; x_wconf 85' lang='lat' dir='ltr'>corporale,</span> <span class='ocrx_word' id='word_1_31' title='bbox 457 1158 580 1238; x_wconf 79' lang='lat' dir='ltr'>colligit</span> <span class='ocrx_word' id='word_1_32' title='bbox 599 1159 777 1238; x_wconf 80' lang='lat' dir='ltr'>fragments</span> <span class='ocrx_word' id='word_1_33' title='bbox 797 1180 868 1221; x_wconf 88' lang='lat' dir='ltr'>cum</span> <span class='ocrx_word' id='word_1_34' title='bbox 889 1164 1013 1240; x_wconf 83' lang='lat' dir='ltr'>patena,</span> <span class='ocrx_word' id='word_1_35' title='bbox 1033 1162 1060 1222; x_wconf 91' lang='lat' dir='ltr'>si</span> <span class='ocrx_word' id='word_1_36' title='bbox 1081 1180 1158 1240; x_wconf 85' lang='lat' dir='ltr'>quae</span> <span class='ocrx_word' id='word_1_37' title='bbox 1179 1160 1244 1223; x_wconf 92' lang='lat' dir='ltr'>sint</span> 
     </span>
     <span class='ocr_line' id='line_1_6' title="bbox 158 1250 1244 1333; baseline 0.006 -22"><span class='ocrx_word' id='word_1_38' title='bbox 158 1252 189 1312; x_wconf 93' lang='lat' dir='ltr'>in</span> <span class='ocrx_word' id='word_1_39' title='bbox 207 1250 273 1325; x_wconf 89' lang='lat' dir='ltr'>eo,’&#39;</span> <span class='ocrx_word' id='word_1_40' title='bbox 291 1250 433 1314; x_wconf 88' lang='lat' dir='ltr'>ducendo</span> <span class='ocrx_word' id='word_1_41' title='bbox 450 1255 596 1332; x_wconf 82' lang='lat' dir='ltr'>putenam</span> <span class='ocrx_word' id='word_1_42' title='bbox 615 1254 798 1332; x_wconf 80' lang='lat' dir='ltr'>praesertim</span> <span class='ocrx_word' id='word_1_43' title='bbox 818 1253 871 1313; x_wconf 92' lang='lat' dir='ltr'>ubi</span> <span class='ocrx_word' id='word_1_44' title='bbox 892 1254 993 1316; x_wconf 85' lang='lat' dir='ltr'>hostia</span> <span class='ocrx_word' id='word_1_45' title='bbox 1012 1255 1122 1333; x_wconf 82' lang='lat' dir='ltr'>jacuit,</span> <span class='ocrx_word' id='word_1_46' title='bbox 1142 1254 1187 1317; x_wconf 84' lang='lat' dir='ltr'>ite</span> <span class='ocrx_word' id='word_1_47' title='bbox 1206 1259 1244 1317; x_wconf 90' lang='lat' dir='ltr'>ut</span> 
     </span>
     <span class='ocr_line' id='line_1_7' title="bbox 158 1343 1243 1426; baseline 0.005 -22"><span class='ocrx_word' id='word_1_48' title='bbox 158 1343 333 1424; x_wconf 78' lang='lat' dir='ltr'>fragmento</span> <span class='ocrx_word' id='word_1_49' title='bbox 351 1344 385 1406; x_wconf 92' lang='lat' dir='ltr'>in</span> <span class='ocrx_word' id='word_1_50' title='bbox 403 1365 503 1406; x_wconf 91' lang='lat' dir='ltr'>unum</span> <span class='ocrx_word' id='word_1_51' title='bbox 522 1345 692 1425; x_wconf 80' lang='lat' dir='ltr'>corporalis</span> <span class='ocrx_word' id='word_1_52' title='bbox 711 1345 813 1408; x_wconf 90' lang='lat' dir='ltr'>locum</span> <span class='ocrx_word' id='word_1_53' title='bbox 832 1346 970 1426; x_wconf 86' lang='lat' dir='ltr'>colligat,</span> <span class='ocrx_word' id='word_1_54' title='bbox 989 1353 1021 1410; x_wconf 93' lang='lat' dir='ltr'>et</span> <span class='ocrx_word' id='word_1_55' title='bbox 1039 1351 1116 1409; x_wconf 88' lang='lat' dir='ltr'>tuuc</span> <span class='ocrx_word' id='word_1_56' title='bbox 1135 1347 1191 1409; x_wconf 84' lang='lat' dir='ltr'>ille</span> <span class='ocrx_word' id='word_1_57' title='bbox 1209 1347 1243 1409; x_wconf 93' lang='lat' dir='ltr'>in</span> 
     </span>
     <span class='ocr_line' id='line_1_8' title="bbox 158 1439 1243 1521; baseline 0.003 -22"><span class='ocrx_word' id='word_1_58' title='bbox 158 1445 300 1517; x_wconf 79' lang='lat' dir='ltr'>putenam</span> <span class='ocrx_word' id='word_1_59' title='bbox 323 1439 445 1519; x_wconf 82' lang='lat' dir='ltr'>recipit,</span> <span class='ocrx_word' id='word_1_60' title='bbox 466 1439 544 1500; x_wconf 94' lang='lat' dir='ltr'>dum</span> <span class='ocrx_word' id='word_1_61' title='bbox 565 1459 661 1500; x_wconf 84' lang='lat' dir='ltr'>manu</span> <span class='ocrx_word' id='word_1_62' title='bbox 682 1440 811 1501; x_wconf 81' lang='lat' dir='ltr'>sinistra</span> <span class='ocrx_word' id='word_1_63' title='bbox 832 1440 990 1521; x_wconf 85' lang='lat' dir='ltr'>corporale</span> <span class='ocrx_word' id='word_1_64' title='bbox 1012 1441 1055 1502; x_wconf 92' lang='lat' dir='ltr'>ibi</span> <span class='ocrx_word' id='word_1_65' title='bbox 1077 1439 1243 1521; x_wconf 84' lang='lat' dir='ltr'>paululum</span> 
     </span>
     <span class='ocr_line' id='line_1_9' title="bbox 157 1530 1243 1614; baseline 0.003 -22"><span class='ocrx_word' id='word_1_66' title='bbox 157 1532 261 1593; x_wconf 84' lang='lat' dir='ltr'>elevat.</span> <span class='ocrx_word' id='word_1_67' title='bbox 306 1530 428 1597; x_wconf 89' lang='lat' dir='ltr'>Deinde</span> <span class='ocrx_word' id='word_1_68' title='bbox 449 1552 545 1593; x_wconf 86' lang='lat' dir='ltr'>manu</span> <span class='ocrx_word' id='word_1_69' title='bbox 566 1532 696 1595; x_wconf 85' lang='lat' dir='ltr'>sinistre</span> <span class='ocrx_word' id='word_1_70' title='bbox 717 1533 832 1613; x_wconf 83' lang='lat' dir='ltr'>accipit</span> <span class='ocrx_word' id='word_1_71' title='bbox 852 1539 999 1613; x_wconf 82' lang='lat' dir='ltr'>patenum</span> <span class='ocrx_word' id='word_1_72' title='bbox 1019 1553 1057 1596; x_wconf 87' lang='lat' dir='ltr'>ex</span> <span class='ocrx_word' id='word_1_73' title='bbox 1078 1537 1168 1614; x_wconf 86' lang='lat' dir='ltr'>parte</span> <span class='ocrx_word' id='word_1_74' title='bbox 1188 1532 1243 1596; x_wconf 90' lang='lat' dir='ltr'>ubi</span> 
     </span>
     <span class='ocr_line' id='line_1_10' title="bbox 158 1625 1243 1708; baseline 0.003 -23"><span class='ocrx_word' id='word_1_75' title='bbox 158 1625 243 1686; x_wconf 84' lang='lat' dir='ltr'>nulls</span> <span class='ocrx_word' id='word_1_76' title='bbox 270 1631 345 1687; x_wconf 91' lang='lat' dir='ltr'>sunt</span> <span class='ocrx_word' id='word_1_77' title='bbox 375 1626 552 1706; x_wconf 80' lang='lat' dir='ltr'>fragmenta</span> <span class='ocrx_word' id='word_1_78' title='bbox 581 1646 710 1707; x_wconf 84' lang='lat' dir='ltr'>eamque</span> <span class='ocrx_word' id='word_1_79' title='bbox 739 1626 893 1690; x_wconf 80' lang='lat' dir='ltr'>transfert</span> <span class='ocrx_word' id='word_1_80' title='bbox 922 1647 1015 1708; x_wconf 90' lang='lat' dir='ltr'>super</span> <span class='ocrx_word' id='word_1_81' title='bbox 1044 1627 1182 1704; x_wconf 82' lang='lat' dir='ltr'>calicem,</span> <span class='ocrx_word' id='word_1_82' title='bbox 1212 1631 1243 1692; x_wconf 92' lang='lat' dir='ltr'>et</span> 
     </span>
     <span class='ocr_line' id='line_1_11' title="bbox 157 1719 1243 1800; baseline 0.004 -21"><span class='ocrx_word' id='word_1_83' title='bbox 157 1723 321 1798; x_wconf 81' lang='lat' dir='ltr'>“patenam</span> <span class='ocrx_word' id='word_1_84' title='bbox 348 1739 468 1799; x_wconf 90' lang='lat' dir='ltr'>quoque</span> <span class='ocrx_word' id='word_1_85' title='bbox 495 1719 665 1799; x_wconf 84' lang='lat' dir='ltr'>diligenter</span> <span class='ocrx_word' id='word_1_86' title='bbox 690 1741 761 1782; x_wconf 90' lang='lat' dir='ltr'>cum</span> <span class='ocrx_word' id='word_1_87' title='bbox 789 1720 902 1800; x_wconf 85' lang='lat' dir='ltr'>pollice</span> <span class='ocrx_word' id='word_1_88' title='bbox 928 1726 959 1782; x_wconf 92' lang='lat' dir='ltr'>et</span> <span class='ocrx_word' id='word_1_89' title='bbox 986 1720 1090 1784; x_wconf 91' lang='lat' dir='ltr'>indice</span> <span class='ocrx_word' id='word_1_90' title='bbox 1116 1721 1243 1783; x_wconf 85' lang='lat' dir='ltr'>dextrae</span> 
     </span>
     <span class='ocr_line' id='line_1_12' title="bbox 157 1811 1243 1893; baseline 0.003 -21"><span class='ocrx_word' id='word_1_91' title='bbox 157 1811 285 1873; x_wconf 82' lang='lat' dir='ltr'>munus&#39;’</span> <span class='ocrx_word' id='word_1_92' title='bbox 302 1813 367 1875; x_wconf 89' lang='lat' dir='ltr'>scil.</span> <span class='ocrx_word' id='word_1_93' title='bbox 385 1833 457 1874; x_wconf 92' lang='lat' dir='ltr'>eum</span> <span class='ocrx_word' id='word_1_94' title='bbox 473 1814 708 1875; x_wconf 82' lang='lat' dir='ltr'>summitatibus</span> <span class='ocrx_word' id='word_1_95' title='bbox 726 1814 869 1887; x_wconf 90' lang='lat' dir='ltr'>internis,</span> <span class='ocrx_word' id='word_1_96' title='bbox 885 1834 956 1875; x_wconf 93' lang='lat' dir='ltr'>eum</span> <span class='ocrx_word' id='word_1_97' title='bbox 973 1814 1085 1893; x_wconf 92' lang='lat' dir='ltr'>quibus</span> <span class='ocrx_word' id='word_1_98' title='bbox 1101 1813 1196 1877; x_wconf 82' lang='lat' dir='ltr'>index</span> <span class='ocrx_word' id='word_1_99' title='bbox 1212 1817 1243 1875; x_wconf 91' lang='lat' dir='ltr'>et</span> 
     </span>
     <span class='ocr_line' id='line_1_13' title="bbox 157 1905 1243 1987; baseline 0.003 -21"><span class='ocrx_word' id='word_1_100' title='bbox 157 1905 255 1983; x_wconf 80' lang='lat' dir='ltr'>pollex</span> <span class='ocrx_word' id='word_1_101' title='bbox 271 1906 331 1967; x_wconf 89' lang='lat' dir='ltr'>sibi</span> <span class='ocrx_word' id='word_1_102' title='bbox 347 1907 599 1987; x_wconf 88' lang='lat' dir='ltr'>correspondent,</span> <span class='ocrx_word' id='word_1_103' title='bbox 614 1907 732 1968; x_wconf 90' lang='lat' dir='ltr'>circum</span> <span class='ocrx_word' id='word_1_104' title='bbox 747 1906 886 1986; x_wconf 91' lang='lat' dir='ltr'>undique</span> <span class='ocrx_word' id='word_1_105' title='bbox 902 1911 933 1970; x_wconf 89' lang='lat' dir='ltr'>et</span> <span class='ocrx_word' id='word_1_106' title='bbox 948 1927 1062 1987; x_wconf 84' lang='lat' dir='ltr'>magna</span> <span class='ocrx_word' id='word_1_107' title='bbox 1077 1906 1243 1987; x_wconf 81' lang='lat' dir='ltr'>diligentia</span> 
     </span>
     <span class='ocr_line' id='line_1_14' title="bbox 158 1999 1243 2080; baseline 0.002 -21"><span class='ocrx_word' id='word_1_108' title='bbox 158 2002 269 2079; x_wconf 84' lang='lat' dir='ltr'>“super</span> <span class='ocrx_word' id='word_1_109' title='bbox 292 1999 419 2061; x_wconf 83' lang='lat' dir='ltr'>calicem</span> <span class='ocrx_word' id='word_1_110' title='bbox 443 2002 587 2080; x_wconf 85' lang='lat' dir='ltr'>extergit,</span> <span class='ocrx_word' id='word_1_111' title='bbox 611 2006 642 2063; x_wconf 93' lang='lat' dir='ltr'>et</span> <span class='ocrx_word' id='word_1_112' title='bbox 666 2001 749 2080; x_wconf 91' lang='lat' dir='ltr'>ipsos</span> <span class='ocrx_word' id='word_1_113' title='bbox 772 2000 899 2080; x_wconf 87' lang='lat' dir='ltr'>digitos,</span> <span class='ocrx_word' id='word_1_114' title='bbox 923 2000 1061 2080; x_wconf 89' lang='lat' dir='ltr'>nequid</span> <span class='ocrx_word' id='word_1_115' title='bbox 1085 2001 1243 2080; x_wconf 79' lang='lat' dir='ltr'>fragmen-</span> 
     </span>
     <span class='ocr_line' id='line_1_15' title="bbox 157 2093 594 2157; baseline -0.002 -3"><span class='ocrx_word' id='word_1_116' title='bbox 157 2097 258 2154; x_wconf 87' lang='lat' dir='ltr'>torum</span> <span class='ocrx_word' id='word_1_117' title='bbox 274 2094 307 2154; x_wconf 92' lang='lat' dir='ltr'>in</span> <span class='ocrx_word' id='word_1_118' title='bbox 321 2094 366 2155; x_wconf 87' lang='lat' dir='ltr'>eis</span> <span class='ocrx_word' id='word_1_119' title='bbox 379 2093 594 2157; x_wconf 78' lang='lat' dir='ltr'>remaneat.&#39;&#39;⁸</span> 
     </span>
    </p>

    <p class='ocr_par' dir='ltr' id='par_1_3' title="bbox 154 2185 1247 3388">
     <span class='ocr_line' id='line_1_16' title="bbox 195 2185 1244 2266; baseline 0 -20"><span class='ocrx_word' id='word_1_120' title='bbox 195 2190 223 2248; x_wconf 80' lang='lat'>2.</span> <span class='ocrx_word' id='word_1_121' title='bbox 252 2234 260 2247; x_wconf 89' lang='lat'><strong>.</strong></span> <span class='ocrx_word' id='word_1_122' title='bbox 285 2235 292 2248; x_wconf 93' lang='lat'>.</span> <span class='ocrx_word' id='word_1_123' title='bbox 317 2234 324 2249; x_wconf 87' lang='lat'><strong>.</strong></span> <span class='ocrx_word' id='word_1_124' title='bbox 343 2186 441 2250; x_wconf 88' lang='lat' dir='ltr'>“Post</span> <span class='ocrx_word' id='word_1_125' title='bbox 452 2187 658 2248; x_wconf 78' lang='lat' dir='ltr'>extersionem</span> <span class='ocrx_word' id='word_1_126' title='bbox 671 2191 800 2266; x_wconf 83' lang='lat' dir='ltr'>patenae</span> <span class='ocrx_word' id='word_1_127' title='bbox 812 2186 930 2264; x_wconf 84' lang='lat' dir='ltr'>junctis</span> <span class='ocrx_word' id='word_1_128' title='bbox 943 2186 1108 2265; x_wconf 89' lang='lat' dir='ltr'>pollicibus</span> <span class='ocrx_word' id='word_1_129' title='bbox 1119 2189 1150 2249; x_wconf 91' lang='lat' dir='ltr'>et</span> <span class='ocrx_word' id='word_1_130' title='bbox 1162 2185 1244 2248; x_wconf 90' lang='lat' dir='ltr'>indi-</span> 
     </span>
     <span class='ocr_line' id='line_1_17' title="bbox 155 2279 1243 2360; baseline 0 -20"><span class='ocrx_word' id='word_1_131' title='bbox 155 2280 250 2355; x_wconf 90' lang='lat' dir='ltr'>cibus,</span> <span class='ocrx_word' id='word_1_132' title='bbox 268 2279 396 2342; x_wconf 80' lang='lat' dir='ltr'>cnlieem</span> <span class='ocrx_word' id='word_1_133' title='bbox 415 2280 524 2341; x_wconf 86' lang='lat' dir='ltr'>dextra</span> <span class='ocrx_word' id='word_1_134' title='bbox 543 2301 640 2341; x_wconf 84' lang='lat' dir='ltr'>numu</span> <span class='ocrx_word' id='word_1_135' title='bbox 659 2281 744 2340; x_wconf 84' lang='lat' dir='ltr'>intra</span> <span class='ocrx_word' id='word_1_136' title='bbox 762 2279 879 2341; x_wconf 89' lang='lat' dir='ltr'>nodum</span> <span class='ocrx_word' id='word_1_137' title='bbox 899 2299 1017 2359; x_wconf 85' lang='lat' dir='ltr'>cuppae</span> <span class='ocrx_word' id='word_1_138' title='bbox 1036 2281 1161 2360; x_wconf 85' lang='lat' dir='ltr'>accipit,</span> <span class='ocrx_word' id='word_1_139' title='bbox 1180 2280 1243 2341; x_wconf 91' lang='lat' dir='ltr'>sin-</span> 
     </span>
     <span class='ocr_line' id='line_1_18' title="bbox 157 2373 1241 2454; baseline -0.001 -20"><span class='ocrx_word' id='word_1_140' title='bbox 157 2373 252 2435; x_wconf 84' lang='lat' dir='ltr'>istm&#39;&#39;</span> <span class='ocrx_word' id='word_1_141' title='bbox 283 2394 377 2454; x_wconf 91' lang='lat' dir='ltr'>super</span> <span class='ocrx_word' id='word_1_142' title='bbox 406 2374 563 2454; x_wconf 79' lang='lat' dir='ltr'>corporale</span> <span class='ocrx_word' id='word_1_143' title='bbox 594 2374 734 2453; x_wconf 84' lang='lat' dir='ltr'>deposita</span> <span class='ocrx_word' id='word_1_144' title='bbox 767 2375 878 2435; x_wconf 88' lang='lat' dir='ltr'>retiuci</span> <span class='ocrx_word' id='word_1_145' title='bbox 910 2375 1088 2452; x_wconf 75' lang='lat' dir='ltr'>“patenum,</span> <span class='ocrx_word' id='word_1_146' title='bbox 1119 2373 1241 2434; x_wconf 91' lang='lat' dir='ltr'>dicens:</span> 
     </span>
     <span class='ocr_line' id='line_1_19' title="bbox 156 2466 1247 2550; baseline 0.001 -21"><span class='ocrx_word' id='word_1_147' title='bbox 156 2466 292 2531; x_wconf 82' lang='lat' dir='ltr'>Culicem</span> <span class='ocrx_word' id='word_1_148' title='bbox 316 2467 474 2540; x_wconf 80' lang='lat' dir='ltr'>soluturis,</span> <span class='ocrx_word' id='word_1_149' title='bbox 500 2468 580 2532; x_wconf 89' lang='lat' dir='ltr'>etc.&#39;&#39;</span> <span class='ocrx_word' id='word_1_150' title='bbox 605 2467 767 2550; x_wconf 81' lang='lat' dir='ltr'>usquead</span> <span class='ocrx_word' id='word_1_151' title='bbox 792 2469 896 2530; x_wconf 71' lang='lat' dir='ltr'>suem</span> <span class='ocrx_word' id='word_1_152' title='bbox 922 2487 973 2531; x_wconf 83' lang='lat' dir='ltr'>ero</span> <span class='ocrx_word' id='word_1_153' title='bbox 1000 2467 1168 2544; x_wconf 85' lang='lat' dir='ltr'>inclusive3</span> <span class='ocrx_word' id='word_1_154' title='bbox 1195 2467 1247 2530; x_wconf 86' lang='lat' dir='ltr'>“et</span> 
     </span>
     <span class='ocr_line' id='line_1_20' title="bbox 156 2559 1242 2640; baseline -0.002 -19"><span class='ocrx_word' id='word_1_155' title='bbox 156 2563 282 2640; x_wconf 82' lang='lat' dir='ltr'>signans</span> <span class='ocrx_word' id='word_1_156' title='bbox 296 2581 328 2622; x_wconf 91' lang='lat' dir='ltr'>se</span> <span class='ocrx_word' id='word_1_157' title='bbox 342 2562 432 2640; x_wconf 88' lang='lat' dir='ltr'>siguo</span> <span class='ocrx_word' id='word_1_158' title='bbox 447 2561 556 2621; x_wconf 73' lang='lat' dir='ltr'>Criu-is</span> <span class='ocrx_word' id='word_1_159' title='bbox 570 2581 641 2621; x_wconf 91' lang='lat' dir='ltr'>cum</span> <span class='ocrx_word' id='word_1_160' title='bbox 656 2559 782 2633; x_wconf 81' lang='lat' dir='ltr'>calice,”</span> <span class='ocrx_word' id='word_1_161' title='bbox 796 2581 887 2638; x_wconf 68' lang='lat' dir='ltr'>‹puem</span> <span class='ocrx_word' id='word_1_162' title='bbox 903 2560 1012 2633; x_wconf 76' lang='lat' dir='ltr'>elevat,</span> <span class='ocrx_word' id='word_1_163' title='bbox 1027 2564 1063 2620; x_wconf 92' lang='lat' dir='ltr'>ut</span> <span class='ocrx_word' id='word_1_164' title='bbox 1077 2561 1145 2638; x_wconf 90' lang='lat' dir='ltr'>ejus</span> <span class='ocrx_word' id='word_1_165' title='bbox 1160 2579 1242 2620; x_wconf 91' lang='lat' dir='ltr'>sum-</span> 
     </span>
     <span class='ocr_line' id='line_1_21' title="bbox 156 2650 1243 2735; baseline -0.002 -21"><span class='ocrx_word' id='word_1_166' title='bbox 156 2655 248 2717; x_wconf 76' lang='lat' dir='ltr'>mitas</span> <span class='ocrx_word' id='word_1_167' title='bbox 265 2655 426 2735; x_wconf 81' lang='lat' dir='ltr'>perveniat</span> <span class='ocrx_word' id='word_1_168' title='bbox 443 2654 480 2715; x_wconf 83' lang='lat' dir='ltr'>nd</span> <span class='ocrx_word' id='word_1_169' title='bbox 500 2655 647 2727; x_wconf 81' lang='lat' dir='ltr'>frontem,</span> <span class='ocrx_word' id='word_1_170' title='bbox 664 2659 694 2714; x_wconf 90' lang='lat' dir='ltr'>et</span> <span class='ocrx_word' id='word_1_171' title='bbox 711 2653 846 2714; x_wconf 87' lang='lat' dir='ltr'>dimittit</span> <span class='ocrx_word' id='word_1_172' title='bbox 865 2672 961 2731; x_wconf 84' lang='lat' dir='ltr'>usque</span> <span class='ocrx_word' id='word_1_173' title='bbox 978 2652 1018 2713; x_wconf 86' lang='lat' dir='ltr'>ad</span> <span class='ocrx_word' id='word_1_174' title='bbox 1035 2657 1143 2731; x_wconf 88' lang='lat' dir='ltr'>pectus</span> <span class='ocrx_word' id='word_1_175' title='bbox 1160 2650 1243 2713; x_wconf 88' lang='lat' dir='ltr'>linea</span> 
     </span>
     <span class='ocr_line' id='line_1_22' title="bbox 154 2744 1247 2829; baseline -0.002 -17"><span class='ocrx_word' id='word_1_176' title='bbox 154 2752 248 2826; x_wconf 80' lang='lat' dir='ltr'>rectu,</span> <span class='ocrx_word' id='word_1_177' title='bbox 262 2753 294 2813; x_wconf 93' lang='lat' dir='ltr'>et</span> <span class='ocrx_word' id='word_1_178' title='bbox 307 2747 436 2812; x_wconf 89' lang='lat' dir='ltr'>interim</span> <span class='ocrx_word' id='word_1_179' title='bbox 461 2747 577 2812; x_wconf 89' lang='lat' dir='ltr'>“dicit:</span> <span class='ocrx_word' id='word_1_180' title='bbox 592 2746 730 2829; x_wconf 73' lang='lat' dir='ltr'>Sanguis</span> <span class='ocrx_word' id='word_1_181' title='bbox 743 2745 876 2810; x_wconf 77' lang='lat' dir='ltr'>Domini</span> <span class='ocrx_word' id='word_1_182' title='bbox 888 2744 1247 2818; x_wconf 82' lang='lat' dir='ltr'>uostri,ete.&#39;&#39;inelinans</span> 
     </span>
     <span class='ocr_line' id='line_1_23' title="bbox 154 2839 1243 2919; baseline -0.003 -17"><span class='ocrx_word' id='word_1_183' title='bbox 154 2841 193 2902; x_wconf 83' lang='lat' dir='ltr'>ud</span> <span class='ocrx_word' id='word_1_184' title='bbox 216 2843 295 2904; x_wconf 79' lang='lat' dir='ltr'>Jesu</span> <span class='ocrx_word' id='word_1_185' title='bbox 321 2841 442 2903; x_wconf 74' lang='lat' dir='ltr'>Christi</span> <span class='ocrx_word' id='word_1_186' title='bbox 470 2841 520 2919; x_wconf 80' lang='lat' dir='ltr'>(S.</span> <span class='ocrx_word' id='word_1_187' title='bbox 548 2841 583 2902; x_wconf 83' lang='lat' dir='ltr'>ll.</span> <span class='ocrx_word' id='word_1_188' title='bbox 611 2841 663 2917; x_wconf 80' lang='lat' dir='ltr'>O.)</span> <span class='ocrx_word' id='word_1_189' title='bbox 678 2860 687 2914; x_wconf 91' lang='lat'>;</span> <span class='ocrx_word' id='word_1_190' title='bbox 712 2839 824 2901; x_wconf 87' lang='lat' dir='ltr'>deinde</span> <span class='ocrx_word' id='word_1_191' title='bbox 849 2840 965 2900; x_wconf 89' lang='lat' dir='ltr'>ducens</span> <span class='ocrx_word' id='word_1_192' title='bbox 991 2839 1100 2900; x_wconf 77' lang='lat' dir='ltr'>Crucis</span> <span class='ocrx_word' id='word_1_193' title='bbox 1127 2839 1243 2900; x_wconf 85' lang='lat' dir='ltr'>lineum</span> 
     </span>
     <span class='ocr_line' id='line_1_24' title="bbox 155 2932 1242 2996; baseline -0.002 -1"><span class='ocrx_word' id='word_1_194' title='bbox 155 2942 361 2996; x_wconf 80' lang='lat' dir='ltr'>transversum</span> <span class='ocrx_word' id='word_1_195' title='bbox 384 2934 422 2995; x_wconf 82' lang='lat' dir='ltr'>ab</span> <span class='ocrx_word' id='word_1_196' title='bbox 442 2934 571 2995; x_wconf 89' lang='lat' dir='ltr'>humero</span> <span class='ocrx_word' id='word_1_197' title='bbox 593 2934 721 2995; x_wconf 87' lang='lat' dir='ltr'>sinistro</span> <span class='ocrx_word' id='word_1_198' title='bbox 742 2933 781 2993; x_wconf 87' lang='lat' dir='ltr'>ad</span> <span class='ocrx_word' id='word_1_199' title='bbox 802 2933 947 2995; x_wconf 83' lang='lat' dir='ltr'>dextrum</span> <span class='ocrx_word' id='word_1_200' title='bbox 969 2932 1064 2993; x_wconf 90' lang='lat' dir='ltr'>dicit:</span> <span class='ocrx_word' id='word_1_201' title='bbox 1087 2932 1242 2995; x_wconf 84' lang='lat' dir='ltr'>custodiet</span> 
     </span>
     <span class='ocr_line' id='line_1_25' title="bbox 154 3027 1246 3108; baseline -0.004 -16"><span class='ocrx_word' id='word_1_202' title='bbox 154 3027 292 3092; x_wconf 80' lang='lat' dir='ltr'>animem</span> <span class='ocrx_word' id='word_1_203' title='bbox 306 3049 417 3100; x_wconf 88' lang='lat' dir='ltr'>mcum,</span> <span class='ocrx_word' id='word_1_204' title='bbox 429 3032 580 3104; x_wconf 87' lang='lat' dir='ltr'>etc.,tunc</span> <span class='ocrx_word' id='word_1_205' title='bbox 592 3028 644 3091; x_wconf 85' lang='lat' dir='ltr'>“et</span> <span class='ocrx_word' id='word_1_206' title='bbox 657 3046 755 3090; x_wconf 84' lang='lat' dir='ltr'>manu</span> <span class='ocrx_word' id='word_1_207' title='bbox 767 3027 896 3089; x_wconf 83' lang='lat' dir='ltr'>sinistra</span> <span class='ocrx_word' id='word_1_208' title='bbox 909 3046 1087 3107; x_wconf 90' lang='lat' dir='ltr'>supponens</span> <span class='ocrx_word' id='word_1_209' title='bbox 1099 3030 1246 3108; x_wconf 82' lang='lat' dir='ltr'>patenam</span> 
     </span>
     <span class='ocr_line' id='line_1_26' title="bbox 155 3117 1242 3193; baseline -0.005 -11"><span class='ocrx_word' id='word_1_210' title='bbox 155 3119 263 3183; x_wconf 82' lang='lat' dir='ltr'>culici&#39;’</span> <span class='ocrx_word' id='word_1_211' title='bbox 283 3120 407 3183; x_wconf 80' lang='lat' dir='ltr'>ferend</span> <span class='ocrx_word' id='word_1_212' title='bbox 427 3125 580 3193; x_wconf 89' lang='lat' dir='ltr'>mentum,</span> <span class='ocrx_word' id='word_1_213' title='bbox 601 3120 708 3179; x_wconf 85' lang='lat' dir='ltr'>“stans</span> <span class='ocrx_word' id='word_1_214' title='bbox 729 3122 904 3179; x_wconf 84' lang='lat' dir='ltr'>reverenter</span> <span class='ocrx_word' id='word_1_215' title='bbox 922 3118 1020 3179; x_wconf 91' lang='lat' dir='ltr'>sumit</span> <span class='ocrx_word' id='word_1_216' title='bbox 1040 3122 1142 3179; x_wconf 91' lang='lat' dir='ltr'>totum</span> <span class='ocrx_word' id='word_1_217' title='bbox 1165 3117 1242 3179; x_wconf 85' lang='lat' dir='ltr'>San-</span> 
     </span>
     <span class='ocr_line' id='line_1_27' title="bbox 154 3209 1242 3294; baseline -0.004 -18"><span class='ocrx_word' id='word_1_218' title='bbox 154 3216 282 3294; x_wconf 89' lang='lat' dir='ltr'>guinem</span> <span class='ocrx_word' id='word_1_219' title='bbox 305 3234 378 3276; x_wconf 89' lang='lat' dir='ltr'>cum</span> <span class='ocrx_word' id='word_1_220' title='bbox 400 3213 555 3294; x_wconf 81' lang='lat' dir='ltr'>particula</span> <span class='ocrx_word' id='word_1_221' title='bbox 578 3213 612 3273; x_wconf 91' lang='lat' dir='ltr'>in</span> <span class='ocrx_word' id='word_1_222' title='bbox 635 3211 738 3274; x_wconf 79' lang='lat' dir='ltr'>Colice</span> <span class='ocrx_word' id='word_1_223' title='bbox 761 3209 893 3290; x_wconf 82' lang='lat' dir='ltr'>posita,&#39;&#39;</span> <span class='ocrx_word' id='word_1_224' title='bbox 917 3211 1009 3271; x_wconf 91' lang='lat' dir='ltr'>unico</span> <span class='ocrx_word' id='word_1_225' title='bbox 1032 3211 1171 3285; x_wconf 76' lang='lat' dir='ltr'>lmustu,l</span> <span class='ocrx_word' id='word_1_226' title='bbox 1194 3211 1242 3272; x_wconf 88' lang='lat' dir='ltr'>vel</span> 
     </span>
     <span class='ocr_line' id='line_1_28' title="bbox 154 3302 1243 3388; baseline -0.004 -20"><span class='ocrx_word' id='word_1_227' title='bbox 154 3306 284 3388; x_wconf 90' lang='lat' dir='ltr'>duplici,</span> <span class='ocrx_word' id='word_1_228' title='bbox 297 3308 323 3341; x_wconf 88' lang='lat'>¹⁰</span> <span class='ocrx_word' id='word_1_229' title='bbox 343 3306 389 3368; x_wconf 82' lang='lat' dir='ltr'>vel</span> <span class='ocrx_word' id='word_1_230' title='bbox 409 3306 528 3386; x_wconf 89' lang='lat' dir='ltr'>triplici</span> <span class='ocrx_word' id='word_1_231' title='bbox 548 3307 674 3378; x_wconf 82' lang='lat' dir='ltr'>haustu,</span> <span class='ocrx_word' id='word_1_232' title='bbox 687 3308 710 3338; x_wconf 91' lang='lat'>¹¹</span> <span class='ocrx_word' id='word_1_233' title='bbox 731 3305 807 3383; x_wconf 91' lang='lat' dir='ltr'>quin</span> <span class='ocrx_word' id='word_1_234' title='bbox 827 3302 955 3364; x_wconf 83' lang='lat' dir='ltr'>calicem</span> <span class='ocrx_word' id='word_1_235' title='bbox 977 3304 1095 3365; x_wconf 82' lang='lat' dir='ltr'>interes</span> <span class='ocrx_word' id='word_1_236' title='bbox 1114 3303 1243 3365; x_wconf 89' lang='lat' dir='ltr'>omnino</span> 
     </span>
    </p>
   </div>
   <div class='ocr_carea' id='block_1_3' title="bbox 151 3486 1243 4545">
    <p class='ocr_par' dir='ltr' id='par_1_4' title="bbox 151 3486 1243 3929">
     <span class='ocr_line' id='line_1_29' title="bbox 153 3486 1242 3556; baseline -0.006 -14"><span class='ocrx_word' id='word_1_237' title='bbox 153 3492 254 3556; x_wconf 87' lang='lat' dir='ltr'>optime</span> <span class='ocrx_word' id='word_1_238' title='bbox 280 3491 416 3553; x_wconf 81' lang='lat' dir='ltr'>observat,</span> <span class='ocrx_word' id='word_1_239' title='bbox 443 3490 509 3540; x_wconf 84' lang='lat' dir='ltr'>haee</span> <span class='ocrx_word' id='word_1_240' title='bbox 536 3504 599 3540; x_wconf 83' lang='lat' dir='ltr'>caro</span> <span class='ocrx_word' id='word_1_241' title='bbox 626 3488 672 3538; x_wconf 93' lang='lat' dir='ltr'>im·</span> <span class='ocrx_word' id='word_1_242' title='bbox 722 3490 850 3551; x_wconf 83' lang='lat' dir='ltr'>patenam</span> <span class='ocrx_word' id='word_1_243' title='bbox 868 3486 972 3536; x_wconf 82' lang='lat' dir='ltr'>fricant</span> <span class='ocrx_word' id='word_1_244' title='bbox 988 3490 1016 3536; x_wconf 89' lang='lat' dir='ltr'>et</span> <span class='ocrx_word' id='word_1_245' title='bbox 1032 3486 1195 3550; x_wconf 82' lang='lat' dir='ltr'>perfrieent,</span> <span class='ocrx_word' id='word_1_246' title='bbox 1212 3491 1242 3537; x_wconf 91' lang='lat' dir='ltr'>ut</span> 
     </span>
     <span class='ocr_line' id='line_1_30' title="bbox 153 3561 1242 3630; baseline -0.004 -14"><span class='ocrx_word' id='word_1_247' title='bbox 153 3567 276 3617; x_wconf 85' lang='lat' dir='ltr'>mortalis</span> <span class='ocrx_word' id='word_1_248' title='bbox 321 3572 349 3616; x_wconf 89' lang='lat' dir='ltr'>et</span> <span class='ocrx_word' id='word_1_249' title='bbox 396 3565 574 3630; x_wconf 76' lang='lat' dir='ltr'>impassibilis</span> <span class='ocrx_word' id='word_1_250' title='bbox 620 3579 674 3614; x_wconf 92' lang='lat' dir='ltr'>non</span> <span class='ocrx_word' id='word_1_251' title='bbox 722 3561 880 3625; x_wconf 80' lang='lat' dir='ltr'>particulas,</span> <span class='ocrx_word' id='word_1_252' title='bbox 905 3575 974 3624; x_wconf 79' lang='lat' dir='ltr'>quus</span> <span class='ocrx_word' id='word_1_253' title='bbox 998 3576 1052 3611; x_wconf 91' lang='lat' dir='ltr'>non</span> <span class='ocrx_word' id='word_1_254' title='bbox 1077 3565 1141 3610; x_wconf 85' lang='lat' dir='ltr'>sunt</span> <span class='ocrx_word' id='word_1_255' title='bbox 1166 3562 1242 3627; x_wconf 82' lang='lat' dir='ltr'>frag·</span> 
     </span>
     <span class='ocr_line' id='line_1_31' title="bbox 153 3637 1242 3706; baseline -0.004 -13"><span class='ocrx_word' id='word_1_256' title='bbox 153 3643 229 3693; x_wconf 84' lang='lat' dir='ltr'>timet</span> <span class='ocrx_word' id='word_1_257' title='bbox 255 3642 366 3706; x_wconf 81' lang='lat' dir='ltr'>aliquod</span> <span class='ocrx_word' id='word_1_258' title='bbox 392 3642 519 3692; x_wconf 83' lang='lat' dir='ltr'>damnum</span> <span class='ocrx_word' id='word_1_259' title='bbox 545 3656 562 3690; x_wconf 77' lang='lat' dir='ltr'><strong>a</strong></span> <span class='ocrx_word' id='word_1_260' title='bbox 587 3640 673 3690; x_wconf 84' lang='lat' dir='ltr'>denti·</span> <span class='ocrx_word' id='word_1_261' title='bbox 721 3641 813 3686; x_wconf 82' lang='lat' dir='ltr'>mento</span> <span class='ocrx_word' id='word_1_262' title='bbox 833 3651 927 3687; x_wconf 82' lang='lat' dir='ltr'>sacrae</span> <span class='ocrx_word' id='word_1_263' title='bbox 946 3637 1060 3700; x_wconf 81' lang='lat' dir='ltr'>hostiae,</span> <span class='ocrx_word' id='word_1_264' title='bbox 1081 3639 1128 3688; x_wconf 86' lang='lat' dir='ltr'>sed</span> <span class='ocrx_word' id='word_1_265' title='bbox 1148 3637 1195 3688; x_wconf 79' lang='lat' dir='ltr'>filo</span> <span class='ocrx_word' id='word_1_266' title='bbox 1214 3642 1242 3689; x_wconf 89' lang='lat' dir='ltr'>et</span> 
     </span>
     <span class='ocr_line' id='line_1_32' title="bbox 155 3711 1242 3782; baseline -0.005 -14"><span class='ocrx_word' id='word_1_267' title='bbox 155 3719 204 3768; x_wconf 76' lang='lat' dir='ltr'>bun</span> <span class='ocrx_word' id='word_1_268' title='bbox 234 3719 345 3780; x_wconf 84' lang='lat' dir='ltr'>nostris,</span> <span class='ocrx_word' id='word_1_269' title='bbox 376 3716 422 3782; x_wconf 92' lang='lat' dir='ltr'>qui</span> <span class='ocrx_word' id='word_1_270' title='bbox 455 3730 510 3768; x_wconf 87' lang='lat' dir='ltr'>rem</span> <span class='ocrx_word' id='word_1_271' title='bbox 542 3716 673 3781; x_wconf 81' lang='lat' dir='ltr'>frangere</span> <span class='ocrx_word' id='word_1_272' title='bbox 721 3711 880 3776; x_wconf 83' lang='lat' dir='ltr'>fragmenta</span> <span class='ocrx_word' id='word_1_273' title='bbox 896 3713 1046 3777; x_wconf 78' lang='lat' dir='ltr'>corporalis</span> <span class='ocrx_word' id='word_1_274' title='bbox 1061 3718 1109 3764; x_wconf 84' lang='lat' dir='ltr'>aut</span> <span class='ocrx_word' id='word_1_275' title='bbox 1126 3713 1242 3764; x_wconf 84' lang='lat' dir='ltr'>aliarum</span> 
     </span>
     <span class='ocr_line' id='line_1_33' title="bbox 152 3788 1242 3860; baseline -0.004 -17"><span class='ocrx_word' id='word_1_276' title='bbox 152 3809 204 3844; x_wconf 90' lang='lat' dir='ltr'>non</span> <span class='ocrx_word' id='word_1_277' title='bbox 226 3798 349 3860; x_wconf 66' lang='lat' dir='ltr'>manunt,</span> <span class='ocrx_word' id='word_1_278' title='bbox 368 3794 416 3844; x_wconf 75' lang='lat' dir='ltr'>sed</span> <span class='ocrx_word' id='word_1_279' title='bbox 437 3796 545 3844; x_wconf 78' lang='lat' dir='ltr'>tantum</span> <span class='ocrx_word' id='word_1_280' title='bbox 566 3792 674 3857; x_wconf 86' lang='lat' dir='ltr'>signum</span> <span class='ocrx_word' id='word_1_281' title='bbox 721 3801 810 3837; x_wconf 87' lang='lat' dir='ltr'>rerum</span> <span class='ocrx_word' id='word_1_282' title='bbox 837 3788 978 3853; x_wconf 82' lang='lat' dir='ltr'>colligent,</span> <span class='ocrx_word' id='word_1_283' title='bbox 1004 3793 1032 3839; x_wconf 89' lang='lat' dir='ltr'>et</span> <span class='ocrx_word' id='word_1_284' title='bbox 1059 3788 1087 3838; x_wconf 92' lang='lat' dir='ltr'>in</span> <span class='ocrx_word' id='word_1_285' title='bbox 1114 3790 1164 3839; x_wconf 80' lang='lat' dir='ltr'>hae</span> <span class='ocrx_word' id='word_1_286' title='bbox 1190 3790 1242 3839; x_wconf 86' lang='lat' dir='ltr'>col·</span> 
     </span>
     <span class='ocr_line' id='line_1_34' title="bbox 151 3863 1243 3929; baseline -0.005 -7"><span class='ocrx_word' id='word_1_287' title='bbox 151 3875 177 3922; x_wconf 87' lang='lat' dir='ltr'>et</span> <span class='ocrx_word' id='word_1_288' title='bbox 198 3868 391 3922; x_wconf 68' lang='lat' dir='ltr'>accidentiu”</span> <span class='ocrx_word' id='word_1_289' title='bbox 721 3863 836 3914; x_wconf 86' lang='lat' dir='ltr'>lectione</span> <span class='ocrx_word' id='word_1_290' title='bbox 854 3868 962 3929; x_wconf 86' lang='lat' dir='ltr'>tempus</span> <span class='ocrx_word' id='word_1_291' title='bbox 981 3863 1022 3915; x_wconf 83' lang='lat' dir='ltr'>ita</span> <span class='ocrx_word' id='word_1_292' title='bbox 1040 3868 1192 3927; x_wconf 84' lang='lat' dir='ltr'>conterunt,</span> <span class='ocrx_word' id='word_1_293' title='bbox 1211 3870 1243 3916; x_wconf 90' lang='lat' dir='ltr'>ut</span> 
     </span>
    </p>

    <p class='ocr_par' dir='ltr' id='par_1_5' title="bbox 151 3938 1242 4545">
     <span class='ocr_line' id='line_1_35' title="bbox 187 3938 1241 4007; baseline 0.008 -25"><span class='ocrx_word' id='word_1_294' title='bbox 187 3946 282 3996; x_wconf 67' lang='lat'><strong>1⁶⁴1„</strong></span> <span class='ocrx_word' id='word_1_295' title='bbox 315 3945 473 3997; x_wconf 58' lang='lat' dir='ltr'>collectione</span> <span class='ocrx_word' id='word_1_296' title='bbox 505 3944 672 4007; x_wconf 63' lang='lat' dir='ltr'>fragmento-</span> <span class='ocrx_word' id='word_1_297' title='bbox 721 3938 784 3989; x_wconf 85' lang='lat' dir='ltr'>finis</span> <span class='ocrx_word' id='word_1_298' title='bbox 802 3939 865 4002; x_wconf 81' lang='lat' dir='ltr'>ejus</span> <span class='ocrx_word' id='word_1_299' title='bbox 884 3940 929 3989; x_wconf 88' lang='lat' dir='ltr'>vix</span> <span class='ocrx_word' id='word_1_300' title='bbox 948 3941 1147 4005; x_wconf 83' lang='lat' dir='ltr'>exspectandus</span> <span class='ocrx_word' id='word_1_301' title='bbox 1166 3941 1241 3992; x_wconf 83' lang='lat' dir='ltr'>sit.&#39;’</span> 
     </span>
     <span class='ocr_line' id='line_1_36' title="bbox 151 4014 1241 4088; baseline -0.004 -15"><span class='ocrx_word' id='word_1_302' title='bbox 151 4038 208 4073; x_wconf 86' lang='lat' dir='ltr'>rum</span> <span class='ocrx_word' id='word_1_303' title='bbox 222 4023 364 4074; x_wconf 75' lang='lat' dir='ltr'>moraliter</span> <span class='ocrx_word' id='word_1_304' title='bbox 376 4020 516 4088; x_wconf 85' lang='lat' dir='ltr'>possibilis</span> <span class='ocrx_word' id='word_1_305' title='bbox 529 4019 675 4085; x_wconf 78' lang='lat' dir='ltr'>diligentia</span> <span class='ocrx_word' id='word_1_306' title='bbox 722 4014 897 4065; x_wconf 68' lang='lat' dir='ltr'>-scuoms</span> <span class='ocrx_word' id='word_1_307' title='bbox 914 4016 990 4067; x_wconf 84' lang='lat' dir='ltr'>Caer.</span> <span class='ocrx_word' id='word_1_308' title='bbox 1007 4017 1044 4067; x_wconf 86' lang='lat' dir='ltr'>M.</span> <span class='ocrx_word' id='word_1_309' title='bbox 1062 4017 1139 4082; x_wconf 73' lang='lat' dir='ltr'>priv,</span> <span class='ocrx_word' id='word_1_310' title='bbox 1155 4032 1182 4082; x_wconf 88' lang='lat' dir='ltr'>p.</span> <span class='ocrx_word' id='word_1_311' title='bbox 1198 4018 1241 4069; x_wconf 86' lang='grc'>98.</span> 
     </span>
     <span class='ocr_line' id='line_1_37' title="bbox 151 4091 1191 4162; baseline -0.004 -12"><span class='ocrx_word' id='word_1_312' title='bbox 151 4104 179 4150; x_wconf 86' lang='lat' dir='ltr'>et</span> <span class='ocrx_word' id='word_1_313' title='bbox 195 4098 370 4150; x_wconf 71' lang='lat' dir='ltr'>advertentis</span> <span class='ocrx_word' id='word_1_314' title='bbox 386 4096 542 4162; x_wconf 87' lang='lat' dir='ltr'>requiritur,</span> <span class='ocrx_word' id='word_1_315' title='bbox 559 4095 673 4160; x_wconf 88' lang='lat' dir='ltr'>nequid</span> <span class='ocrx_word' id='word_1_316' title='bbox 757 4096 770 4131; x_wconf 81' lang='lat'><strong>⁹</strong></span> <span class='ocrx_word' id='word_1_317' title='bbox 789 4091 815 4143; x_wconf 87' lang='lat' dir='ltr'>S.</span> <span class='ocrx_word' id='word_1_318' title='bbox 834 4093 894 4155; x_wconf 79' lang='lat' dir='ltr'>Lig.</span> <span class='ocrx_word' id='word_1_319' title='bbox 912 4093 1018 4157; x_wconf 79' lang='lat' dir='ltr'>Quarti,</span> <span class='ocrx_word' id='word_1_320' title='bbox 1035 4094 1076 4144; x_wconf 86' lang='lat' dir='ltr'>De</span> <span class='ocrx_word' id='word_1_321' title='bbox 1093 4094 1191 4146; x_wconf 86' lang='lat' dir='ltr'>Herdt.</span> 
     </span>
     <span class='ocr_line' id='line_1_38' title="bbox 153 4169 1242 4239; baseline -0.004 -14"><span class='ocrx_word' id='word_1_322' title='bbox 153 4176 339 4238; x_wconf 78' lang='lat' dir='ltr'>fragmentum</span> <span class='ocrx_word' id='word_1_323' title='bbox 361 4188 442 4239; x_wconf 81' lang='lat' dir='ltr'>super</span> <span class='ocrx_word' id='word_1_324' title='bbox 463 4173 603 4238; x_wconf 84' lang='lat' dir='ltr'>corporale</span> <span class='ocrx_word' id='word_1_325' title='bbox 625 4177 674 4222; x_wconf 83' lang='lat' dir='ltr'>aut</span> <span class='ocrx_word' id='word_1_326' title='bbox 758 4173 783 4207; x_wconf 86' lang='lat'>¹⁰</span> <span class='ocrx_word' id='word_1_327' title='bbox 802 4169 912 4233; x_wconf 81' lang='lat' dir='ltr'>Meruti,</span> <span class='ocrx_word' id='word_1_328' title='bbox 932 4170 1075 4221; x_wconf 79' lang='lat' dir='ltr'>Cacalieri.</span> <span class='ocrx_word' id='word_1_329' title='bbox 1097 4170 1242 4223; x_wconf 81' lang='lat' dir='ltr'>Boldesehi</span> 
     </span>
     <span class='ocr_line' id='line_1_39' title="bbox 152 4245 1241 4317; baseline -0.005 -15"><span class='ocrx_word' id='word_1_330' title='bbox 152 4258 278 4317; x_wconf 77' lang='lat' dir='ltr'>putenam</span> <span class='ocrx_word' id='word_1_331' title='bbox 294 4253 442 4310; x_wconf 76' lang='lat' dir='ltr'>remanent,</span> <span class='ocrx_word' id='word_1_332' title='bbox 455 4254 483 4300; x_wconf 89' lang='lat' dir='ltr'>et</span> <span class='ocrx_word' id='word_1_333' title='bbox 498 4247 674 4300; x_wconf 81' lang='lat' dir='ltr'>irreverentia</span> <span class='ocrx_word' id='word_1_334' title='bbox 727 4245 812 4307; x_wconf 82' lang='lat' dir='ltr'>(“rel</span> <span class='ocrx_word' id='word_1_335' title='bbox 829 4245 1035 4308; x_wconf 82' lang='lat' dir='ltr'>ter”)‚(lerem.</span> <span class='ocrx_word' id='word_1_336' title='bbox 1052 4246 1085 4297; x_wconf 87' lang='lat' dir='ltr'>U.</span> <span class='ocrx_word' id='word_1_337' title='bbox 1097 4245 1123 4295; x_wconf 69' lang='lat'>8.</span> <span class='ocrx_word' id='word_1_338' title='bbox 1140 4246 1241 4307; x_wconf 90' lang='lat' dir='ltr'>(“uni·</span> 
     </span>
     <span class='ocr_line' id='line_1_40' title="bbox 152 4323 946 4388; baseline -0.008 -12"><span class='ocrx_word' id='word_1_339' title='bbox 152 4329 354 4385; x_wconf 61' lang='lat' dir='ltr'>commutatum</span> <span class='ocrx_word' id='word_1_340' title='bbox 387 4326 435 4375; x_wconf 84' lang='lat' dir='ltr'>sed</span> <span class='ocrx_word' id='word_1_341' title='bbox 466 4325 554 4385; x_wconf 87' lang='lat' dir='ltr'>multi,</span> <span class='ocrx_word' id='word_1_342' title='bbox 585 4324 674 4373; x_wconf 84' lang='lat' dir='ltr'>minus</span> <span class='ocrx_word' id='word_1_343' title='bbox 722 4323 810 4372; x_wconf 78' lang='lat' dir='ltr'>corel</span> <span class='ocrx_word' id='word_1_344' title='bbox 827 4324 946 4388; x_wconf 84' lang='lat' dir='ltr'>dupl.”)</span> 
     </span>
     <span class='ocr_line' id='line_1_41' title="bbox 152 4400 1241 4466; baseline -0.002 -12"><span class='ocrx_word' id='word_1_345' title='bbox 152 4400 592 4466; x_wconf 79' lang='lat' dir='ltr'>reete,niminmetsuperfl11um</span> <span class='ocrx_word' id='word_1_346' title='bbox 613 4400 672 4450; x_wconf 83' lang='lat' dir='ltr'>dili·</span> <span class='ocrx_word' id='word_1_347' title='bbox 758 4400 956 4465; x_wconf 81' lang='lat' dir='ltr'>1¹Duramlus,</span> <span class='ocrx_word' id='word_1_348' title='bbox 984 4402 1134 4463; x_wconf 81' lang='lat' dir='ltr'>Guvuntns,</span> <span class='ocrx_word' id='word_1_349' title='bbox 1164 4403 1241 4456; x_wconf 87' lang='lat' dir='ltr'>Rom·</span> 
     </span>
     <span class='ocr_line' id='line_1_42' title="bbox 153 4477 911 4545; baseline -0.004 -14"><span class='ocrx_word' id='word_1_350' title='bbox 153 4482 273 4545; x_wconf 75' lang='lat' dir='ltr'>gentiam</span> <span class='ocrx_word' id='word_1_351' title='bbox 304 4479 446 4544; x_wconf 68' lang='lat' dir='ltr'>aethilrent,</span> <span class='ocrx_word' id='word_1_352' title='bbox 476 4479 616 4543; x_wconf 83' lang='lat' dir='ltr'>corporale</span> <span class='ocrx_word' id='word_1_353' title='bbox 646 4481 674 4529; x_wconf 87' lang='lat' dir='ltr'>et</span> <span class='ocrx_word' id='word_1_354' title='bbox 721 4477 773 4540; x_wconf 68' lang='lat' dir='ltr'>ste,</span> <span class='ocrx_word' id='word_1_355' title='bbox 795 4477 911 4545; x_wconf 80' lang='lat' dir='ltr'>Bouvry.</span> 
     </span>
    </p>
   </div>
   <div class='ocr_carea' id='block_1_4' title="bbox 0 0 1406 4890">
    <p class='ocr_par' dir='ltr' id='par_1_6' title="bbox 0 0 1406 4890">
     <span class='ocr_line' id='line_1_43' title="bbox 0 0 1406 4890; baseline 0 2"><span class='ocrx_word' id='word_1_356' title='bbox 0 0 1406 4890; x_wconf 95' lang='lat' dir='ltr'> </span> 
     </span>
    </p>
   </div>
  </div>
 </body>
</html>
