2804 4890
174 663 236 728 216
284 672 500 731 LITURGIAE
524 672 676 730 SAGRAE
699 671 914 732 DXPOSITIO
937 675 1167 735 HISTORIOA.

176 847 309 918 Domine,
333 848 411 903 Deus
433 852 532 905 noster
555 852 584 904 et
605 846 685 904 Deus
708 852 826 918 patrum
849 854 1015 908 nostrorum
1038 848 1120 907 decet
1143 849 1268 922 hymnus

177 940 205 991 et
228 935 328 1003 honor,
351 932 445 1003 gloria
467 937 496 989 et
519 937 630 1002 cantus,
653 938 784 1003 potestas
806 939 835 990 et
857 933 1011 1005 imperium
1040 978 1047 993 .
1080 978 1087 993 .
1120 977 1128 993 .
1155 935 1192 993 ab
1215 935 1268 992 boe

176 1024 303 1076 nuncet
322 1017 352 1074 in
374 1024 532 1075 aeternum.
572 1017 748 1075 Benedictus
770 1019 919 1089 Dominus,
940 1019 1029 1090 Deus,
1051 1020 1123 1090 Rex,
1145 1037 1268 1089 magnus

177 1103 208 1160 iu
237 1103 495 1173 benedictionibus,
523 1103 603 1159 Deus
630 1102 802 1173 gratiarum,
831 1104 974 1161 Dominus
1002 1102 1189 1174 mirabilium,
1217 1102 1269 1175 qui

179 1189 372 1260 beneplacens
400 1187 511 1259 accipis
540 1189 663 1261 hymnos
692 1187 807 1258 cantici,
836 1189 908 1258 Rex,
938 1189 1026 1260 Deus,
1055 1188 1107 1262 qui
1134 1186 1209 1245 vivis
1238 1188 1268 1246 in

178 1279 337 1330 aeternum.

214 1362 320 1430 Apost.
338 1361 373 1416 R.
391 1358 494 1415 Amen.

224 1552 309 1613 Huic
331 1552 523 1614 conclusioni
543 1552 711 1615 coneordat
732 1554 888 1618 conclusio
910 1553 1047 1618 Cononis
1067 1554 1102 1615 in
1122 1553 1269 1633 Liturgia

180 1644 307 1725 Apost:
330 1645 396 1707 “Te
417 1645 501 1706 enim
522 1645 609 1708 decet
635 1645 725 1725 [Tibi
746 1645 907 1726 debetur],
929 1648 1031 1710 omnis
1052 1647 1164 1727 gloria,
1186 1666 1268 1708 reve-

181 1739 283 1802 rentia
300 1745 331 1800 et
347 1739 521 1818 gratiarum
539 1739 630 1814 actio,
649 1741 747 1802 honor
764 1745 795 1802 ct
813 1740 963 1815 adoratio,
982 1741 1120 1816 Patrem,
1139 1740 1269 1815 Filium,

180 1840 211 1896 et
238 1832 392 1912 Spiritum
418 1837 572 1908 sanctum,
597 1853 681 1894 nunc
706 1838 737 1895 et
762 1853 882 1912 semper
907 1837 939 1896 et
964 1834 998 1894 in
1023 1834 1213 1912 sempiterna
1237 1838 1270 1894 ct

181 1926 308 1988 infinita
345 1925 466 1988 saecula
503 1926 705 1988 saeculorum.
771 1929 807 1989 ll.
846 1926 979 1988 Amen.''
1044 1927 1082 1987 In
1121 1927 1269 2003 liturgia

180 2022 337 2085 Romana:
380 2021 463 2083 “Per
483 2022 598 2102 ipsum,
620 2027 743 2087 etcum
765 2022 832 2103 ipso
851 2027 884 2085 et
904 2022 938 2084 in
960 2022 1037 2103 ipso,
1057 2026 1105 2085 est
1125 2022 1185 2085 tibi
1207 2022 1272 2083 Dea

182 2114 272 2176 Patri
295 2114 516 2192 omnipotenti,
540 2114 720 2176 munitate
746 2114 884 2192 Spiritus
908 2113 1019 2189 sancti,
1043 2113 1145 2175 omnis
1170 2112 1269 2174 honor

180 2211 212 2270 et
228 2206 336 2287 gloria.
377 2207 438 2268 Per
455 2207 561 2269 omnia
578 2207 699 2268 saccula
717 2207 920 2268 sacculorum.
939 2208 977 2271 R.
996 2204 1130 2270 Amen.''

223 2305 251 2363 2.
275 2301 430 2376 Christus,
448 2301 539 2362 finita
556 2301 731 2380 gratiarum
748 2300 880 2363 actionis
899 2300 1048 2362 Oratione
1072 2299 1269 2381 (utsupra),

181 2416 294 2477 panem
314 2400 529 2458 consecratum
547 2396 655 2475 scripit,
677 2395 824 2456 “Gratias
845 2395 919 2473 egit,
939 2399 971 2456 et
991 2393 1089 2473 fregit
1097 2390 1140 2469 ;”1
1162 2393 1268 2456 verisi-

181 2491 300 2552 militer
328 2491 416 2570 prius
445 2489 476 2550 in
505 2489 582 2549 diras
612 2496 715 2567 partes
744 2488 783 2549 ad
813 2489 977 2566 mysticam
1006 2487 1269 2568 significationem

181 2584 290 2647 mortis
309 2604 382 2645 suae
407 2584 516 2661 (sicuti
538 2583 629 2645 initio
650 2602 761 2643 coenae
781 2582 934 2661 paschalis
954 2582 1044 2661 panis
1065 2581 1271 2661 frangebatur

181 2678 220 2740 ad
248 2676 469 2758 significandas
497 2676 715 2737 tribulationes
744 2676 851 2755 populi
881 2675 1049 2737 Israelitici
1076 2676 1111 2737 in
1138 2674 1268 2755 captivi-

181 2772 286 2850 tate);
315 2770 427 2832 deindo
457 2771 489 2830 in
519 2769 623 2850 plures
652 2769 822 2849 particulas
851 2789 907 2849 pro
936 2769 1069 2847 singulis
1097 2768 1267 2848 Apostolis.

181 2864 275 2927 Ritus
298 2863 463 2943 fractionis
488 2864 577 2943 porus
602 2870 648 2924 est
674 2866 779 2941 magni
804 2863 965 2937 momenti,
989 2882 1045 2925 nec
1069 2862 1103 2923 in
1127 2861 1192 2924 ulla
1216 2861 1269 2923 Li·

181 2959 287 3036 turgia
308 2957 402 3020 deest.
468 2957 595 3028 “Pania
618 2976 708 3035 quem
732 2956 920 3035 frangimus,
942 2976 1045 3018 nonne
1067 2955 1269 3037 participatio

181 3051 319 3131 corporis
339 3050 468 3111 Domini
487 3049 575 3110 est?''
588 3052 609 3110 ².
636 3098 642 3110 .
674 3097 681 3110 .
707 3050 859 3111 “mortem
879 3049 1007 3110 Domini
1028 3049 1270 3123 annuntiabitis,

182 3145 279 3205 donec
311 3142 460 3204 veniat.'’³
505 3143 595 3205 “lloc
626 3149 673 3205 est
703 3162 815 3221 corpus
846 3163 950 3203 meum
982 3142 1064 3222 quod
1095 3162 1152 3221 pro
1183 3140 1270 3203 vobis

182 3236 345 3300 tradetur''
364 3242 452 3299 textu
470 3257 580 3314 gracco
598 3237 739 3311 κλώμενον
752 3235 871 3314 :quod
892 3235 1075 3314 frangitur.⁴

224 3439 293 3503 122.
317 3440 356 3502 111
376 3442 440 3503 ritu
463 3439 583 3503 Cocuae
602 3439 755 3519 paschalis
775 3443 847 3501 ante
866 3440 1076 3519 sirrnplioncm
1097 3438 1203 3500 calicis
1222 3438 1270 3500 di-

181 3536 279 3598 cenda
305 3541 371 3599 erat
399 3536 472 3596 llaec
500 3535 673 3596 benedictio
702 3533 782 3595 11111.ι
809 3533 1018 3594 “Berredictus
1046 3554 1077 3593 cs
1104 3533 1270 3606 Dominus,

180 3632 265 3694 Deus
286 3635 402 3707 noster,
428 3631 492 3692 ilex
516 3629 639 3704 mundi,
663 3629 717 3709 qui
742 3629 854 3689 creasti
879 3630 1019 3691 fructum
1044 3627 1118 3690 vitis
1127 3627 1157 3703 ;''
1181 3629 1273 3707 eujus

182 3724 406 3786 benedictionis
421 3722 487 3784 loco
502 3721 646 3782 Christus
661 3726 745 3781 certo
759 3719 839 3781 dixit
856 3720 1102 3782 benedictionem
1117 3718 1189 3780 huic
1204 3738 1269 3796 my-

181 3817 275 3880 sterio
295 3816 487 3896 adaptatam,
507 3835 584 3895 quae
605 3815 688 3875 iacta
708 3818 754 3875 est
773 3813 931 3892 exemplar
951 3833 1006 3892 pro
1028 3812 1176 3876 Oratione
1196 3819 1269 3875 onte

183 3910 454 3981 Communionem,
478 3929 555 3989 quae
579 3907 704 3987 quidem
727 3908 760 3967 iu
784 3907 929 3970 omnibus
952 3906 1108 3986 liturgiis
1130 3906 1269 3968 contine-

182 4010 243 4068 tur.

224 4102 251 4158 2.
276 4098 366 4158 Tunc
389 4097 533 4157 Christus
557 4095 613 4155 SS.
637 4094 758 4173 (lorpus
780 4114 872 4155 suum
893 4093 980 4155 dedit
1002 4092 1165 4174 discipulis
1185 4092 1270 4163 situ:

183 4197 212 4255 et
231 4195 355 4273 accepto
376 4190 469 4253 culice
490 4189 576 4251 dedit
596 4190 658 4259 cis;
678 4194 707 4250 et
728 4188 872 4249 biberunt
893 4209 929 4249 11
948 4209 981 4249 eo
1002 4207 1126 4258 omncs·
1145 4186 1270 4266 quando

217 4400 227 4433 1
246 4393 310 4443 Luc.
329 4393 370 4452 22,
389 4392 429 4442 19.
789 4395 800 4426 ³
822 4389 909 4439 11111.
928 4391 967 4449 11,
983 4391 1023 4438 26.

217 4476 228 4509 ²
250 4472 262 4519 l
281 4468 339 4518 (111.
360 4470 399 4529 10,
419 4469 458 4518 16.
789 4471 800 4503 ⁴
822 4468 833 4514 1
852 4465 911 4514 (lor.
933 4467 972 4526 ll,
990 4467 1031 4514 24.
