2804 4890
159 647 198 709 52
283 658 336 712 Da
358 659 596 726 QUIBUSDAM
620 659 752 715 MISSIS
774 659 816 713 IN
840 657 1120 714 PARTIGULARI.

160 832 261 909 potest
283 829 385 909 prima
407 830 454 891 vel
475 830 610 893 secunda
633 830 740 905 Missa,
762 828 932 893 dummodo
956 829 1066 893 Oratio
1088 830 1174 894 Deua
1196 830 1250 914 qai

158 923 243 985 inter
258 924 283 984 A
288 923 454 1004 postoliooa
471 924 655 986 Sacerdotes
671 924 880 985 adhibeatur.²

201 1019 228 1078 2.
252 1017 397 1079 Secundo
417 1017 515 1078 Missa
534 1017 652 1078 dieitur
672 1018 706 1078 in
726 1017 777 1079 die
797 1017 900 1080 obitus
919 1037 974 1080 seu
993 1017 1199 1098 depositionis
1218 1021 1249 1081 et

158 1111 266 1174 diebus
283 1110 502 1174 intermediis³
518 1111 653 1172 aliorum
669 1111 902 1186 defunctorum,
918 1116 1011 1192 atque
1026 1113 1061 1173 in
1076 1113 1127 1175 die
1144 1113 1194 1188 3⁰,
1211 1115 1246 1174 7Ο

157 1209 188 1267 et
209 1207 267 1266 30⁰
290 1204 469 1266 eorumdem
491 1224 562 1265 oum
586 1204 788 1265 Orationibus
810 1205 844 1265 in
866 1204 927 1267 fine
947 1206 1044 1284 hujus
1067 1205 1182 1271 Missae
1202 1227 1247 1269 as

158 1300 299 1380 signatis.

199 1397 226 1453 3.
252 1393 359 1455 Tertio
377 1392 474 1454 Missa
490 1392 608 1454 dieitur
626 1393 659 1453 in
676 1392 789 1453 horum
805 1392 856 1455 die
874 1393 1095 1456 anniversaria.
1140 1394 1180 1456 In
1197 1394 1247 1456 die

156 1487 368 1548 anniversaria
388 1486 593 1548 Sacerdotum
609 1486 672 1546 diei
691 1490 793 1566 potest
810 1487 884 1549 haee
902 1487 949 1550 vel
967 1487 1080 1568 prima.

198 1584 226 1640 4.
251 1580 370 1656 Quarta
385 1600 438 1641 seu
455 1579 647 1656 Quotidiano
661 1580 779 1642 dieitur
793 1585 881 1643 extra
896 1580 963 1643 dies
978 1586 1176 1645 enumeratos
1192 1601 1246 1663 pro

156 1673 402 1754 quibuscumque
418 1674 587 1737 defunctis.

199 1770 226 1828 5.
250 1766 431 1846 “Epistulae
450 1772 481 1831 et
501 1767 672 1848 Evangelia
692 1767 834 1848 superius
858 1767 908 1848 [in
929 1767 1066 1848 Missali]
1091 1771 1193 1849 posita
1213 1770 1245 1831 in

154 1881 218 1922 una.
231 1861 328 1923 Missa
341 1881 397 1941 pro
411 1861 589 1936 Defunetis,
602 1861 664 1922 diei
678 1867 808 1940 possunt
820 1862 915 1923 etiarn
928 1863 961 1922 in
975 1862 1037 1923 alia
1051 1862 1148 1925 Missa
1161 1864 1245 1924 sirni-

156 1955 229 2017 liter
254 1976 311 2037 pro
339 1954 538 2030 Defunetis,''
566 1957 611 2017 ita
637 1960 673 2016 ut
701 1956 843 2035 Epistola
870 1961 925 2017 aut
953 1955 1172 2036 Evangelium,
1199 1959 1246 2025 vel,

155 2055 324 2129 utrumque
339 2050 452 2113 exalia
468 2049 565 2111 Missa
579 2049 668 2129 seligi
683 2049 812 2129 possint.
858 2048 946 2123 Quod
963 2055 1069 2112 tamen
1085 2070 1149 2113 non
1165 2051 1246 2113 valet

155 2164 212 2224 pro
230 2143 335 2204 Missis
353 2145 385 2204 in
403 2143 453 2205 die
471 2143 686 2223 depositionis,
703 2142 750 2204 vel
769 2144 819 2218 3⁰,
838 2142 887 2218 l⁰,
906 2142 963 2204 30⁰
984 2147 1015 2206 et
1032 2143 1245 2206 anniversario

156 2236 393 2317 Episcoporum,
407 2256 463 2316 pro
477 2236 589 2315 quibus
603 2235 705 2315 prima
720 2236 815 2298 Missa
829 2236 977 2298 celebrari
992 2236 1106 2300 debet.⁴

198 2330 368 2411 Privilegia
381 2333 493 2392 harum
507 2330 677 2391 Missurum
689 2333 763 2391 sunt
777 2329 891 2391 diversi
903 2329 1030 2410 gradus,
1044 2335 1081 2393 ut
1093 2331 1243 2412 sequitur.

335 2540 369 2603 B.
393 2539 437 2603 De
454 2540 553 2601 Missa
568 2539 737 2618 exequiali,
755 2556 809 2602 seu
825 2539 860 2601 in
878 2539 928 2604 die
946 2539 1060 2603 obitus.

196 2697 245 2759 31.
269 2698 356 2759 Haee
374 2698 471 2761 Missa
489 2700 522 2760 in
540 2699 590 2760 die
608 2698 828 2777 depositionis:

195 2790 363 2853 Praesente
387 2808 514 2869 oorpore
538 2793 585 2853 vel
609 2793 704 2855 etiam
728 2792 853 2853 absente
877 2793 934 2855 “ex
957 2791 1042 2853 civili
1066 2793 1164 2855 vetito
1187 2794 1240 2855 aut

154 2886 260 2947 morbo
275 2887 463 2966 contagioso,
478 2893 532 2948 aut
546 2887 607 2947 alia
621 2886 707 2964 grau
723 2884 844 2958 eausa‚'’
859 2885 942 2947 “non
957 2886 1058 2949 solum
1078 2885 1167 2966 [eum
1180 2884 1235 2964 sit]

154 2980 348 3059 insepultum
366 2980 418 3041 sed
437 2982 661 3054 athanatum,
681 2979 850 3042 dummodo
868 2999 931 3040 non
950 2980 1035 3041 ultra
1053 2980 1185 3041 biduum
1204 2979 1239 3041 ab

153 3072 286 3135 obitu''⁶
303 3073 503 3155 prohibetur:

201 3168 251 3247 (a)
280 3168 442 3247 Tempore,
470 3189 530 3247 quo
558 3168 614 3229 SS.
645 3168 881 3229 Sacramentum
908 3169 1084 3247 expositum
1112 3175 1159 3233 est
1184 3191 1238 3251 pro

153 3262 316 3325 devotione
333 3262 392 3323 XL
409 3262 580 3336 Horarum,
598 3262 643 3323 rel
661 3263 697 3323 ob
714 3262 807 3323 aliam
826 3262 982 3340 publicam
999 3283 1123 3324 eausam
1133 3285 1142 3339 ;

200 3356 252 3434 (b)
281 3356 320 3417 In
338 3356 443 3418 triduo
460 3377 546 3418 saera
563 3356 692 3432 majoris
709 3355 930 3417 Hebdomadas
940 3376 948 3430 ;

200 3451 248 3528 (a)
279 3450 317 3511 In
343 3450 432 3511 festis
458 3450 643 3511 Natiuitatis
669 3449 808 3523 Domini,
834 3448 1041 3528 Epiphaniae,
1068 3450 1238 3522 Paschatis,

152 3543 351 3606 Ascensionis
384 3543 524 3618 Domini,
558 3543 765 3617 Pentecostes,
799 3541 845 3604 Ss.
879 3543 1059 3618 Trinitatis,
1093 3544 1238 3625 Corporis

153 3636 290 3713 Christi;

199 3733 253 3811 (d)
281 3731 554 3805 Annuntiationis,
572 3730 806 3809 Assumptionis
823 3734 855 3792 et
871 3730 999 3792 Immae.
1018 3730 1238 3812 Conceptionis

199 3921 248 4000 (a)
277 3920 463 3983 Nativitatis
477 3919 508 3980 S.
523 3919 545 3980 J
547 3918 667 3992 oannis,
682 3918 993 3981 commemorationis
1006 3923 1038 3982 et
1052 3920 1237 3983 Solemnita·

186 4067 198 4099 ²
217 4061 249 4111 D.
272 4063 348 4111 2417.
370 4063 394 4111 8.
758 4069 771 4102 ⁴
789 4064 822 4113 D.
844 4064 920 4114 3213.
942 4065 966 4114 5.

185 4143 197 4176 ³
217 4137 358 4201 Temporis
371 4138 489 4202 spatium
504 4139 540 4188 ab
554 4139 668 4188 instanti
757 4145 769 4177 ὕ
789 4141 821 4190 Ι).
842 4141 865 4190 2.
884 4140 948 4191 Dee.
971 4142 1046 4206 1891,
1065 4157 1090 4192 n.
1111 4142 1188 4192 3755.
1208 4142 1237 4203 2;

149 4214 245 4264 mortis
274 4229 355 4278 usque
382 4216 417 4264 ad
445 4217 612 4278 sepulturam
643 4216 669 4264 in
722 4219 751 4267 et
770 4217 809 4267 13.
830 4217 909 4268 Febr.
929 4219 1004 4282 1892,
1022 4234 1048 4269 n.
1067 4215 1144 4270 3787.
1164 4219 1240 4269 26.-

150 4291 272 4342 favorem
299 4306 391 4341 reeens
416 4292 515 4340 mortni
541 4307 590 4356 pro
617 4309 669 4342 uno
721 4294 797 4358 Quod
823 4296 997 4362 privilegium
1020 4311 1086 4361 argo
1109 4298 1240 4361 perdurat

148 4370 293 4432 eodemque
322 4368 365 4420 die
394 4372 546 4434 reputatur.
583 4370 667 4421 Cava·
721 4386 770 4436 par
788 4373 855 4422 duos
873 4373 931 4424 dies
950 4374 1054 4424 saetam
1072 4374 1238 4439 sepulturam

149 4455 231 4495 amar.
722 4448 877 4506 immediata
892 4453 1042 4520 sequentes.
