2804 4890
149 668 192 731 50
276 678 329 732 DE
353 677 592 745 QUIBUSDAM
614 678 746 734 Mlssis
771 679 813 734 IN
836 680 1116 736 PARTICULARI.

149 847 255 907 octava
278 841 350 903 talis
371 847 523 916 occurrat,
546 841 664 904 dieitur
686 842 723 904 de
746 847 884 924 tempore
907 848 1067 924 propriam
1089 844 1240 918 habente;

149 937 227 998 alias
244 936 362 998 dieitur
380 935 540 997 Praelatio
557 937 741 998 eommunis.
783 938 1059 1001 Cormnunicantos
1077 939 1240 1018 proprium

150 1032 278 1104 dieitur,
293 1051 318 1091 e.
335 1050 364 1109 g.
382 1030 466 1090 inira
482 1033 621 1091 octavam
639 1029 876 1092 Ascensionis.²⁸
921 1032 954 1092 Si
973 1032 1006 1092 in
1024 1031 1123 1095 Missa
1140 1032 1240 1093 rotira

151 1125 186 1186 fit
210 1123 464 1196 commemoratio
488 1122 671 1185 Dominieao
695 1125 740 1185 vel
767 1124 864 1187 feriae
888 1124 934 1186 vel
959 1124 1096 1204 vigiliae,
1120 1144 1240 1205 semper

149 1218 187 1279 de
205 1219 254 1279 liis
272 1218 422 1279 ultimum
442 1217 649 1295 Evangelium
669 1217 836 1296 legendum
855 1224 910 1279 est.
923 1219 950 1253 ²⁹

191 1317 220 1373 8.
245 1311 280 1372 Si
304 1312 401 1372 Missa
425 1311 528 1372 votiva
553 1313 586 1371 in
610 1311 758 1374 honorem
784 1310 923 1391 plurium
950 1311 1141 1374 Sanctorum
1165 1312 1239 1375 eele-

149 1405 268 1467 branda
289 1406 340 1479 sit,

196 1501 247 1577 (a)
277 1500 311 1560 Si
338 1498 446 1560 Sancti
472 1498 536 1560 sint
559 1497 699 1577 ejusdem
725 1498 897 1577 qualitatis,
921 1501 999 1579 puta
1024 1520 1132 1562 omnes
1158 1500 1238 1561 Mar-

150 1599 242 1672 tyres,
261 1592 308 1653 rel
326 1612 433 1655 onmes
453 1591 662 1665 Conlessores‚
682 1592 779 1653 Missa
797 1592 929 1654 dicenda
946 1598 993 1656 est
1011 1593 1049 1656 de
1070 1594 1239 1673 respectivo

151 1687 329 1761 Communi,
355 1690 386 1749 et
415 1686 578 1747 Orationes
605 1685 756 1747 dicuntur
783 1687 815 1746 in
841 1685 957 1765 plurali
985 1706 1041 1748 nec
1068 1686 1238 1768 quidquam

149 1780 236 1842 aliud
254 1781 288 1840 in
307 1780 404 1841 Missa
422 1783 582 1852 mutatur,

197 1875 248 1952 (b)
279 1873 313 1934 Si
333 1873 455 1935 fuerint
475 1872 613 1935 diversae
634 1870 805 1950 qualitatis,
825 1893 850 1934 e.
871 1893 900 1952 g.
923 1872 1078 1952 Martyres
1099 1874 1165 1949 alii,
1185 1872 1238 1935 alii

151 1968 349 2030 Confessores
368 1970 423 2028 aut
441 1967 600 2045 Virgines,
621 1965 718 2027 Missa
736 1967 797 2028 erit
815 1965 947 2027 dicenda
967 1967 1004 2030 de
1024 1967 1164 2046 digniori
1189 1967 1238 2045 (in

149 2082 221 2123 casu
246 2061 284 2122 de
308 2060 477 2121 Communi
502 2058 712 2136 Martyrum),
735 2064 766 2122 et
791 2060 825 2120 in
850 2059 1053 2122 Orationibus
1078 2061 1166 2123 nulla
1190 2082 1237 2123 ex-

150 2155 301 2235 primitur
320 2153 454 2232 qualitas
474 2154 534 2213 nisi
556 2173 633 2231 quae
652 2152 797 2214 convenit
816 2153 971 2227 omnibus,
991 2158 1028 2216 ut
1048 2154 1084 2215 fit
1105 2155 1138 2215 in
1160 2155 1238 2217 sesto

152 2248 208 2309 SS.
233 2248 359 2308 Nazarii
381 2252 437 2309 ete.
463 2246 542 2306 MM.
565 2254 593 2308 el
619 2246 796 2307 innocentii
820 2246 855 2307 P.
878 2251 909 2307 et
932 2245 977 2320 C,
1000 2246 1046 2310 rel
1069 2252 1238 2308 sumuntur

151 2342 315 2404 Orationes
334 2341 371 2403 de
392 2340 488 2401 Missa
509 2341 539 2400 S.
560 2339 685 2401 Callisti
706 2342 753 2400 14.
775 2339 956 2400 Octobris³⁰

212 2440 239 2495 ll.
264 2436 326 2497 Pro
359 2435 455 2495 Missa
488 2435 589 2495 rotiru
623 2434 765 2494 omnium
800 2432 987 2494 Sanctorum
1021 2435 1103 2494 sumi
1138 2439 1236 2514 potest

150 2531 262 2591 festiva
284 2534 309 2590 1.
330 2528 525 2601 Novembris,
544 2547 614 2588 eum
635 2526 775 2588 introitu
795 2525 991 2607 Sapientiam
1011 2527 1049 2588 de
1069 2527 1236 2590 Communi

150 2624 326 2701 Martyrum
359 2623 486 2699 (Sancti
514 2622 560 2683 lui
587 2626 725 2699 ternpore
751 2620 921 2699 paschali),
946 2622 991 2683 uel
1018 2641 1055 2680 ex
1083 2621 1179 2682 Missa
1207 2622 1235 2680 S.

150 2717 271 2794 Cyrinei
302 2720 330 2776 8.
360 2716 507 2793 Augusti,
535 2723 565 2776 et
593 2734 664 2774 rum
695 2713 843 2775 Oratione
872 2713 1012 2776 Concedo
1041 2735 1236 2795 quaesumus,

149 2813 289 2890 quaeest
307 2810 409 2889 prima
429 2810 511 2870 inter
529 2808 715 2870 “Orationes
734 2805 901 2868 diversas.''

192 2907 239 2963 10.
265 2903 326 2963 Pro
360 2901 457 2963 Missa
489 2903 591 2963 votiva
623 2900 859 2979 (quatuordeeim
893 2900 1129 2962 Auxiliatorum
1163 2902 1235 2964 eele-

148 2998 231 3058 brari
260 3001 361 3076 potest
387 2995 484 3057 Missa
510 2996 547 3059 de
575 2994 742 3056 Communi
771 2995 947 3073 Martyrum
977 2998 1004 3055 1.
1032 2995 1078 3055 rel
1108 2999 1136 3057 2.
1163 2997 1235 3064 loco,

148 3111 211 3153 non
233 3091 384 3170 expressis
406 3090 594 3150 nominibus.

192 3185 230 3245 In
257 3184 353 3244 Missa
379 3184 481 3243 votiva
505 3183 637 3262 privata,
662 3182 720 3244 etsi
745 3181 897 3242 celebrata
922 3201 994 3241 rum
1019 3202 1042 3242 s.
1069 3181 1235 3255 Ministris,

149 3297 270 3357 semper
287 3275 482 3338 adhibendus
499 3282 545 3337 est
564 3281 657 3337 tonus
676 3273 808 3353 simplex
827 3274 956 3335 serialis.
969 3275 994 3308 ³¹

190 3463 239 3526 29.
262 3465 296 3524 F.
313 3462 358 3525 oe
376 3461 572 3538 obligatione
589 3460 770 3522 celebrandi
787 3461 900 3522 Missas
916 3461 1050 3522 votivas.
1089 3462 1236 3533 “Diebus,

149 3559 260 3639 quibus
290 3559 351 3620 diei
383 3562 513 3638 possunt
545 3556 658 3618 Missae
689 3557 807 3617 votivae
838 3557 987 3635 privatae,
1019 3556 1169 3619 Sacerdos
1199 3555 1235 3618 ad

150 3654 219 3715 illas
240 3653 396 3731 obligatus
417 3652 538 3715 ratione
560 3650 756 3711 fundationis
778 3650 823 3711 rol
846 3650 963 3729 accepti
986 3650 1148 3729 stipendii,
1169 3670 1236 3732 pro

150 3748 235 3827 prise
258 3747 442 3827 obligationi
467 3765 529 3806 non
554 3744 719 3817 satisfacit,
743 3743 875 3805 dicendo
900 3743 1029 3804 Missam
1054 3744 1092 3805 de
1117 3745 1168 3808 (lie
1190 3765 1236 3807 oc·

149 3845 311 3907 currente;
330 3861 473 3921 expressa
491 3840 574 3900 enim
595 3837 738 3901 uoluntas
759 3838 963 3899 fundatorum
983 3837 1027 3899 rel
1050 3836 1237 3917 postulanti·

150 3955 214 4007 uin,
230 3935 400 3997 dummodo
417 3936 458 3995 sit
475 3932 680 4000 rationabilis,
697 3932 788 3993 debet
804 3929 1001 4010 adimpleri.'’
1014 3932 1039 3964 ³²

191 4032 219 4090 2.
244 4028 308 4090 Nee
338 4030 369 4089 in
399 4027 508 4088 diebus
537 4027 648 4086 Missas
677 4025 795 4086 votivas
822 4024 1059 4087 excludentibus
1089 4025 1238 4088 Sacerdos

150 4123 305 4184 satisfacit
329 4121 512 4184 celebrando
537 4120 666 4180 Missam
690 4118 764 4191 diei,
787 4119 812 4179 si
838 4119 941 4197 isqui
966 4119 1021 4179 dat
1044 4119 1237 4199 stipendium

185 4324 209 4353 '2¹⁴
232 4316 262 4365 v·
281 4331 305 4365 ῃ.
325 4316 365 4363 24,
385 4315 409 4363 3,
755 4315 778 4346 ³¹
792 4309 823 4357 V.
847 4310 916 4372 App.
938 4307 993 4357 Ill.

185 4400 211 4430 ²⁹
231 4392 298 4441 Nor.
321 4391 403 4439 llulrr.
426 4390 459 4438 Χ.
481 4389 504 4439 3.
756 4391 781 4421 3²
801 4384 833 4433 l).
858 4388 933 4434 sirii.
958 4385 980 4434 ῖ.

186 4477 211 4508 ³⁰
232 4467 346 4529 Merali;
371 4468 499 4530 (luyetus
