2804 4890
311 664 397 719 APP.
422 664 447 719 Ι.
489 664 801 718 DEMONSTRATIO
824 664 1081 721 DEFECTUUM.
1185 657 1245 719 547

196 823 243 881 69.
269 820 370 882 Verba
400 821 490 883 llnro
516 822 768 903 quotiescunque,
798 828 867 897 etc,
896 826 1035 903 ternpore
1063 820 1245 884 elevationis

153 912 265 989 dicere,
287 933 350 974 uon
373 924 442 994 post
466 916 716 976 <lunser-rationis
739 915 830 978 rerba
851 915 927 976 durn
949 914 1181 996 genuflectitur.

197 1009 244 1067 70.
269 1005 340 1068 Non
360 1006 567 1087 genuflectere
589 1027 685 1087 nsque
705 1008 737 1069 in
756 1013 883 1083 terram,
903 1008 950 1071 rel
969 1007 1176 1088 genuflectere
1198 1006 1243 1069 iu·

153 1098 303 1162 concinne
324 1106 355 1161 et
377 1105 588 1180 properanter.

196 1195 244 1254 tl.
269 1192 340 1255 Non
361 1200 464 1255 tenere
484 1193 611 1273 pollices
630 1198 662 1256 ct
684 1193 800 1255 indices
820 1195 947 1274 junctos
966 1214 984 1255 a
1006 1192 1245 1256 consecratione

152 1303 248 1365 usque
263 1286 302 1346 ad
314 1286 575 1365 puriliratinnenr,
588 1293 643 1347 ant
660 1286 804 1348 llostianr
821 1293 947 1367 tangere
962 1285 1073 1366 digitis
1087 1283 1244 1347 inferiori-

152 1377 219 1454 bus,
234 1383 291 1440 aut
307 1378 423 1458 digitos
442 1379 515 1439 istos
533 1399 596 1439 nou
614 1379 779 1442 extendere
797 1400 894 1459 quum
912 1379 1060 1441 Hostiam
1077 1378 1201 1460 accipit.

196 1474 243 1534 72.
264 1470 383 1533 Ponere
405 1492 515 1532 numus
535 1473 661 1550 junctas
682 1491 774 1551 super
794 1471 903 1535 Altare
923 1473 1052 1535 omniuo
1074 1472 1157 1533 iutra
1180 1491 1244 1532 cor-

154 1563 257 1644 porale
280 1570 350 1645 post
375 1564 646 1627 Consecratiouem
672 1586 734 1628 uon
761 1565 916 1645 sequendo
940 1564 1201 1647 praescriptiones
1227 1583 1244 1623 a

152 1656 276 1719 rubrica
291 1677 449 1738 expressas
465 1678 527 1721 nna
546 1659 579 1718 in
593 1664 780 1738 perpetuum
796 1659 862 1721 vioe
877 1659 945 1722 sine
960 1657 1025 1720 ulla
1041 1655 1245 1720 distinctione

151 1754 207 1813 aut
227 1751 426 1814 limitatione.

195 1846 243 1905 ¹73.
268 1845 401 1905 Pansam
423 1847 524 1907 facere
546 1846 579 1906 in
601 1845 896 1908 commemoratione
916 1845 1139 1908 defunctorum
1158 1847 1244 1904 ante

152 1954 245 2016 quam
264 1937 387 1999 dicatur
406 1938 459 2018 pai
477 1959 532 2000 nos
548 1942 792 2020 praecesserant,
811 1941 880 2013 etc,
898 1944 954 2000 aut
971 1937 1035 1999 alta
1054 1957 1125 2000 voce
1142 1935 1245 1997 dicere

152 2027 311 2092 Memento
331 2030 436 2102 etiarn,
456 2031 599 2102 Domine,
619 2035 675 2094 aut
694 2030 829 2111 reliquas
847 2031 867 2091 I
867 2031 941 2111 poia,
960 2031 1105 2101 Domina,
1123 2036 1181 2091 etc.

196 2124 243 2182 74.
268 2121 381 2183 Pectus
411 2142 473 2183 nou
504 2122 615 2201 digitis
645 2122 747 2184 tribus
778 2121 981 2184 inferioribus
1012 2127 1182 2202 percutere,
1213 2123 1245 2182 et

153 2213 280 2293 reliquis
295 2215 414 2292 junctis
429 2220 555 2293 tangere
569 2215 707 2276 casulam
722 2214 761 2276 ad
776 2214 1008 2295 Norbanoque
1021 2214 1244 2296 peccatoribus,

151 2306 191 2369 ad
214 2308 325 2386 Agnus
346 2307 415 2376 Dei,
437 2307 476 2368 ad
499 2306 632 2369 Domina
656 2328 719 2370 non
741 2326 811 2367 anni
834 2305 958 2386 dignus.

196 2403 243 2461 75.
267 2397 425 2462 inclinare
441 2404 536 2478 caput
552 2398 684 2462 diceudo
700 2398 801 2462 Nobis
817 2419 937 2480 quoque
952 2396 1174 2479 peccatoribus,
1190 2402 1246 2461 aut

151 2492 216 2555 alta
239 2513 310 2554 voce
331 2491 433 2554 dicere
455 2492 551 2554 etiam
572 2489 703 2572 famulis
727 2490 790 2553 tais
812 2511 883 2552 cum
906 2491 1051 2570 suspirio,
1074 2491 1121 2554 vel
1142 2491 1245 2553 dicere

150 2586 254 2649 Anien
272 2591 344 2647 ante
361 2585 424 2647 I’cr
441 2604 530 2665 praem
549 2586 623 2647 baec
639 2584 755 2647 orento.

195 2682 243 2741 ¹76.
264 2678 368 2758 Caput
393 2677 489 2740 etiarn
515 2675 667 2740 inclinare
693 2678 731 2739 ad
758 2675 938 2758 Praeceptis
962 2675 1164 2749 saltatoribus,
1190 2679 1246 2738 aut

151 2772 281 2834 recitare
298 2771 352 2833 illa
367 2771 484 2850 apertis
499 2769 654 2847 manibus,
670 2775 725 2832 aut
740 2769 845 2834 oculos
861 2791 923 2832 uon
939 2770 1073 2850 deligere
1088 2771 1121 2831 in
1137 2769 1245 2831 Sacra·

151 2871 293 2927 mentum
325 2884 421 2944 quum
452 2862 635 2926 recitabitur
666 2864 762 2926 Pater
794 2866 908 2939 noster,
940 2868 996 2925 aut
1027 2868 1175 2943 patenam
1207 2862 1245 2923 de

151 2956 303 3037 corporali
322 2957 474 3020 deducere
493 2975 621 3036 eamque
638 2955 813 3035 abstergere
831 2957 1014 3037 priusquam
1034 2955 1179 3018 minister
1199 2974 1244 3016 re-

151 3049 313 3130 sponderit
335 3051 448 3121 Amen,
473 3053 528 3111 aut
551 3069 615 3111 uon
638 3047 813 3127 abstergere
836 3069 934 3111 manu
956 3053 1082 3110 tantum
1107 3049 1244 3122 dextera,

151 3143 204 3205 sed
222 3142 373 3221 adjuncta
391 3142 487 3203 etiam
504 3142 642 3203 sinistra.

195 3238 241 3296 lt.
266 3235 340 3295 Non
357 3232 514 3314 applicare
531 3234 692 3295 sinistram
712 3233 798 3296 infra
815 3239 923 3314 pectus
940 3253 1039 3314 quum
1057 3233 1147 3314 signo
1166 3232 1244 3296 Cru-

150 3327 195 3388 cis
215 3346 247 3388 se
266 3326 400 3387 muniat.

194 3422 242 3482 78.
267 3417 410 3480 Osculari
436 3420 582 3497 patenam
608 3417 641 3478 in
666 3420 754 3497 parte
782 3416 925 3479 inferiori
952 3423 1007 3481 aut
1033 3421 1066 3479 in
1092 3419 1244 3498 margine,

151 3512 198 3574 vel
212 3511 388 3590 abstergere
402 3528 495 3589 super
508 3508 668 3589 planetam
680 3514 736 3570 aut
749 3510 782 3570 in
798 3509 860 3571 alia
874 3514 963 3590 parte
977 3516 1141 3591 postquam
1157 3508 1243 3571 illam

150 3603 308 3667 osculatus
335 3603 385 3665 sit.

194 3700 242 3759 r9.
267 3694 439 3757 Purificare
461 3693 578 3773 digitos
599 3693 786 3774 fragmentis
807 3694 937 3757 terendo
958 3714 1058 3756 unum
1079 3699 1149 3776 post
1169 3692 1244 3757 alte

151 3811 221 3853 mm
243 3790 277 3852 in
296 3787 383 3850 labro
404 3786 529 3849 Calicis.

193 3887 242 3944 80.
267 3881 307 3944 Se
325 3884 444 3943 vertere
463 3880 500 3941 ad
522 3879 707 3941 alterutram
727 3884 847 3960 partem
866 3879 998 3945 diceudo
1015 3880 1161 3951 Domine,
1181 3901 1244 3943 non

149 3995 220 4038 sum
237 3974 362 4054 digana,
379 3976 434 4036 aut
451 3973 612 4034 brachium
630 3973 794 4034 sinistrum
813 3973 972 4054 imponere
989 3972 1103 4036 Altari.

193 4071 242 4129 81.
266 4065 377 4128 Crucis
398 4065 524 4144 signum
547 4063 660 4126 Hostia
680 4063 796 4128 efficere
817 4069 905 4128 extra
927 4065 1044 4128 limites
1063 4070 1195 4145 patenae
1214 4070 1244 4127 et

151 4159 267 4221 frontis
284 4179 357 4220 suae
376 4158 409 4219 iu
428 4157 666 4219 Commnuionis
683 4163 766 4228 actu,
783 4163 839 4220 aut
856 4177 989 4238 expuere
1007 4158 1082 4220 dnm
1102 4161 1243 4239 sumptu·

152 4274 204 4313 rus
223 4256 279 4319 est,
297 4253 342 4313 vel
362 4251 458 4313 etiam
475 4248 607 4310 osi-irlari
627 4249 658 4309 S.
680 4248 824 4310 llostiam
844 4254 1011 4330 antequam
1029 4256 1142 4312 sumat.

194 4349 240 4404 82.
265 4344 373 4405 Nimia
407 4342 452 4403 vel
486 4341 608 4403 modica
640 4341 806 4415 diligentia
840 4362 964 4420 pecuare
998 4344 1029 4404 in
1061 4342 1245 4422 colligendis

152 4437 350 4519 fragmentis,
366 4441 398 4498 et
412 4432 549 4496 collectis
566 4435 650 4495 intra
667 4432 803 4495 Calicem
823 4433 1012 4513 injiciendis.
