2804 4890
417 701 472 756 DE
491 702 786 761 BENEDICTIONE
806 703 934 761 CEREI.
1162 700 1226 764 329

178 875 231 955 (b)
258 875 431 956 “Sequitur
448 876 663 940 subdiaconus
677 898 749 940 eum
766 877 886 943 Cruce’'
901 878 1003 958 solus;

178 969 227 1048 (c)
255 970 273 997 “
305 973 319 1032 t
337 968 447 1031 Clarus
465 989 520 1050 per
537 970 679 1035 ordinem
688 969 718 1046 ;''

178 1062 232 1142 (d)
260 1061 404 1125 “Deinde
425 1061 584 1126 Diaconus
607 1084 678 1126 cum
700 1063 876 1128 arundine''
896 1071 930 1129 et
950 1085 969 1130 a
989 1066 1128 1130 sinistris
1149 1067 1220 1149 ejus

130 1155 292 1236 acolythus
310 1176 383 1218 cum
401 1156 530 1219 candela
548 1157 705 1219 accensa.''

178 1249 227 1329 (e)
255 1248 353 1312 “Post
370 1269 443 1313 eum
461 1249 649 1313 Celebrana''
667 1252 768 1331 capite
785 1255 876 1314 tecto.

173 1345 201 1405 l.
224 1341 328 1406 “Cum
341 1341 520 1405 Diaconus''
535 1349 566 1408 et
581 1344 747 1406 Celebrans
761 1345 940 1424 “ingressus
954 1350 1002 1410 cst
1015 1345 1219 1423 Ecclesiam,''

131 1435 307 1499 consistunt
324 1456 442 1512 ornnes,
458 1442 490 1501 et
508 1437 666 1499 Diaconus
683 1437 837 1500 “inclinat
853 1438 1053 1515 arundinem,
1071 1444 1103 1502 et
1119 1440 1219 1520 acoly-

130 1530 204 1590 thus
219 1529 363 1592 deferens
378 1529 540 1591 candelam
555 1549 714 1591 accensam
730 1531 768 1592 dc
783 1550 862 1594 novo
877 1532 949 1611 igne
964 1531 1106 1594 accendit
1122 1552 1219 1594 unam

131 1642 168 1683 ex
184 1622 247 1684 illis
264 1622 366 1685 tribus
381 1622 519 1684 candelis
529 1643 538 1699 ;
554 1628 585 1685 et
603 1622 760 1685 Diaconus
777 1623 899 1686 elevans
916 1623 1104 1688 arundinem
1122 1645 1218 1706 genu-

131 1713 240 1791 flectit,
260 1716 408 1777 similiter
426 1723 458 1780 et
478 1735 584 1777 omnes
605 1715 660 1778 alii
681 1736 753 1777 cum
773 1737 818 1793 eo,
839 1721 963 1797 praeter
985 1717 1219 1780 Subdiaconum

132 1807 264 1870 Crucem
289 1808 453 1884 ferentem,
478 1815 509 1871 et
534 1813 641 1871 cantat
665 1809 766 1871 solus:
791 1812 915 1874 Lumen
941 1809 1101 1885 aaron?
1125 1811 1219 1873 choro

130 1901 354 1981 respondente:
372 1902 438 1965 Deo
456 1902 574 1983 prutina
592 1922 699 1964 omnes
717 1908 852 1983 surgunt
870 1908 901 1967 et
919 1902 1176 1985 progrediuntur.

171 1997 200 2054 8.
224 1993 275 2055 Ita
292 2014 383 2075 porro
401 1996 434 2056 in
451 1995 554 2057 medio
572 1995 727 2058 Ecclesiae
744 1999 866 2060 Lumen
885 1998 1005 2060 Christi
1021 2001 1079 2060 etc.
1097 2001 1128 2060 et
1145 2001 1218 2060 ante

130 2085 239 2149 Altare
265 2088 372 2149 eadem
397 2088 488 2150 verba
513 2090 663 2150 “cantans
689 2089 829 2164 altius‚'’²
855 2090 908 2150 ubi
935 2090 1112 2153 consistunt
1139 2089 1218 2152 Sub

129 2179 279 2243 diaconus
293 2186 324 2244 et
337 2182 560 2245 thuriferarius
575 2202 645 2243 cum
660 2183 742 2244 socio
756 2202 812 2246 suo
826 2187 899 2244 ante
913 2182 1058 2243 infimum
1072 2181 1218 2263 gradum,

130 2274 243 2354 reliqui
261 2274 299 2339 de
318 2275 400 2337 clero
418 2276 491 2337 hinc
511 2275 594 2350 inde,
614 2275 659 2337 vel
680 2275 717 2337 ob
737 2275 796 2337 loci
816 2276 996 2354 angustiam
1015 2280 1129 2354 petunt
1147 2274 1216 2336 sub-

130 2367 219 2429 sellia
247 2368 344 2442 chori,
376 2367 514 2430 Diacono
544 2372 575 2432 et
605 2366 789 2430 Celebrante
818 2366 1020 2446 pergentibus
1050 2385 1147 2447 usque
1177 2365 1217 2428 ad

129 2459 270 2522 medium
284 2459 350 2522 iere
364 2459 558 2541 presbyterii.

568 2797 683 2869 ΛΒΤ.
708 2795 775 2870 IV.

415 2979 465 3032 DE
490 2980 776 3032 BENEDICTIONE
801 2979 921 3034 CEREI.

334 3150 371 3215 A.
393 3151 438 3214 De
458 3151 635 3214 Functiona
656 3151 773 3230 absque
793 3169 817 3214 a.
838 3149 1007 3216 Ministris.

169 3335 239 3401 204.
263 3337 442 3419 “Responso
457 3359 514 3420 pro
530 3341 625 3403 tertia
640 3337 705 3401 vice
721 3343 792 3419 post
806 3340 929 3402 Lumen
946 3338 1076 3412 Obriati,
1093 3359 1112 3402 a
1126 3339 1216 3403 cleri·

128 3433 171 3493 cis
185 3432 251 3495 Deo
265 3431 393 3512 praem,
407 3453 513 3494 omnes
529 3433 669 3494 formant
683 3438 800 3494 rectam
815 3431 931 3495 lineam
944 3452 1017 3493 cum
1032 3431 1216 3495 Celebrante

128 3525 161 3585 in
175 3525 277 3587 medio
290 3546 397 3587 eorum
411 3529 483 3589 ante
497 3526 614 3589 Altare.
661 3523 823 3586 Secundus
837 3524 967 3585 clericus
980 3522 1111 3604 deponit
1124 3525 1216 3586 later-

129 3638 201 3680 nam
215 3638 309 3698 super
321 3618 512 3680 credentiam
527 3623 559 3681 et
573 3618 687 3698 accipit
701 3616 828 3679 Missale
842 3635 899 3696 pro
915 3616 1095 3690 praeconio,
1108 3621 1141 3679 et
1154 3618 1217 3677 tra·

127 3712 176 3774 dit
192 3711 272 3773 illud
289 3712 479 3786 Celebranti
496 3713 548 3790 qui
567 3712 704 3773 vicissim
720 3710 775 3772 dat
792 3710 838 3771 illi
856 3708 1075 3772 arundiuem.''

169 3808 196 3866 2.
220 3804 408 3869 “Celebrans
421 3811 530 3868 tenens
543 3803 670 3867 Missale
682 3802 866 3883 genuflectit
879 3804 912 3863 in
927 3801 1036 3866 infimo
1047 3800 1148 3883 gradu
1161 3801 1216 3863 Al-

129 3900 217 3974 taria,
238 3898 317 3961 dicit
338 3903 481 3962 tantum:
504 3898 587 3961 Jube
610 3897 744 3962 Domine
767 3895 956 3959 benedicere.
997 3894 1155 3960 Dominus
1174 3897 1217 3959 sit

127 3992 162 4055 in
174 3992 265 4057 corde
278 4013 356 4065 meo,
370 3996 399 4056 et
413 3992 447 4054 in
460 3991 550 4054 labiis
564 3993 657 4054 maia:
670 3996 705 4053 ut
720 3991 813 4070 dipne
827 3996 857 4054 et
870 3994 1084 4072 competenter
1093 4010 1216 4052 annun·

129 4085 204 4148 tiam
221 4106 314 4149 enum
332 4086 475 4167 paaebule
492 4085 704 4167 praeconium.
737 4085 849 4146 Amen.
884 4081 1006 4146 Deinde
1024 4101 1164 4163 surgens,
1181 4101 1217 4145 ae

128 4178 213 4242 facta
227 4199 298 4242 cum
313 4178 459 4240 omnibus
472 4176 688 4259 genuflexione
705 4174 840 4246 Altari‚''
855 4175 991 4255 exceptis
1007 4174 1171 4238 Crucifero
1185 4177 1217 4237 et

129 4271 272 4351 acolytho
295 4276 421 4335 tenente
446 4270 644 4344 arundinem,
668 4268 808 4332 “accedit
832 4269 871 4331 ad
896 4267 988 4349 legile
1012 4271 1158 4349 paratum
1183 4268 1218 4330 in

129 4365 223 4446 plano
241 4364 405 4445 Evangelii
423 4384 480 4445 pro
496 4362 660 4444 praeconio
676 4363 734 4425 hoc
751 4361 877 4425 ordine:

275 4546 287 4580 ²
305 4557 328 4592 e.
351 4556 377 4606 g.
399 4544 479 4591 notas
501 4540 631 4590 musicas:
659 4539 691 4590 1⁰
713 4538 757 4604 Δ.,
769 4539 804 4590 2⁰
821 4536 864 4601 B„
879 4537 914 4587 3ο
932 4536 953 4588 G
968 4537 1061 4601 ehorp.
