2804 4890
173 726 226 783 DE
248 726 552 783 Bsnsnlcrlons
575 722 718 782 PAPALI
739 728 794 783 AD
816 728 970 784 MISSAM
993 727 1148 786 PONTIF.
1186 719 1245 782 199

153 893 277 972 quando
290 894 381 956 electi
394 898 469 956 sunt
482 894 522 955 ad
538 893 710 956 Ecclesiam
726 895 865 975 ipsorum
881 915 972 958 curae
986 889 1214 957 commissam''
1226 892 1239 927 ¹

153 986 255 1048 Curae
277 989 338 1049 erit
361 987 510 1050 Perochis
533 986 638 1050 fideles
661 1008 796 1064 monere,
819 988 901 1068 quod
924 989 963 1050 ad
986 987 1170 1050 lucrandam
1192 987 1240 1047 in·

152 1079 348 1161 dulgentiam
364 1081 542 1161 requiratur
557 1081 711 1144 confessio
726 1087 758 1144 et
773 1083 971 1157 Communia,
986 1102 1063 1144 neve
1077 1079 1241 1143 discedant

152 1173 191 1237 de
209 1174 348 1237 Ecclesia
367 1177 429 1237 nisi
449 1180 520 1256 post
539 1177 632 1237 istam
652 1175 913 1252 benedictionem,
932 1196 1010 1257 quae
1030 1175 1242 1256 distinguitur

152 1287 171 1331 a
188 1268 402 1334 benedictione
421 1269 535 1332 Missae
552 1271 708 1333 solemnis.

195 1365 223 1426 2.
247 1363 409 1445 Completa
440 1363 539 1426 Missa
568 1363 743 1444 Episcopus
773 1365 806 1426 in
837 1365 949 1427 throno
980 1363 1109 1440 sedebit,
1139 1365 1240 1426 mani·

152 1458 263 1539 pulum
290 1458 420 1538 deponit
446 1462 477 1520 et
504 1458 696 1520 chirothecas
724 1458 856 1523 resumit
889 1458 1167 1540 (Archiepiscopus
1193 1478 1240 1521 re·

153 1551 234 1614 tinet
263 1550 434 1631 Pallium).
498 1551 550 1614 Ad
578 1551 730 1615 cancellos
759 1552 942 1633 presbyterii
972 1572 1027 1633 per
1056 1552 1239 1615 ministrum

152 1645 375 1726 superpelliceo
392 1646 543 1708 indutum
559 1646 705 1727 legantur
723 1647 832 1709 literae
849 1646 1057 1728 Apostolicae,
1076 1646 1109 1708 in
1128 1645 1240 1726 quibus

154 1740 353 1820 indulgentia
381 1740 523 1821 plenaria
551 1740 743 1816 conceditur,
773 1746 839 1804 tam
869 1741 977 1821 lingua
1007 1741 1118 1816 letina,
1146 1760 1240 1821 qnam

153 1854 260 1897 carum
280 1834 379 1899 versio
399 1835 432 1896 in
451 1835 594 1914 linguam
613 1835 782 1915 vulgarem.

195 1932 223 1990 3.
247 1928 358 1992 Postea
382 1928 556 2009 Episcopus
578 1949 718 2009 surgens,
742 1930 852 1992 ceteris
874 1929 1048 2010 genuflexis
1070 1930 1167 1991 mitra
1188 1928 1240 1991 de

154 2023 264 2103 posita,
287 2023 364 2104 legit
386 2043 439 2085 seu
462 2028 569 2085 cantat
592 2025 625 2084 in
649 2027 722 2086 tono
747 2024 907 2086 Orationis
930 2021 969 2086 ad
994 2024 1145 2104 populum
1169 2043 1240 2085 con-

154 2136 275 2179 versus:

196 2209 367 2284 Precibus,
387 2217 417 2276 et
437 2210 560 2273 meritis
579 2213 683 2274 beatae
704 2213 823 2275 Mariae
842 2233 965 2293 semper
987 2212 1138 2291 Viryiois,
1159 2209 1242 2274 beati

154 2301 317 2367 Michaelis
336 2305 538 2385 Archangeli,
560 2306 642 2368 beati
660 2306 796 2368 loannis
816 2306 988 2388 Baptistae,
1010 2311 1039 2368 et
1059 2309 1239 2369 sanctorum

154 2398 375 2479 Apostolorum
399 2399 488 2462 Petri
511 2405 540 2462 et
564 2400 667 2473 Pauli,
691 2405 720 2462 et
744 2400 885 2463 ommam
910 2401 1115 2462 Sarrctornm:

195 2493 400 2562 Miscrculur
422 2494 518 2555 vestri
541 2495 738 2575 ornnipoteus
761 2493 857 2564 Deus,
881 2498 911 2556 et
934 2492 1072 2555 dimissis
1096 2492 1241 2554 omnibus

154 2587 287 2666 peccetis
306 2586 427 2660 cestris,
446 2590 597 2670 perducat
616 2609 669 2650 cos
688 2589 783 2651 «lesus
804 2587 948 2649 Christus
966 2587 1007 2650 ad
1026 2587 1123 2649 vitam
1143 2590 1241 2650 aeter·

155 2700 236 2742 crem.
282 2680 317 2742 R.
340 2681 452 2745 Amen.

196 2774 451 2856 Indrrlpenticm,
471 2775 708 2847 absolutionem,
729 2781 760 2838 et
780 2776 989 2837 remissionem
1012 2776 1150 2837 omnium
1172 2795 1241 2855 pec·

152 2871 289 2932 catorum
310 2872 493 2944 vestrorum,
508 2869 648 2951 spatium
664 2891 763 2940 verae,
782 2874 812 2933 et
826 2873 1006 2952 fmctaosae
1023 2867 1245 2951 poenitentiae,

152 2982 205 3025 eor
219 2983 343 3043 semper
360 2964 533 3044 poenitens,
552 2969 582 3025 et
603 2962 851 3025 emendationem
873 2962 963 3033 oilae,
983 2962 1245 3043 perseverentiam

154 3054 187 3116 ia
205 3055 292 3116 boreis
310 3055 454 3134 operibus
474 3057 590 3116 tribuat
610 3057 695 3116 robis
713 3055 920 3136 ommpolens,
938 3059 966 3117 ct
988 3055 1161 3117 misericors
1179 3055 1241 3116 Do·

156 3147 268 3209 minus.
313 3147 349 3209 Ii.
372 3148 484 3210 Arnen.

196 3240 319 3305 Deinde
351 3248 545 3322 reassumpta
578 3243 674 3303 llitra
712 3240 790 3321 (nisi
822 3242 863 3304 sit
895 3241 1189 3321 Arclriepiscopns),
1210 3245 1243 3304 et

154 3334 277 3398 elevans
293 3335 397 3398 oculos
414 3340 446 3398 ct
463 3356 584 3409 munus,
602 3335 702 3398 dicct:

198 3430 249 3494 Et
290 3429 463 3493 benedictio
503 3430 564 3492 Ilei
603 3429 828 3511 orrraipotenlis
874 3430 1076 3510 (acceptoque
1114 3430 1243 3491 sinistra

154 3523 279 3602 baculo)
307 3522 466 3599 Pel-tris,
491 3528 520 3586 cl
544 3521 674 3599 mlii,
698 3529 728 3586 el
753 3524 1049 3605 Spirilusl-Sancli
1075 3523 1242 3586 descendat

153 3640 248 3699 saper
265 3637 328 3691 aros,
349 3623 379 3682 et
401 3623 525 3680 ezarreat
545 3640 676 3702 semper.
720 3617 757 3680 R.
780 3617 892 3680 Arrrrn.

196 3714 234 3777 ln
261 3714 488 3777 benedictionis
516 3718 588 3778 actu
616 3713 780 3777 sonabitur
808 3712 953 3775 omnibns
980 3712 1136 3775 Ecclesiae
1164 3733 1246 3776 cam-

154 3825 253 3887 panis.

196 3904 224 3961 4.
250 3899 380 3975 Deinde,
398 3900 554 3981 Episcopo
573 3899 709 3974 sedente,
728 3899 838 3962 ceteris
856 3897 1012 3961 stantibus
1031 3897 1244 3979 publicabitur

159 3994 282 4069 (eodem
297 3994 389 4058 modo
403 3999 439 4057 ut
455 3998 546 4058 antea
562 3994 660 4057 Breve
678 3993 802 4073 Apost.)
824 3992 923 4055 latino
938 3998 969 4056 et
986 3991 1150 4056 vernaculo
1167 3991 1244 4054 idio·

155 4091 238 4151 mate
255 4089 410 4152 concessio
427 4089 585 4170 plenariae
603 4087 826 4165 indulgentiae
844 4087 984 4168 sequenti
1006 4084 1160 4149 formula:

196 4183 338 4247 Attentis
363 4183 573 4265 facultatibus
598 4205 617 4247 a
645 4181 851 4248 Sanctissimae
876 4181 911 4246 ia
940 4181 1067 4249 Christo
1093 4181 1190 4250 Patra
1217 4186 1249 4249 at

154 4273 288 4337 Iloruino
318 4279 423 4336 nostro
452 4272 589 4335 Dorrriao
620 4271 659 4331 N.
694 4274 767 4348 (-)
801 4272 907 4333 dicias
934 4269 1132 4350 procidentia
1157 4272 1246 4351 Papa

155 4358 194 4419 N.
230 4359 320 4435 (-),
350 4359 383 4419 ire
416 4356 588 4417 cruraliotis
619 4355 808 4432 :lposlolicis
839 4354 968 4416 litteris
999 4354 1161 4434 erpressis,
1192 4355 1245 4414 de-

537 4511 549 4544 ²
568 4503 742 4563 Martinncci,
760 4505 809 4555 vl.
827 4506 868 4555 26.
