2804 4890
176 663 216 727 30
263 673 327 730 ‘DE
350 674 577 744 REQUISITIS
601 676 654 732 AD
681 676 832 734 insonti
857 677 1172 737 CELEBRANDAM.

608 927 722 997 ART.
747 928 833 999 VII.

340 1084 389 1134 aa
419 1084 595 1134 rasarone
623 1084 925 1135 earssaarroms
952 1086 1102 1139 ursana.

222 1215 268 1276 17.
292 1215 339 1277 Da
357 1217 433 1277 bora
451 1215 627 1276 celebrandi
645 1216 785 1277 Missa-m.
827 1216 923 1278 Missa
942 1216 1091 1280 celebrari
1110 1223 1214 1300 potest
1234 1220 1277 1282 ab

177 1329 288 1371 aurora
301 1307 448 1387 usquead
461 1308 635 1383 meridiem,
649 1311 694 1370 ita
707 1314 818 1371 utnon
833 1309 963 1372 finiatur
975 1315 1048 1372 ante
1061 1331 1208 1374 auroram
1223 1314 1276 1376 vel

180 1403 350 1482 incipiatur
363 1407 433 1483 post
445 1401 627 1477 meridiem3
640 1408 741 1482 potest
756 1423 826 1464 vero
840 1404 980 1483 paulum,
995 1405 1058 1466 imo
1071 1407 1165 1467 tertia
1180 1414 1277 1486 parte

177 1499 280 1559 borae¹
294 1503 366 1558 ante
378 1515 522 1559 auroram
536 1497 675 1577 incipiet
688 1503 758 1576 post
771 1496 933 1560 meridiem
946 1499 1121 1561 terminari.
1146 1499 1277 1562 Aurora

180 1592 291 1670 incipit
309 1595 381 1652 ante
399 1591 472 1652 solis
490 1596 594 1654 ortum
613 1591 733 1653 diverse
751 1611 806 1670 pro
823 1591 1005 1654 diversitate
1023 1594 1175 1674 temporis
1192 1595 1275 1656 anni

178 1689 208 1747 et
223 1686 446 1765 geographicae
463 1685 651 1747 latitudinis
698 1685 879 1747 Generatim
895 1686 928 1746 in
946 1687 1092 1749 Ameriea
1109 1686 1276 1750 foederata

180 1780 279 1841 variat
294 1781 485 1841 interimam
501 1784 531 1839 et
547 1778 624 1839 duas
640 1779 731 1839 boras
746 1784 818 1840 ante
834 1779 907 1841 solis
922 1783 1036 1842 ortum.

221 1876 248 1933 2.
272 1872 320 1933 Ex
333 1872 458 1952 speciali
473 1872 603 1934 Indulto
616 1872 724 1951 Apost.
739 1892 794 1952 per
807 1873 977 1953 Episcopos
990 1878 1113 1937 nostros
1126 1873 1275 1954 delegato

180 1968 276 2028 Missa
291 1967 438 2028 celebrari
453 1970 555 2046 potest
570 1985 632 2026 uua
647 1967 722 2028 bora
736 1970 808 2028 ante
823 1986 968 2028 auroram
983 1970 1014 2030 et
1029 1987 1093 2030 una
1106 1968 1184 2031 bora
1199 1974 1273 2051 post

179 2061 350 2123 meridiem.

225 2155 389 2234 ltegulures
408 2155 503 2216 etiam
522 2155 554 2214 in
574 2153 720 2214 Ecclesiis
739 2153 850 2216 alienis
867 2155 953 2233 justa
971 2155 1009 2216 de
1028 2174 1121 2217 eausa
1139 2155 1273 2218 Missam

180 2249 332 2310 celebrare
349 2252 479 2327 possunt
495 2247 614 2308 duabus
630 2247 714 2308 boris
731 2252 803 2310 ante
820 2267 964 2310 auroram
981 2248 1029 2309 vel
1046 2248 1167 2311 duabus
1184 2249 1274 2312 boris

180 2347 248 2423 post
267 2342 454 2404 meridicm.²
510 2341 548 2401 ln
570 2340 716 2401 Ecclesiis
737 2340 940 2418 llegularium
959 2362 1066 2403 onmes
1087 2342 1275 2404 Sacerdotes

186 2438 297 2516 (etiam
312 2435 498 2509 saeculares)
519 2434 638 2494 (triatrus
653 2435 737 2495 boris
752 2441 820 2514 post
835 2434 971 2495 mediam
985 2439 1108 2497 noctem
1122 2439 1154 2497 et
1168 2435 1274 2498 tribus

180 2533 264 2593 horis
280 2535 349 2610 post
365 2529 528 2590 meridiem
543 2527 696 2589 celebrare
712 2529 865 2605 possunt.³

222 2625 339 2687 Eodem
356 2629 503 2701 tempore,
519 2642 579 2701 quo
595 2621 691 2681 Missa
704 2620 862 2693 celebrari,
878 2620 1065 2682 Communio
1081 2623 1115 2683 in
1130 2621 1274 2686 Ecclesia

180 2718 327 2779 distribui
349 2719 667 2796 potest,nonauten1
689 2720 779 2776 noete
800 2715 985 2776 >latinitatis
1007 2714 1136 2777 Domini
1159 2717 1273 2778 necin

182 2814 278 2874 Missa
303 2811 433 2872 solemni
459 2831 514 2872 noe
539 2815 646 2889 postca
670 2809 731 2869 nisi
757 2808 888 2887 speciale
915 2808 1083 2870 Indultum
1108 2808 1272 2872 habeatur.

223 2912 250 2967 3.
275 2906 380 2967 Media
393 2910 482 2965 nocte
498 2904 683 2964 Natiuitatis
698 2901 827 2962 Domini
841 2903 933 2962 nnica
946 2906 1072 2963 tantum
1087 2902 1185 2965 Missa
1198 2924 1273 2965 ean-

180 3003 241 3065 tari
258 3003 368 3080 potest.
385 3000 460 3059 “nec
477 2998 547 3058 licet
565 2999 748 3075 cuicumque
766 2996 925 3059 Sacerdoti
943 3001 1016 3058 ante
1031 3016 1177 3059 auroram
1194 2997 1273 3060 cele-

180 3097 268 3157 brare
291 3094 420 3154 Missam
443 3091 596 3171 privatam
620 3091 733 3169 absque
757 3089 880 3150 indulto
904 3089 993 3150 Sedis
1016 3089 1272 3170 Apostolieae.''⁴

222 3188 393 3250 “Sacerdos
417 3186 469 3265 qni
495 3186 527 3246 in
554 3186 632 3246 festo
659 3183 843 3244 Natiuitatis
868 3182 997 3244 Domini
1021 3202 1118 3245 unam
1143 3188 1272 3247 tantum

181 3285 309 3345 Missam
326 3280 468 3353 celebrat,
485 3280 567 3356 legat
584 3279 723 3343 Missam,
740 3297 818 3355 (paroc
835 3276 1019 3355 respondeat
1035 3277 1161 3341 circiter
1176 3279 1272 3341 borae

180 3380 270 3456 juxta
284 3376 455 3457 peculiares
468 3395 483 3433 e
486 3373 608 3451 jusdem
622 3371 683 3431 dici
701 3370 850 3431 llubricas
861 3369 889 3435 ;”’
904 3372 947 3432 ita
960 3374 996 3430 at
1009 3370 1034 3429 si
1049 3370 1222 3433 celebretur
1236 3374 1269 3433 in

181 3475 279 3540 mute.
297 3471 420 3531 dicatur
437 3469 556 3548 prima;
573 3466 597 3526 si
618 3466 649 3524 in
667 3484 787 3536 aurora,
805 3463 939 3524 secnmla
949 3483 957 3538 ;
974 3462 1000 3523 si
1017 3463 1056 3525 de
1072 3463 1133 3538 die,
1150 3466 1271 3527 tertia.⁸

215 3639 223 3669 ¹
246 3630 346 3680 Beued.
366 3627 442 3677 XIV.
751 3636 823 3671 eram
855 3621 1073 3671 Connnunionem
1103 3621 1271 3674 christifide-

214 3715 225 3746 ²
245 3709 334 3757 Ileacr.
354 3704 398 3754 Pii
417 3702 465 3754 VI.
486 3703 527 3752 24.
546 3701 610 3751 Jan.
631 3701 697 3749 1783
752 3699 823 3749 libna
839 3699 994 3750 ministrare
1011 3699 1082 3750 lieet.
1098 3698 1270 3766 S.R.U.qu.

178 3782 453 3845 ct10.blaji1785.
753 3779 774 3826 1.
807 3776 878 3839 Aarg.
911 3777 986 3826 1907.
1035 3776 1112 3828 Haec
1143 3779 1271 3843 specialis

213 3862 286 3909 ³Ex
332 3858 502 3908 concessione
547 3854 603 3904 ΡΡ.
649 3854 697 3904 Re-
750 3853 871 3903 facultas
894 3868 946 3902 uon
971 3853 1044 3902 valet
1066 3868 1116 3918 pro
1141 3855 1271 3905 Ecclesiis

180 3936 367 4003 demptoristis
392 3932 549 3984 facta-In
574 3930 698 3982 omnibus
749 3930 946 3994 Religiosorum
988 3932 1017 3980 et
1059 3929 1204 3996 Oratoriia,
1247 3933 1271 3983 ai

178 4015 314 4077 religiosis
335 4012 479 4074 institutis,
499 4010 554 4075 piis
575 4007 698 4058 domibus
749 4005 851 4066 jannae
876 4007 931 4055 sirit
959 4009 1081 4068 apertae,
1107 4011 1171 4058 tune
1197 4010 1269 4059 euim

176 4096 205 4144 et
234 4090 397 4141 Clerioornm
429 4084 583 4136 seminariis
613 4083 698 4148 publi·
750 4099 804 4134 una
834 4088 942 4134 tantum
974 4083 1061 4134 Missa
1092 4083 1146 4134 diei
1178 4090 1270 4150 potest

178 4184 237 4220 cum
280 4169 328 4216 aut
366 4164 504 4230 privatum
543 4158 699 4223 oratorium,
749 4161 807 4213 sine
837 4160 1030 4211 ‹lintributieue
1061 4159 1087 4211 S.
1118 4160 1270 4212 Communi-

177 4245 342 4297 habcntibns
362 4258 421 4292 enm
445 4241 579 4291 facultate
601 4240 697 4288 Sauras
748 4237 816 4288 onis.
853 4237 879 4288 S.
898 4238 972 4288 Offie.
990 4238 1032 4287 26.
1051 4236 1120 4287 Nor.
1140 4236 1216 4289 1908.

179 4322 287 4389 Species
316 4319 497 4372 habitualitcr
527 4317 625 4367 ibidem
656 4330 696 4365 as·
783 4316 940 4366 ⁴b.2520.
959 4315 982 4365 1.

177 4401 302 4452 servandi
319 4414 397 4449 sacra
413 4401 491 4447 noete
507 4396 601 4445 Natis.
617 4394 696 4442 Dom·
784 4398 795 4431 ⁵
814 4392 847 4442 D.
868 4391 944 4442 3354.

180 4479 217 4529 iui
241 4483 297 4527 tres
318 4477 418 4527 Missas
439 4474 575 4524 celebrare
598 4475 626 4521 et
648 4471 696 4520 Sa·
