2804 4890
174 695 238 760 268
320 708 375 764 Da
398 708 797 765 Pnaasrasrrornsus
820 710 1129 768 srrsomonrsus
1222 669 1225 674 ³

549 1172 738 1249 CAPUT
772 1173 892 1251 XVI.

192 1373 249 1428 DE
281 1373 708 1432 PRAESTANTIORIBUS
741 1375 1060 1432 FUNCTIONIBUS
1092 1376 1247 1432 MISSAE

619 1467 816 1522 ADNEXIS.

633 1657 748 1728 ΛΒΤ.
771 1657 801 1728 Ι.

207 1840 573 1894 ANIMADVERSIONES
605 1842 828 1894 GENERALES
859 1842 908 1895 DI}
940 1843 1227 1897 BENEDIC'IIONE

327 1934 595 2000 CANDELARUM,
614 1935 795 2000 CINERUM,
814 1937 861 1985 ET
882 1937 1104 1987 PALMARUM.

215 2106 284 2171 158.
309 2107 499 2171 Funetiones
517 2108 551 2170 in
569 2110 651 2172 festo
670 2107 905 2171 Purificationis
923 2109 959 2172 B.
979 2108 1023 2171 M.
1042 2108 1094 2186 V„
1112 2109 1182 2173 Fer.
1203 2108 1261 2170 IV.

173 2201 335 2279 Cinerum,
361 2207 394 2267 et
423 2201 590 2264 Dominiea
618 2202 800 2263 Palmarmn
830 2203 1023 2282 peragendae
1060 2203 1198 2283 (necnon
1227 2203 1261 2264 in

172 2297 300 2377 reliquis
341 2297 471 2378 majoris
514 2295 736 2359 Hebdomadae
777 2296 918 2373 diebus),
960 2316 1017 2376 pro
1058 2295 1156 2360 officio
1197 2316 1261 2359 non

171 2391 302 2453 solemni
323 2392 489 2472 praecipue
511 2390 693 2470 desumptae
713 2394 789 2451 sunt
809 2409 847 2451 ex
867 2390 1047 2453 Memoriali
1066 2391 1201 2453 situum
1223 2390 1260 2451 ab

171 2485 239 2565 ipsa
260 2485 291 2548 S.
313 2485 349 2548 R.
371 2484 620 2564 Congregatione
640 2485 730 2563 jussu
751 2483 914 2545 Benedicti
936 2483 1034 2544 XIII.
1056 2483 1181 2557 edito;¹
1204 2504 1260 2563 pro

170 2579 268 2643 officio
285 2583 391 2642 autern
409 2578 551 2654 solemni,
569 2577 752 2658 praesertim
770 2597 827 2658 pro
845 2576 984 2640 Diacono
1002 2588 1033 2639 et
1053 2578 1259 2650 Subdiaeono,

169 2693 207 2735 ex
232 2673 355 2735 Missali
381 2673 530 2734 Romano.
575 2671 765 2750 (Citationes
791 2673 858 2733 sine
884 2672 991 2734 addito
1019 2671 1051 2731 in
1076 2672 1133 2732 hoc
1158 2673 1259 2750 capite

170 2767 351 2847 desumptae
369 2770 444 2828 sunt
461 2786 499 2828 ex
517 2766 694 2827 Memoriali
714 2766 873 2844 Ilituum.)

212 2860 243 2922 S.
269 2861 305 2922 R.
332 2860 366 2922 C.
390 2860 440 2922 die
465 2861 502 2919 21
529 2860 607 2920 Nor.
634 2863 724 2934 1893,
749 2859 877 2921 statuit:
904 2859 1163 2921 “Benedictiones
1187 2879 1257 2920 can-

169 2953 320 3029 delarum,
360 2953 501 3016 cinerum
541 2957 633 3032 atque
674 2953 848 3032 palmarum
889 2974 953 3015 esso
992 2973 1029 3014 cx
1068 2953 1258 3032 obligatione

168 3048 328 3110 iaciendas
348 3047 384 3109 in
404 3047 549 3108 omnibus
572 3045 719 3107 Ecclesiis
742 3045 981 3125 Collegialibus3
1003 3048 1037 3107 in
1060 3046 1131 3107 aliis
1152 3052 1257 3108 autem

167 3161 255 3221 posse
269 3139 369 3203 fieri.''

216 3238 244 3297 2.
257 3234 418 3297 “Parocho
429 3253 521 3297 curae
533 3233 594 3297 erit
606 3232 784 3312 designatos
796 3232 922 3294 elericos
933 3232 1019 3311 quasi
1033 3232 1256 3303 manuducens,

166 3329 387 3411 praecedenter
403 3329 437 3389 in
452 3327 628 3390 actionibus
646 3326 830 3406 peragendis
847 3327 1012 3388 instrucre.
1057 3325 1191 3387 Eosdem
1209 3325 1256 3385 in·

166 3443 311 3504 superea
328 3442 406 3504 quae
424 3422 457 3482 in
475 3421 722 3501 processionibus
740 3420 900 3481 recitanda
918 3419 1167 3499 praecipiuntur,
1185 3417 1255 3481 edo·

165 3517 287 3580 ceat.'’²
342 3516 404 3577 Ubi
435 3516 587 3577 deliciunt
618 3513 722 3574 cleriei
752 3512 901 3586 ordinati,
932 3513 1092 3591 subrogari
1125 3518 1256 3592 possunt

165 3613 344 3674 saeculares.

207 3710 234 3767 3.
260 3706 331 3766 Non
349 3705 421 3768 licet
436 3725 472 3767 ea
487 3724 565 3784 qrrrrc
582 3703 739 3764 recitanda
757 3707 986 3781 proponuntur.
1003 3701 1190 3767 ablncriare.
1208 3702 1251 3762 rel

164 3803 197 3862 iu
215 3801 379 3864 vernaculo
396 3799 546 3860 idiomate
563 3798 746 3864 ‹lecantare;
763 3797 820 3856 boe
837 3796 919 3857 eninr
939 3797 1111 3873 generatim
1132 3795 1163 3854 in
1183 3794 1253 3853 titii-

164 3895 221 3956 eiis
236 3895 393 3973 liturgicis
408 3894 537 3956 omnino
552 3897 599 3954 est
614 3890 817 3970 prohibitum.
868 3889 936 3967 (cf.
953 3909 984 3949 n.
1001 3892 1051 3961 99,
1069 3891 1114 3959 6,)

200 3988 234 4051 Si
248 3988 352 4050 clerici
367 3987 583 4048 ministrantes
596 3983 723 4045 nonnisi
737 3984 841 4062 inepte
855 3982 1072 4061 respondeant,
1087 3982 1254 4043 (terebrans

163 4084 247 4145 solus
268 4082 379 4144 recitat
399 4101 505 4142 omnes
526 4079 724 4159 antiphonas,
744 4081 802 4138 ete.

205 4181 233 4237 4.
259 4177 365 4242 Plura,
392 4195 469 4254 (pirae
497 4196 512 4235 a
542 4174 648 4253 quovis
678 4170 843 4233 Sacerdote
871 4170 962 4232 facile
990 4169 1178 4250 supplentur
1206 4169 1252 4231 rel

196 4325 208 4360 ¹
228 4318 416 4371 “Memoriale
435 4319 547 4368 Rituum
566 4333 616 4383 pro
635 4317 682 4368 ali·
735 4313 812 4375 jussu
828 4313 969 4365 Benedicti
986 4312 1070 4362 XIII.
1085 4313 1165 4362 Pont.
1181 4313 1253 4362 blax.

160 4395 259 4460 quibus
304 4396 553 4460 praestantioribus
599 4394 683 4445 saeris
735 4391 877 4442 e‹iit11m.’'

160 4474 350 4526 functionibus
375 4474 559 4540 persolvendis
584 4473 609 4520 in
635 4473 682 4521 mi·
771 4475 782 4506 ²
803 4469 936 4517 bionitum
959 4467 1073 4516 editioni
1098 4466 1162 4516 anni
1187 4467 1252 4518 172⁵

160 4552 273 4603 neribus
312 4551 441 4604 Ecclesiis
480 4549 683 4616 parochialibus
735 4546 920 4611 praemissum.
