2804 4890
162 701 225 769 206
455 710 510 769 ΒΕ
534 713 784 772 nnvncmssus
807 713 966 772 MISSAE.

167 883 284 965 apponi
311 887 460 964 possnnt;
489 886 516 946 si
544 885 705 966 praedicta
733 905 796 949 non
824 887 890 948 siut
916 884 956 948 ad
984 904 1125 962 manum,
1153 885 1257 967 potest

166 977 320 1058 liquefieri
337 977 438 1041 calore
455 998 608 1041 manuum
624 984 682 1041 aut
696 979 838 1043 halitus.²
876 978 1060 1059 congelatio
1077 979 1143 1042 vini
1159 979 1257 1042 etiam

167 1073 200 1133 in
214 1071 342 1151 frigidis
356 1072 534 1152 regionibus
548 1072 731 1153 plerumque
743 1073 919 1153 praecaveri
932 1077 1045 1154 potest,
1058 1073 1085 1136 si
1098 1071 1257 1154 ampullae

168 1166 233 1228 vini
249 1171 280 1227 et
294 1185 391 1246 aquae
408 1167 558 1246 usquead
575 1165 781 1229 Offertorium
797 1167 994 1230 retineantur
1009 1167 1043 1228 in
1059 1185 1140 1248 aqua
1155 1165 1258 1229 calida

168 1260 253 1322 intra
266 1280 319 1322 vas
333 1266 399 1322 tam
413 1266 594 1340 angustum,
608 1265 644 1322 ut
658 1260 815 1340 ampullae
830 1259 972 1324 decidere
985 1264 1151 1341 nequeant.

210 1447 279 1510 114.
324 1447 380 1510 “Si
402 1447 521 1529 aliquid
542 1447 580 1510 de
603 1448 763 1529 Sanguine
784 1448 904 1511 Christi
924 1446 1081 1525 ceciderit,
1101 1445 1257 1529 siquidem

167 1549 402 1622 superterram,
418 1562 473 1603 seu
488 1562 582 1622 super
597 1541 758 1604 tabulam''
773 1563 837 1606 non
854 1547 1063 1606 consecratam
1079 1561 1135 1604 nec
1151 1546 1257 1624 tapeto

167 1641 294 1711 tectam,
310 1635 434 1716 quando
450 1640 497 1699 est
513 1635 609 1711 stilla,
625 1655 703 1717 quae
719 1636 837 1698 sorberi
853 1638 965 1716 potest,
981 1656 1038 1698 nec
1053 1636 1091 1699 ob
1107 1655 1257 1698 nauseam

168 1729 359 1809 impossibile
377 1730 429 1806 sit,
447 1750 542 1810 quam
559 1731 698 1810 primum
716 1730 846 1810 “lingua
865 1729 1021 1793 lambatur
1038 1736 1069 1793 et
1087 1731 1173 1793 locus
1190 1730 1257 1811 ipse

168 1823 299 1885 radatur
313 1828 466 1903 quantum
483 1825 559 1885 satis
575 1827 631 1899 est,
648 1830 680 1886 et
696 1824 816 1886 abrasio
832 1825 1050 1887 comburatur:
1068 1824 1148 1886 cinis
1163 1822 1256 1886 ver0’'

167 1922 200 1979 et
221 1916 342 1980 ablutio
363 1918 569 1979 instrumenti
592 1938 652 1998 quo
675 1918 797 1982 abrasio
820 1919 904 1980 facta
926 1922 983 1995 est,
1006 1919 1061 1980 “in
1084 1918 1256 1981 sacrarium

167 2012 365 2078 recondatur.
412 2011 446 2072 Si
466 2032 536 2073 vero
555 2031 648 2092 super
666 2011 804 2091 lapidem
822 2012 941 2074 Altaria
959 2012 1116 2086 ceciderit,
1134 2011 1257 2074 sorbeat

169 2104 319 2168 Sacerdos
338 2105 466 2181 stillam,
486 2111 518 2168 et
537 2105 622 2167 locus
642 2105 717 2167 bene
737 2106 894 2180 abluatur,
914 2111 945 2167 et
964 2105 1084 2168 ablutio
1103 2107 1137 2167 in
1157 2125 1257 2168 sacra·

168 2201 250 2260 rinm
277 2197 495 2278 projiciatur.''
541 2198 706 2275 Similiter,
732 2200 757 2260 si
782 2219 877 2279 super
902 2206 1048 2279 patenam
1073 2199 1120 2263 vei
1144 2199 1256 2280 pedem

168 2293 273 2354 calicis
297 2292 455 2368 ceciderit,
480 2292 641 2355 sorbeatur
665 2299 698 2356 et
721 2294 876 2355 abluatur.
921 2293 978 2355 “Si
1003 2313 1097 2374 super
1121 2293 1258 2355 linteum

169 2386 299 2462 Altaria,
324 2385 418 2448 etad
443 2386 530 2448 aliud
556 2386 690 2449 linteum
714 2385 801 2448 stilla
825 2386 1018 2467 pervenerit:
1044 2387 1070 2449 si
1095 2406 1193 2467 usque
1217 2386 1257 2449 ad

168 2480 315 2542 tertium:
338 2479 523 2542 linteamina
544 2485 592 2542 ter
613 2479 782 2543 abluantur
802 2480 855 2542 ubi
877 2480 964 2543 stilla
983 2481 1141 2557 ceciderit,
1161 2480 1257 2544 calice

167 2573 349 2654 supposito”
369 2594 422 2635 seu
445 2573 645 2636 immittendo
667 2578 788 2654 partem
809 2574 901 2635 istam
923 2594 1054 2654 mappae
1076 2575 1109 2636 in
1130 2573 1258 2636 calicem

168 2673 199 2730 et
219 2667 352 2747 desuper
372 2666 571 2728 infundendo
592 2687 715 2747 aquam,
737 2669 788 2729 “ct
809 2688 888 2746 aqua
909 2667 1080 2730 ablutionis
1102 2668 1136 2730 in
1157 2687 1257 2730 sacra·

169 2761 252 2822 rium
268 2761 465 2841 projiciatur.
525 2760 614 2834 Quod
631 2761 656 2821 si
676 2763 707 2822 in
726 2761 793 2841 ipso
810 2761 911 2823 solnm
927 2761 1092 2840 corporali,
1107 2765 1163 2824 aut
1178 2762 1205 2822 si
1223 2761 1258 2822 in

169 2854 305 2916 vestibus
329 2855 405 2934 ipsis
430 2853 682 2916 sacerdotalibus
705 2854 862 2930 ceciderit,
886 2855 978 2917 debet
1001 2855 1148 2917 similiter
1171 2853 1257 2918 ablui

168 2952 200 3009 et
211 2947 330 3009 ablutio
343 2949 376 3009 in
388 2950 557 3009 sacrarium
569 2948 692 3028 projici.
743 2947 777 3009 Si
794 2950 827 3010 in
842 2949 999 3011 substrato
1011 2946 1141 3028 pedibus
1153 2967 1258 3028 panno

170 3041 216 3102 vel
241 3046 356 3119 tapeto,
381 3042 456 3102 bene
479 3041 636 3117 abluatur,
660 3046 696 3104 ut
721 3040 846 3122 supra.''
890 3041 1021 3105 Ablutio
1045 3041 1101 3104 fiat
1124 3041 1257 3122 publice,

170 3135 196 3194 si
211 3134 322 3195 effusio
338 3135 435 3197 fuerit
450 3134 583 3214 publica.

212 3231 240 3288 2.
285 3228 349 3289 “At
376 3229 401 3288 si
430 3230 593 3308 contingat
622 3233 722 3290 totum
754 3228 948 3309 Sanguinem
976 3235 1046 3310 post
1073 3229 1258 3292 consecrati-

170 3342 259 3384 onem
281 3321 413 3394 effundi,
434 3323 458 3383 si
481 3322 608 3402 quidem
629 3322 748 3403 aliquid
771 3323 816 3384 vel
839 3343 952 3403 parum
972 3321 1154 3398 remansit,''
1175 3322 1257 3384 suffi-

170 3419 254 3478 ciens
273 3421 309 3478 ut
329 3436 384 3496 per
403 3415 529 3477 modum
552 3416 714 3478 bibitionis
735 3415 816 3477 suini
838 3422 869 3478 ct
889 3437 958 3479 vere
978 3416 1129 3496 deglutiri
1149 3420 1258 3496 possit,

169 3511 271 3572 “iliud
289 3516 434 3571 sunrntur
452 3515 483 3572 et
501 3510 539 3571 de
558 3510 656 3570 ctlnso
676 3510 795 3589 reliquo
816 3509 976 3588 Sanguine
997 3510 1062 3585 fiat,
1081 3516 1118 3572 ut
1136 3509 1257 3571 dictum

168 3609 224 3667 est.
269 3603 304 3666 Si
324 3625 394 3666 vero
413 3603 492 3666 nibil
512 3604 641 3667 omnino
660 3602 841 3678 remansit,''
859 3604 941 3683 quod
959 3624 1015 3685 per
1033 3603 1161 3666 modum
1179 3603 1257 3664 bibi-

171 3699 265 3760 tionis
284 3699 329 3761 vel
348 3699 415 3760 sinc
434 3718 547 3761 nausea
565 3717 686 3759 sumere
703 3699 812 3777 possit,
830 3699 947 3778 “portat
967 3700 1081 3760 iterum
1099 3699 1208 3759 vinnm
1227 3706 1272 3759 et.

167 3814 290 3874 aquarn,
306 3798 339 3858 et
352 3798 510 3859 consecret
526 3794 564 3856 ab
580 3813 616 3856 eo
632 3791 716 3856 loco:
734 3791 843 3855 Simili
860 3791 962 3866 modo,
979 3795 1037 3857 etc.
1055 3794 1140 3857 facta
1155 3797 1260 3857 tamen

169 3887 257 3967 prius
271 3886 376 3948 calicis
389 3883 577 3948 oblatione.''

211 3984 239 4042 3.
284 3980 340 4042 “Si
362 3979 511 4043 Sacerdos
530 3984 651 4042 evomat
672 3978 915 4054 Eucharistiam,
935 3979 962 4041 si
982 3980 1097 4059 species
1118 3979 1258 4059 integrae

169 4079 350 4155 appareant,
375 4079 551 4137 reverenter
574 4076 728 4148 sumatur,
752 4073 813 4134 nisi
838 4093 953 4135 nausea
976 4072 1048 4135 fiat:
1073 4076 1148 4135 tunc
1172 4073 1257 4134 enim

170 4169 285 4248 species
306 4172 500 4231 consecratae
522 4172 612 4230 caute
633 4171 827 4247 separentur,
849 4171 881 4229 et
902 4167 936 4228 in
957 4167 1062 4246 aliquo
1083 4166 1150 4230 loco
1171 4185 1258 4232 sacro

167 4269 368 4344 reponantur,
382 4264 479 4326 donec
492 4261 766 4342 corrnnrpantur,''
781 4261 989 4331 infundendo,
1004 4263 1029 4323 si
1045 4263 1131 4337 velit,
1145 4282 1259 4342 aquam

170 4355 217 4419 vel
243 4355 350 4416 vinum
375 4356 414 4416 ad
439 4353 672 4417 accelerandam
697 4352 936 4415 dissolutionem
960 4353 1083 4434 speciei.

644 4513 655 4545 ²
674 4506 792 4559 (lavant.
