2804 4890
407 764 461 823 DE
483 767 604 824 rssssn
629 768 806 826 SOLEMNI
830 769 1001 828 FERIALI.
1193 763 1251 828 173

599 1043 714 1115 ΛΒΤ.
740 1044 807 1116 ΙΧ.

430 1223 481 1275 DE
495 1224 610 1277 mssa
623 1226 793 1279 SOLEMNI
808 1229 973 1282 FERIALI.

199 1389 249 1454 97.
272 1390 334 1453 “In
348 1391 457 1455 diebus
471 1393 668 1473 jejuniorum
687 1396 921 1476 (praeterquam
936 1397 969 1458 in
984 1396 1102 1476 vigiliis
1118 1396 1247 1461 Sancto·

158 1486 269 1563 rum‚¹)
293 1489 325 1548 et
344 1486 378 1546 in
397 1484 572 1550 Dominicis
591 1494 623 1550 et
643 1489 732 1550 feriis
751 1489 915 1551 Adventus
934 1495 965 1553 et
985 1489 1247 1570 Quadragesimae

156 1597 191 1639 ac
217 1579 251 1639 in
278 1579 387 1659 vigilia
414 1580 612 1643 Pentecostes
638 1586 710 1643 ante
738 1582 868 1644 Missam
901 1584 1054 1664 (exceptis
1081 1584 1246 1645 Dominica

159 1672 298 1736 Gaudete
328 1676 361 1735 et
390 1674 531 1745 Laetare,
564 1675 684 1754 Vigilia
717 1676 905 1738 Natiuitatis
936 1676 1078 1752 Domini,
1111 1677 1246 1741 Sabbato

159 1765 275 1829 Sancto
299 1766 334 1828 in
358 1766 573 1831 benedictione
598 1769 677 1831 cerei
702 1775 734 1832 et
759 1771 793 1830 in
819 1769 926 1845 Missa,
951 1790 986 1832 ac
1010 1776 1145 1851 quatuor
1168 1773 1246 1833 tem·

155 1859 283 1940 poribus
312 1860 542 1940 Pentecostcs),
572 1863 648 1924 item
678 1864 711 1922 in
740 1863 955 1927 benedictione
983 1863 1185 1926 candelarum
1214 1868 1246 1927 et

155 1954 349 2034 processione
365 1955 398 2016 in
415 1955 465 2017 die
483 1955 717 2018 Purificationis
735 1957 770 2017 B.
789 1957 918 2032 Mariae,
934 1963 966 2020 et
981 1959 1014 2019 in
1031 1958 1246 2022 benedictione

155 2047 307 2110 Cinerum
345 2069 380 2111 ac
419 2049 634 2113 benedictione
674 2050 857 2112 Palinurum
897 2056 928 2113 et
968 2052 1172 2131 processione,
1211 2051 1246 2112 in

155 2141 395 2205 Cathedralibus
409 2147 441 2207 et
456 2144 632 2223 praecipuis
649 2144 796 2206 Eeclesiis
813 2149 948 2205 utuntur
962 2146 1104 2207 Plooetis
1120 2144 1246 2226 plicatio

154 2240 228 2299 ante
245 2235 409 2316 pectus,''²
429 2237 449 2297 i.
468 2259 494 2300 e.
514 2238 685 2299 introrsum
706 2238 859 2316 usquead
882 2245 988 2317 pectus
1008 2237 1142 2318 plicatis.

196 2333 224 2391 2.
248 2329 439 2410 Praecipuae
456 2330 611 2394 Ecclesiae
628 2335 701 2392 sunt
719 2331 919 2410 Collegiatae,
936 2331 1128 2393 Paroeciales
1145 2335 1176 2394 et
1192 2350 1245 2394 eae

154 2423 322 2504 inquibus
344 2424 479 2486 officium
502 2425 623 2504 peragit
646 2444 811 2485 numerosa
834 2424 1052 2486 Communitas
1076 2424 1245 2504 religiosa!

195 2520 225 2580 3.
247 2518 308 2580 “In
325 2519 499 2579 minoribus
515 2524 619 2580 aulem
637 2518 785 2580 Ecclesiis
801 2518 870 2579 alba
887 2522 1013 2580 tantum
1030 2517 1135 2578 induti
1152 2516 1245 2577 mini-

153 2615 273 2675 strant:
290 2611 506 2674 Subdiaconus
520 2632 590 2673 cum
607 2611 779 2691 manipulo,
795 2611 952 2672 Diaconus
967 2611 1063 2673 etiam
1077 2630 1149 2672 cum
1164 2608 1245 2672 stola

153 2705 191 2767 ab
204 2706 334 2769 humero
348 2706 477 2768 sinistro
491 2706 646 2786 pendente
661 2706 717 2766 sub
732 2704 933 2767 dextrum.''⁴

194 2803 223 2861 4.
246 2799 288 2861 In
305 2798 402 2861 Missa
421 2799 636 2863 Subdiaconus
654 2798 693 2860 ad
711 2798 859 2860 ultimam
878 2798 1059 2859 Orationem
1077 2802 1150 2860 ante
1168 2795 1244 2876 Epi-

154 2895 267 2956 stolam
287 2893 446 2975 planetam
468 2913 563 2973 prope
584 2892 777 2955 credentiam
799 2892 845 2953 rel
868 2911 1028 2952 scamnum
1051 2890 1191 2971 deponit,
1212 2894 1244 2952 et

155 2992 225 3068 post
255 2987 430 3068 Epistulam
462 2986 603 3049 assumit.
659 2986 826 3059 Diaconus,
858 2985 934 3046 dum
968 2984 1134 3046 Celebrans
1166 2984 1242 3063 legit

152 3081 370 3161 Evangelium,
390 3080 520 3161 deponit
540 3080 710 3161 planctum,
733 3078 839 3141 induit
859 3077 970 3140 stolam
992 3077 1133 3139 latiorem
1144 3097 1153 3152 3
1173 3080 1243 3157 post

153 3175 425 3249 communionem,
451 3174 554 3237 delato
581 3173 702 3236 ltlissali
728 3173 769 3234 ad
793 3192 890 3233 cornu
916 3171 1086 3251 Epistolae‚
1111 3171 1243 3233 assumit

152 3269 322 3349 planetam,
340 3269 481 3350 deposita
499 3267 578 3331 stola
596 3268 711 3330 latiori.

194 3367 221 3425 δ.
245 3363 285 3426 V.
307 3363 487 3426 Flectomus
502 3384 603 3445 peona
620 3366 692 3423 aute
709 3361 890 3422 Orationem
907 3364 1086 3421 cantatura
1103 3359 1242 3422 Diacono

151 3477 319 3539 omnesque
358 3456 575 3537 genuflectunt
614 3460 741 3534 excepto
783 3454 984 3529 Celebrantc3
1026 3453 1242 3516 Subdiaconus

151 3557 257 3615 cantat
270 3553 385 3616 Levote
399 3571 566 3630 omnesque
581 3555 724 3629 surgunt.

194 3650 221 3707 6.
244 3646 294 3708 Ad
320 3645 501 3709 Orationem
525 3666 620 3725 super
642 3645 804 3725 populum,
828 3643 881 3703 ubi
905 3643 1052 3703 cecinerit
1076 3641 1242 3704 Celebrans

154 3741 296 3814 Oramus,
310 3740 468 3803 Diaconus
481 3760 537 3820 per
549 3740 711 3800 sinistram
725 3738 828 3800 suarn⁶
841 3757 873 3798 se
887 3736 978 3797 vertit
992 3737 1031 3798 ad
1045 3735 1197 3816 populum
1210 3740 1242 3797 et

150 3837 258 3899 cantat
272 3833 452 3897 Humiliote
469 3833 569 3913 capitu
587 3838 689 3894 restra
704 3832 779 3893 Deo.

185 4018 249 4070 1111
272 4019 372 4085 quibus
394 4017 421 4069 S.
446 4017 567 4067 Ministri
592 4021 670 4066 utun·
758 4015 962 4078 ³Martinucci,
977 4014 1018 4065 II.
1033 4016 1058 4078 6,
1073 4015 1097 4065 7.

149 4100 196 4148 tur
217 4096 366 4149 dalmatica
386 4099 414 4146 et
435 4093 566 4145 tunicella
588 4093 670 4145 viola·
757 4099 768 4131 ⁴
789 4093 872 4142 Rulrr.
895 4092 970 4142 Miss.

151 4187 206 4228 eoa.
758 4169 806 4220 ῡί.
839 4185 862 4220 a.
895 4172 1002 4234 tergum
1035 4183 1129 4220 versus
1160 4183 1243 4220 cornu

187 4255 200 4290 ²
217 4250 301 4303 Bubr.
317 4249 395 4302 Min.
411 4247 492 4301 XIX.
508 4250 534 4302 6.
722 4246 871 4313 Epistulae.
