2804 4890
175 643 233 709 122
274 654 328 711 DE
352 652 447 709 RITU
470 647 739 707 MINISTRANDI
765 647 804 702 IN
829 645 949 702 Missi
971 645 1153 703 PRIVATA.

412 851 444 914 c.
465 849 511 911 Ile
525 848 631 911 Rebus
645 847 733 909 iutra
745 846 875 907 Missam
890 844 1030 922 agendis.

487 1013 596 1052 enruus
833 1010 985 1049 sccunous
1104 1008 1269 1048 percusos·

440 1087 635 1128 cnenmrnus.
809 1085 1005 1124 circumiens.
1098 1073 1269 1124 veternos!

172 1167 217 1220 ts.
236 1165 273 1219 Ia
290 1184 337 1220 no-
429 1164 599 1220 Gonuflectit
622 1182 639 1218 a
662 1162 726 1217 dex·
787 1161 956 1216 Genuflectit
981 1180 998 1216 a
1022 1160 1086 1215 sini·
1114 1161 1154 1215 Ut
1171 1180 1268 1215 secun·

202 1244 275 1295 mine
283 1240 337 1294 Po-
394 1241 445 1296 tris
457 1240 595 1308 Episcopi,
612 1238 726 1305 paulum
753 1238 825 1302 stris,
857 1236 971 1304 paulum
1000 1247 1083 1301 retro,
1111 1236 1270 1303 dusCapel·

203 1319 316 1371 irisetc.
393 1323 475 1381 retro,
488 1322 517 1369 ct
529 1313 685 1381 respondet.
755 1324 850 1368 tenens
901 1311 1083 1379 manipulum,
1112 1311 1199 1365 lanus.

752 1396 781 1440 ct
794 1386 952 1455 respondet.

428 1467 544 1521 Erectus
574 1463 709 1532 genuflec·
787 1462 904 1516 Erectus
916 1461 1083 1527 genuflectit.
1148 1462 1188 1515 Ut
1228 1480 1270 1516 se-

274 1545 279 1554 '
327 1583 332 1595 .
392 1541 438 1596 tit.
787 1537 888 1602 Surgit,
912 1537 1084 1604 manipulum
1113 1536 1269 1591 cundus

751 1612 780 1665 in
793 1611 927 1666 alterutra
941 1612 1030 1665 Cruce
1042 1629 1085 1663 os·
1111 1610 1258 1678 Capellnn·

751 1687 861 1742 culatur
874 1687 1005 1752 illumque
1020 1686 1085 1752 Epi-
1111 1703 1151 1739 us.

751 1778 835 1829 scopo
851 1778 914 1816 cum
931 1763 1085 1815 reverentia

750 1836 932 1890 osculandum
971 1837 1085 1903 porrigit-

750 1913 866 1979 ejusque
893 1910 1007 1964 brachio
1035 1913 1085 1965 im-

752 1988 839 2054 ponit,
864 1987 1001 2052 simulque
1025 1988 1086 2052 ejus

751 2078 866 2117 manum
881 2062 1023 2116 osculatur
1038 2061 1085 2115 ‹le-

751 2137 815 2190 inde
833 2154 927 2191 rursus
951 2136 1086 2201 genuflec-

751 2213 795 2265 tit.

427 2292 472 2346 Ad
511 2290 607 2345 Altare
633 2306 727 2344 aseen-
786 2285 919 2341 Ascendit
928 2293 959 2339 ut
970 2287 1084 2354 primus,

393 2366 435 2420 dit
444 2365 590 2421 dimidium
599 2366 656 2420 iere
665 2382 725 2431 pas-
750 2379 769 2415 a
780 2361 897 2416 sinistris
909 2361 1048 2429 Episcopi.

392 2458 455 2496 sum
474 2447 537 2510 post
557 2440 726 2508 Episcopum

392 2516 570 2584 subsequens,
611 2519 640 2568 et
678 2513 727 2567 ali·

393 2590 560 2658 quantulum
577 2589 727 2643 anteriores

393 2666 513 2721 vestium
537 2663 661 2719 fimbrias
685 2669 728 2717 at·

393 2740 501 2795 tollens.

176 2819 202 2869 4.
222 2816 367 2869 Introitus.
429 2815 492 2869 Stat
509 2833 526 2868 a
542 2813 645 2869 dextris
661 2813 727 2880 Epi·
769 2811 834 2865 Stat
851 2829 869 2866 a
885 2811 1003 2865 sinist-ris
1020 2811 1087 2878 Epi·
1147 2813 1190 2866 Ad
1219 2813 1269 2866 lib·

393 2892 468 2958 scopi
481 2898 509 2943 et
523 2888 626 2944 indicat
639 2887 727 2952 digito
752 2886 854 2954 scopi
882 2887 1086 2953 aliqururtulurn
1112 2906 1173 2942 rum
1190 2889 1270 2942 assis-

395 2966 553 3027 lntroitum,
581 2963 727 3018 (unitiones
753 2967 837 3025 retro:
860 2969 887 3015 et
902 2962 968 3016 lolio
980 2970 1087 3015 vertere
1112 2964 1156 3025 rit,
1171 2971 1200 3017 ut
1217 2964 1269 3030 pri·

393 3047 421 3094 et
441 3038 675 3105 reliqua,bugiam
688 3045 728 3090 te·
753 3040 866 3104 potest⁸
1113 3056 1175 3092 rrius
1186 3038 1219 3091 C.

394 3117 483 3179 nenia·
502 3122 528 3168 et
548 3113 616 3166 tolia
633 3112 726 3166 vortit.

429 3190 493 3243 Stat
510 3206 527 3241 a
542 3187 645 3242 dextris
662 3187 727 3254 Epi·
788 3187 851 3239 Stnt
864 3205 880 3240 a
892 3187 1018 3252 sinistris,
1031 3204 1086 3239 non

394 3263 477 3330 scopi,
492 3280 547 3317 non
560 3262 668 3316 recitat.
753 3262 860 3315 recitat.

430 3339 470 3392 Ut
500 3339 535 3392 eal
568 3338 726 3401 introitum,
789 3337 828 3391 Ut
859 3336 894 3390 nd
926 3337 1085 3391 introitum.

393 3414 513 3481 Quando
544 3413 655 3477 bugiam
688 3419 728 3465 te-
752 3411 903 3477 Quando
935 3410 1089 3479 Episcopus

317 3529 323 3542 .
393 3498 450 3553 net,
482 3505 537 3541 non
569 3486 728 3551 genuflectit
753 3486 921 3551 genuflectit,
942 3486 999 3552 ipse
1017 3487 1089 3553 pari·

394 3579 458 3619 cum
471 3562 618 3631 Episcopo.
754 3569 796 3614 ter
808 3561 977 3624 genuflectit.

201 1052 323 1092 TEXTUS.

431 3639 529 3692 Defert
545 3638 666 3703 bugjam,
684 3653 729 3702 ge-
790 3635 887 3689 Defert
910 3636 1024 3690 iliissale
1044 3653 1089 3701 ge·
1150 3637 1249 3693 Defert

393 3713 547 3768 nuflectens
576 3721 643 3766 ante
672 3728 729 3765 me·
754 3710 906 3765 nuflectens
938 3710 965 3763 in
998 3711 1088 3766 medio
1115 3713 1229 3767 Missale
1243 3720 1272 3767 et

394 3787 473 3843 dium
485 3787 588 3842 Altare.
754 3786 836 3840 simul
848 3803 911 3840 cum
925 3787 1014 3852 primo
1026 3785 1059 3840 C.
1114 3787 1236 3853 bugiarn.

216 3902 375 3953 *Minister
393 3902 550 3963 inserviens,
570 3902 592 3950 si
613 3901 696 3963 adsit,
752 3902 867 3967 primi
916 3902 1066 3967 Capeliani.
1114 3905 1271 3957 Generatim

177 3981 334 4046 plerumque
350 3980 460 4041 bugiam
477 3981 512 4030 orl
528 3980 626 4028 librum
643 3995 697 4029 sus·
751 3980 921 4046 “Capeliani
939 3980 1038 4032 ibidem
1056 3998 1083 4031 se
1100 3983 1196 4033 sistere
1213 3997 1272 4047 pos·

181 4057 260 4119 tinet,
283 4056 422 4107 ministrat
445 4058 480 4107 aii
504 4057 640 4122 triplicem
663 4057 698 4106 lo·
749 4061 822 4119 sunt,
844 4057 890 4107 ubi
914 4059 1003 4121 magis
1024 4058 1188 4122 eonvenit,”
1211 4074 1270 4109 eum

178 4134 279 4184 tionem
309 4149 435 4184 manuum
470 4137 548 4193 (ante
577 4135 698 4197 Missam,
750 4148 798 4199 per
816 4135 950 4185 Rubrieas
968 4151 1059 4184 eorum
1079 4137 1138 4186 loca
1155 4137 1271 4186 nonde·

178 4211 213 4260 ml
239 4210 350 4260 Locobo
374 4216 402 4261 et
426 4217 486 4276 post
513 4211 695 4273 ablutionem)
750 4212 938 4262 terminentur.
976 4212 1016 4262 De
1035 4212 1133 4273 fleuit,
1151 4228 1174 4263 e.
1194 4227 1218 4264 a.

178 4286 261 4337 affert
291 4288 426 4352 ampullas
453 4294 478 4338 et
509 4289 698 4353 enmpnnulnm
789 4287 850 4335 ⁹Si
880 4287 1032 4352 Episcopus
1060 4302 1095 4339 ea
1124 4289 1165 4338 uti
1195 4287 1270 4349 velit,

179 4364 278 4429 pulsat.
750 4366 881 4428 Bauldry,
902 4366 942 4416 lle.
961 4365 1058 4416 llerrlt.

218 4438 337 4489 ”Juxta
366 4439 434 4489 alios
464 4444 520 4489 stat
549 4454 566 4489 a
596 4439 699 4487 ilextris
