2804 4890
379 684 766 741 ANIMADVERSIONES
787 684 999 742 PRAEVIAE.
1174 676 1235 738 465

555 1368 746 1446 CAPUT
778 1367 829 1448 V.

238 1568 296 1623 DE
321 1567 609 1624 SACRAMENTO
636 1568 871 1624 EXTREMAE
897 1568 1141 1626 UNCTIONIS.

609 1800 724 1872 ART.
748 1801 777 1872 Ι.

394 2000 760 2052 nnruanvansrouas
783 1999 984 2051 PRAEVIAE.

189 2170 259 2233 289.
284 2172 315 2233 S.
337 2173 448 2234 Oleum
466 2171 664 2235 infirmorum
682 2173 715 2233 in
734 2171 873 2233 Ecclesia
891 2172 938 2233 vcl
958 2170 1100 2233 sacristia
1118 2187 1238 2232 conser-

149 2264 285 2325 vandum
312 2270 358 2327 est
385 2264 472 2327 “loco
500 2264 602 2326 nitido
628 2271 660 2326 et
686 2264 830 2327 decenter
856 2262 997 2337 ornato‚''
1023 2283 1048 2326 e.
1077 2283 1124 2345 g.:
1153 2264 1239 2324 intus

148 2358 261 2436 paruus
276 2357 382 2418 sericis
398 2355 523 2418 violacei
540 2355 651 2418 coloris
665 2364 696 2419 ct
710 2362 798 2419 extra
813 2375 884 2418 cum
900 2355 1104 2436 inscriptione
1118 2355 1151 2417 S.
1168 2354 1239 2417 Ole-

151 2471 201 2510 um
222 2449 439 2527 infirruormn;
458 2449 535 2510 “sub
556 2450 640 2510 clave
660 2468 695 2511 ae
717 2454 787 2511 tuta
807 2447 992 2510 custodia.”¹

191 2545 218 2602 2.
242 2541 336 2602 Domi
355 2542 420 2603 loco
437 2541 557 2602 decenti
575 2561 610 2602 ac
627 2544 697 2604 tuto
713 2541 888 2603 conservari
906 2540 978 2602 licet
995 2538 1189 2602 solummodo
1208 2539 1239 2599 in

148 2655 220 2695 casu
237 2634 439 2709 necessitatis
454 2654 479 2694 c.
497 2654 525 2713 g.
544 2633 667 2712 quando
683 2633 721 2696 ob
738 2633 863 2713 longam
879 2631 1063 2695 distantiam
1079 2633 1118 2695 ab
1136 2631 1239 2695 Eccle-

147 2727 192 2788 sia
213 2727 409 2807 “periculum
431 2725 639 2806 praevidetur,
658 2732 694 2787 ut
712 2726 738 2786 si
761 2723 910 2788 Sacerdos
930 2731 1056 2788 vocatus
1076 2724 1115 2786 ad
1136 2723 1239 2786 confe-

148 2820 275 2881 rcndam
296 2820 476 2881 unctionem
496 2825 618 2897 praesto
637 2838 700 2880 non
719 2815 850 2880 esset:''²
869 2819 1001 2898 “quoin
1020 2836 1093 2880 casu
1112 2820 1240 2881 omnino

147 2916 287 2975 scri-etur
300 2913 397 2974 ctiam
414 2911 498 2972 <lomi
519 2910 654 2972 Robrica
670 2910 772 2990 quoad
788 2910 950 2974 honestam
966 2916 999 2974 et
1014 2910 1174 2974 decentem
1191 2919 1240 2971 tu-

149 3010 273 3084 tamque
289 3001 508 3065 custodiam.’'³

191 3101 218 3158 3.
243 3099 314 3158 Non
333 3097 405 3158 licet
423 3115 445 3156 s.
466 3095 578 3158 Oleum
596 3097 629 3157 iu
647 3095 847 3157 tabernaculo
866 3094 923 3158 SS.
944 3096 1149 3163 Sacramenti.
1169 3096 1240 3158 licet

150 3191 182 3250 in
202 3190 304 3250 loculo
323 3196 475 3269 separato,
494 3206 684 3263 conservare,
705 3188 751 3250 vel
772 3189 865 3249 simul
886 3208 959 3251 curn
980 3187 1239 3252 Sanctissimae.

148 3302 177 3357 g.
196 3283 227 3342 in
244 3282 336 3342 bursa
350 3281 395 3342 vel
412 3280 511 3342 Cruce
526 3279 660 3360 quadam
676 3280 715 3342 ad
734 3280 875 3342 infirmos
890 3279 1021 3343 deferre.
1060 3279 1240 3342 “Parochus

149 3395 201 3435 vas
217 3392 240 3435 s.
259 3373 327 3436 Olei
344 3371 542 3435 infirmorum
559 3371 681 3434 sacculo
697 3373 795 3434 serico
811 3373 938 3436 violacei
954 3372 1065 3436 eoloris
1083 3372 1240 3436 inclusum

149 3470 238 3528 caute
261 3463 426 3526 deferat.''⁴

190 3563 218 3620 4.
242 3556 362 3620 “Debet
381 3562 486 3618 autem
506 3557 564 3619 hoc
587 3557 825 3619 Sacramentum
849 3556 983 3619 infirmis
1004 3558 1155 3638 praeberi,
1175 3558 1241 3637 qui,

148 3671 219 3712 cum
239 3650 277 3712 ad
299 3669 390 3710 usum
410 3647 542 3709 rationis
561 3650 770 3728 pervenerint,
789 3654 854 3712 tarn
873 3651 1011 3728 graviter
1031 3650 1184 3723 laborant,
1204 3653 1240 3712 ut

149 3744 259 3804 mortis
275 3741 450 3822 periculum
467 3740 631 3802 imminere
646 3739 791 3803 videatur
800 3763 808 3816 ;
824 3747 855 3806 et
873 3742 912 3803 iis
928 3743 981 3822 qui
998 3760 1071 3822 prae
1087 3743 1174 3805 senio
1188 3740 1240 3805 de

150 3837 270 3903 ficiunt,
290 3838 320 3895 ct
340 3834 372 3895 in
393 3832 477 3895 diem
495 3832 642 3894 videntur
660 3833 808 3895 morituri
826 3833 920 3896 etiam
939 3835 1006 3898 sine
1025 3835 1087 3898 alia
1108 3833 1240 3897 infirmi-

150 3928 243 3991 late.''

192 4027 218 4081 5.
243 4020 355 4081 Pueris
372 4017 471 4096 igitur
487 4016 627 4079 (landum
644 4021 701 4089 est,
716 4018 769 4098 qrri
786 4019 974 4081 “censentur
990 4039 1116 4100 capaces
1133 4019 1240 4083 Sacra·

149 4116 246 4176 monti
273 4111 499 4178 Poenitcutiac.
522 4110 664 4190 quamvis
689 4110 828 4170 nondum
853 4115 941 4173 lanta
966 4111 1103 4191 polleant
1127 4112 1239 4191 judicii

150 4207 331 4269 maturitate
356 4214 390 4269 ut
416 4203 581 4264 sulcantur
605 4203 671 4281 anti
696 4202 733 4263 ou
761 4203 819 4263 rilc
845 4203 1093 4283 purli·ipan‹lnui
1120 4205 1240 4268 Eucha-

185 4363 286 4411 acono.
307 4362 368 4410 lint.
391 4359 437 4409 iu.
721 4373 745 4408 n.
765 4359 841 4409 3739.
862 4360 892 4417 2;
914 4364 941 4410 et
961 4359 1004 4411 23.
1023 4361 1089 4414 Jun.
1110 4362 1193 4425 1892;
1215 4377 1232 4412 n

185 4440 234 4486 ⁴28.
254 4438 332 4500 Alpn.
354 4436 413 4495 liat.
720 4434 796 4484 3779.
815 4435 839 4483 7.

185 4514 240 4562 ³1).
256 4513 332 4562 2650.
348 4511 378 4573 3;
396 4509 434 4561 ct.
452 4512 492 4560 15.
509 4510 576 4560 Nov.
594 4510 668 4565 1890.
754 4509 835 4561 ‹uu
854 4510 929 4564 Rom.
