2804 4890
379 698 432 754 DE
455 699 649 755 MINISTRO
675 698 716 753 lu
741 699 861 754 ,uisse
885 699 1067 756 PRIVATA.
1207 689 1266 753 119

176 868 317 933 sublevat
341 871 572 932 extremitatem
597 872 786 933 anteriorem
812 874 946 933 vestium
973 873 1161 948 Celebranti,
1187 873 1264 935 dum

176 963 285 1026 Altare
300 964 448 1027 ascendit.

217 1060 246 1119 5.
269 1056 428 1137 Ampullis
450 1058 489 1119 ad
513 1057 704 1120 credentiam
728 1061 905 1138 reportatis,
928 1060 1027 1122 “liber
1051 1060 1188 1122 Missalis
1211 1059 1262 1123 de

175 1149 279 1213 fertur
298 1169 354 1230 per
372 1150 556 1213 ministrum
576 1151 614 1212 ad
636 1171 732 1213 cornu
754 1152 913 1232 Epistolae
933 1159 965 1215 et
984 1153 1153 1217 collocatur
1171 1158 1209 1216 ut
1229 1154 1264 1215 in

176 1243 355 1318 Introitu;'’
381 1264 504 1306 cereum
529 1264 620 1324 quem
646 1246 680 1306 in
704 1245 801 1308 latere
826 1243 986 1326 Epistolae
1010 1267 1068 1328 pro
1092 1246 1263 1311 elevatione

174 1336 367 1413 accenderat,
383 1338 559 1419 extinguit;
575 1343 605 1401 et
623 1359 761 1401 reversus
778 1344 816 1401 ut
832 1344 923 1402 antea
940 1340 980 1402 ad
997 1340 1080 1404 latus
1098 1339 1261 1420 Evangelii

175 1432 209 1492 in
226 1431 334 1494 iulimo
350 1432 451 1513 gradu
468 1432 514 1494 vel
532 1433 566 1493 in
582 1433 676 1513 plano
693 1434 749 1494 sub
766 1434 964 1513 suppedaneo
980 1433 1173 1513 genuflectit.
1212 1434 1263 1496 Ad

172 1525 330 1589 Dominae
344 1524 513 1599 vobiscum,
528 1532 585 1592 etc.
603 1528 778 1609 respondet.
811 1529 863 1610 (Si
879 1532 1008 1611 propter
1022 1529 1110 1594 aliud
1126 1530 1267 1611 Evange-

177 1618 256 1679 lium
283 1620 431 1680 ultimum
459 1618 585 1681 Missule
612 1626 757 1700 apertum
783 1641 876 1700 super
902 1620 1012 1683 Altare
1039 1621 1183 1684 relictum
1210 1622 1263 1695 sit,

175 1714 284 1775 statim
312 1717 383 1793 post
411 1714 462 1776 Ite
490 1713 590 1776 Misso
619 1719 665 1776 est
695 1714 775 1776 illud
805 1721 871 1777 tam
900 1715 1081 1795 tempestive
1111 1715 1151 1777 ad
1180 1715 1263 1777 latus

176 1805 341 1887 Evangelii
361 1807 516 1887 deportat,
538 1814 574 1869 ut
595 1808 633 1868 ad
656 1808 903 1871 benedictionem
924 1810 966 1871 sit
988 1809 1031 1870 ibi
1052 1808 1258 1890 depositum.)

176 1900 227 1962 Ad
258 1899 505 1964 benedictionem
537 1901 713 1963 Sacerdotis
744 1901 927 1979 genuflexus
957 1922 988 1964 se
1019 1904 1123 1982 signat
1155 1907 1186 1965 et
1217 1922 1263 1965 re

175 1993 324 2074 spondet:
345 1994 457 2058 Arrace.
501 1996 590 2056 'l'uuc
612 2002 732 2057 erectus
753 1995 793 2056 ad
815 1995 965 2058 ultimum
988 1995 1195 2076 Evangelium
1217 2015 1263 2057 re

176 2087 308 2168 spondet
326 2094 357 2150 et
375 2109 406 2150 sc
424 2089 529 2168 signat
546 2094 583 2151 ut
600 2089 638 2150 ad
658 2090 797 2169 primum
820 2089 1034 2169 llvangelium.
1075 2090 1205 2153 Transit
1223 2088 1264 2153 ad

175 2181 258 2243 latus
288 2182 458 2262 Epistolae,
488 2182 541 2243 ubi
571 2188 635 2243 stat
664 2182 741 2244 dum
771 2182 888 2261 legitur
918 2182 1136 2263 Evangelium,
1166 2203 1262 2264 genu·

176 2274 275 2338 flectit
303 2295 376 2337 cunr
405 2275 587 2339 (.'elebrante
616 2282 647 2338 et
676 2276 709 2337 in
738 2276 800 2337 fine
829 2276 1011 2355 respondet:
1039 2277 1106 2340 Deo
1134 2278 1262 2359 pretias.

181 2368 316 2447 (Statim
340 2368 484 2430 candelas
507 2369 675 2448 extinguit,
700 2370 839 2450 primum
861 2390 879 2432 a
902 2390 999 2431 cornu
1024 2369 1188 2450 Evangelii
1211 2368 1263 2431 de·

177 2462 250 2525 inde
268 2483 287 2524 a
305 2462 401 2525 latere
420 2463 590 2542 Epistolae,
609 2463 759 2543 ponitque
778 2463 966 2524 arundinem
985 2483 1057 2524 cum
1076 2462 1264 2527 extinctoria

175 2575 272 2637 prope
288 2555 458 2631 Altare.)¹³

218 2653 246 2710 6.
271 2648 377 2712 Sumit
400 2648 527 2711 Missale
549 2654 580 2711 ct
602 2649 738 2711 biretum
762 2656 855 2729 atque
878 2650 996 2712 accedit
1020 2654 1093 2712 ante
1116 2649 1263 2712 infimum

176 2741 309 2823 gradum
338 2742 377 2804 ad
407 2742 548 2804 dextram
580 2742 772 2805 l'elebrantis
803 2742 895 2822 paulo
925 2747 993 2822 post
1024 2744 1139 2823 ipsum,
1168 2762 1264 2823 genu·

175 2836 284 2914 flectit,
301 2839 361 2900 etsi
379 2838 611 2900 sanctissimum
633 2838 870 2899 Sacramentum
889 2858 953 2899 non
970 2838 1063 2914 adsit,
1082 2842 1112 2901 et
1130 2838 1268 2902 biretum

174 2932 204 2993 ei
223 2931 367 3013 porrigit.

218 3022 340 3086 Deinde
356 3022 495 3101 procedit
512 3022 549 3083 ad
566 3022 741 3083 sacristiam
756 3022 848 3083 modo
865 3042 924 3101 quo
939 3042 1080 3101 egressus
1095 3028 1150 3084 est.

218 3116 356 3197 Imagini
382 3115 550 3196 principali
578 3115 736 3177 sacristiae
762 3116 968 3178 reverentiam
994 3116 1072 3178 facit
1098 3121 1129 3179 et
1157 3116 1264 3179 Sacer-

176 3209 281 3272 dotem
301 3212 334 3272 in
354 3210 547 3290 deponendis
565 3210 757 3289 paramentis
775 3209 915 3288 adimat.
958 3209 1111 3284 Tandem,
1130 3210 1157 3271 si
1179 3208 1264 3271 Cele-

177 3304 269 3367 brans
296 3305 368 3367 velit
395 3324 506 3365 manus
530 3302 642 3378 lavare,
667 3324 779 3382 aquarn
806 3303 966 3365 ministrat
991 3307 1094 3383 atque,
1118 3302 1173 3364 ubi
1198 3322 1265 3367 mos

176 3405 233 3469 est,
250 3398 433 3479 genuflexus
452 3397 698 3461 benedictionem
719 3397 757 3458 ab
777 3397 844 3476 ipso
863 3395 983 3477 recipit.

220 3497 247 3555 1.
271 3493 310 3554 In
333 3493 432 3554 Misso
455 3513 555 3554 corum
581 3490 786 3553 Sanctissimo
810 3491 959 3572 crposito,
982 3489 1153 3553 “Minister
1174 3488 1266 3553 debet

176 3585 383 3667 genuflectere
400 3587 434 3647 in
450 3605 572 3648 accessu
589 3589 621 3646 et
637 3604 757 3646 recessu
774 3591 906 3663 utroque
922 3604 1016 3663 genu,
1033 3585 1118 3645 intra
1135 3582 1265 3645 Missam

177 3682 270 3742 unico
303 3678 417 3759 genu.''
431 3680 456 3713 ¹⁴
512 3678 617 3752 Quum
651 3678 803 3740 transfert
838 3676 975 3752 blissale,
1008 3677 1135 3739 unicam
1169 3696 1265 3756 genu·

178 3773 343 3837 flexionem
366 3774 443 3835 facit
466 3773 499 3833 in
523 3771 616 3852 plano
639 3775 711 3835 ante
734 3770 873 3832 medium
896 3770 1025 3832 Altaris.
1071 3770 1203 3844 Quando
1226 3769 1266 3832 ad

177 3867 372 3931 offertorium
390 3872 421 3930 et
438 3865 688 3946 purificationem
706 3863 847 3926 ascendit
864 3864 903 3925 ad
921 3863 1030 3926 Altare
1047 3869 1076 3926 et
1095 3863 1266 3937 descendit,

177 3966 254 4025 tunc
278 3967 350 4025 ante
375 3960 585 4023 ascensionem
611 3959 649 4019 ad
675 3958 794 4032 Altare,
820 3962 851 4019 ct
876 3963 945 4037 post
971 3957 1203 4020 descensionem
1227 3956 1267 4019 de

177 4055 295 4129 eodem,
309 4057 342 4116 in
354 4055 448 4136 plano
460 4052 667 4134 genuflectere
679 4052 778 4114 debet.
793 4052 818 4085 ¹⁵
853 4051 984 4113 Omittit
995 4050 1108 4114 oscula.
1135 4049 1267 4127 Quando

179 4149 345 4212 Celebrans
363 4148 402 4211 ad
419 4148 542 4211 Laterio
560 4154 623 4208 slat
639 4152 727 4209 extra
744 4144 854 4207 Altera
871 4144 952 4206 facie
968 4144 1008 4206 ad
1025 4143 1177 4225 populum
1195 4165 1267 4209 con·

180 4264 276 4319 versa,
292 4243 437 4305 minister
452 4261 564 4321 aquarn
581 4239 741 4301 ministrat
757 4239 837 4301 facie
853 4238 891 4299 ad
909 4238 1012 4318 ipsum
1028 4256 1183 4300 conversa.

216 4420 243 4456 ¹⁸
261 4416 294 4467 D.
312 4417 335 4466 1.
351 4414 416 4466 Eeb.
434 4413 509 4476 1907,
535 4427 560 4463 u.
577 4410 654 4459 4198.
669 4408 695 4459 9.
785 4418 811 4452 ιε
829 4411 863 4463 D.
882 4413 922 4463 14.
939 4411 1003 4463 Jan.
1022 4408 1098 4471 1898,
1114 4424 1140 4461 u.
1157 4412 1269 4464 3975.1.

214 4500 240 4535 ¹⁴
257 4494 291 4545 D.
314 4494 391 4544 ³426.
413 4495 438 4544 6.
