<?xml version="1.0" encoding="UTF-8"?>
<!DOCTYPE html PUBLIC "-//W3C//DTD XHTML 1.0 Transitional//EN"
    "http://www.w3.org/TR/xhtml1/DTD/xhtml1-transitional.dtd">
<html xmlns="http://www.w3.org/1999/xhtml" xml:lang="en" lang="en">
 <head>
  <title>
</title>
<meta http-equiv="Content-Type" content="text/html;charset=utf-8" />
  <meta name='ocr-system' content='tesseract 3.04.00' />
  <meta name='ocr-capabilities' content='ocr_page ocr_carea ocr_par ocr_line ocrx_word'/>
</head>
<body>
  <div class='ocr_page' id='page_1' title='image "./compendiumsacra00wapegoog_0036.png"; bbox 0 0 2804 4890; ppageno 0'>
   <div class='ocr_carea' id='block_1_1' title="bbox 315 680 1220 751">
    <p class='ocr_par' dir='ltr' id='par_1_1' title="bbox 315 680 1220 751">
     <span class='ocr_line' id='line_1_1' title="bbox 315 680 1220 751; baseline 0.004 -15"><span class='ocrx_word' id='word_1_1' title='bbox 315 683 369 737; x_wconf 79' lang='lat' dir='ltr'>DE</span> <span class='ocrx_word' id='word_1_2' title='bbox 392 683 536 737; x_wconf 75' lang='lat' dir='ltr'><strong>ALTARI</strong></span> <span class='ocrx_word' id='word_1_3' title='bbox 560 683 738 751; x_wconf 72' lang='lat' dir='ltr'>musone</span> <span class='ocrx_word' id='word_1_4' title='bbox 761 683 1033 740; x_wconf 81' lang='lat' dir='ltr'><strong>ORNAMENTIS.</strong></span> <span class='ocrx_word' id='word_1_5' title='bbox 1183 680 1220 740; x_wconf 85' lang='grc'>19</span> 
     </span>
    </p>
   </div>
   <div class='ocr_carea' id='block_1_2' title="bbox 128 853 1224 2429">
    <p class='ocr_par' dir='ltr' id='par_1_2' title="bbox 128 853 1220 1103">
     <span class='ocr_line' id='line_1_2' title="bbox 170 853 1220 935; baseline 0.006 -19"><span class='ocrx_word' id='word_1_6' title='bbox 170 859 218 917; x_wconf 91' lang='grc'>11.</span> <span class='ocrx_word' id='word_1_7' title='bbox 241 853 303 916; x_wconf 89' lang='lat' dir='ltr'>“In</span> <span class='ocrx_word' id='word_1_8' title='bbox 318 874 417 917; x_wconf 90' lang='lat' dir='ltr'>cornu</span> <span class='ocrx_word' id='word_1_9' title='bbox 433 853 593 935; x_wconf 78' lang='lat' dir='ltr'>Epistulae</span> <span class='ocrx_word' id='word_1_10' title='bbox 608 855 650 918; x_wconf 94' lang='lat' dir='ltr'>sit</span> <span class='ocrx_word' id='word_1_11' title='bbox 665 857 809 919; x_wconf 82' lang='lat' dir='ltr'>cassinas</span> <span class='ocrx_word' id='word_1_12' title='bbox 822 855 1052 935; x_wconf 80' lang='lat' dir='ltr'>supponendus</span> <span class='ocrx_word' id='word_1_13' title='bbox 1066 856 1220 935; x_wconf 86' lang='lat' dir='ltr'>Missali,&#39;&#39;</span> 
     </span>
     <span class='ocr_line' id='line_1_3' title="bbox 131 946 1218 1031; baseline 0.004 -25"><span class='ocrx_word' id='word_1_14' title='bbox 131 948 176 1009; x_wconf 78' lang='lat' dir='ltr'>ccl</span> <span class='ocrx_word' id='word_1_15' title='bbox 200 947 429 1022; x_wconf 83' lang='lat' dir='ltr'>lectionarium,</span> <span class='ocrx_word' id='word_1_16' title='bbox 453 946 534 1027; x_wconf 92' lang='lat' dir='ltr'>quod</span> <span class='ocrx_word' id='word_1_17' title='bbox 558 947 624 1010; x_wconf 78' lang='lat' dir='ltr'>telo</span> <span class='ocrx_word' id='word_1_18' title='bbox 646 948 757 1008; x_wconf 91' lang='lat' dir='ltr'>coloris</span> <span class='ocrx_word' id='word_1_19' title='bbox 781 947 894 1010; x_wconf 82' lang='lat' dir='ltr'>Missae</span> <span class='ocrx_word' id='word_1_20' title='bbox 917 950 1131 1011; x_wconf 76' lang='lat' dir='ltr'>convenientis</span> <span class='ocrx_word' id='word_1_21' title='bbox 1155 953 1218 1031; x_wconf 89' lang='lat' dir='ltr'>tegi</span> 
     </span>
     <span class='ocr_line' id='line_1_4' title="bbox 128 1042 225 1103; baseline -0.01 -1"><span class='ocrx_word' id='word_1_22' title='bbox 128 1042 225 1103; x_wconf 87' lang='lat' dir='ltr'>decet.</span> 
     </span>
    </p>

    <p class='ocr_par' dir='ltr' id='par_1_3' title="bbox 129 1134 1221 1477">
     <span class='ocr_line' id='line_1_5' title="bbox 170 1134 1221 1217; baseline 0.006 -21"><span class='ocrx_word' id='word_1_23' title='bbox 170 1138 217 1198; x_wconf 80' lang='lat'>12.</span> <span class='ocrx_word' id='word_1_24' title='bbox 240 1134 304 1198; x_wconf 88' lang='lat' dir='ltr'>“Et</span> <span class='ocrx_word' id='word_1_25' title='bbox 323 1135 361 1198; x_wconf 90' lang='lat' dir='ltr'>ab</span> <span class='ocrx_word' id='word_1_26' title='bbox 379 1135 487 1197; x_wconf 90' lang='lat' dir='ltr'>eadem</span> <span class='ocrx_word' id='word_1_27' title='bbox 505 1140 593 1216; x_wconf 87' lang='lat' dir='ltr'>parte</span> <span class='ocrx_word' id='word_1_28' title='bbox 613 1134 773 1216; x_wconf 85' lang='lat' dir='ltr'>Epistolae</span> <span class='ocrx_word' id='word_1_29' title='bbox 793 1142 921 1217; x_wconf 89' lang='lat' dir='ltr'>paretur</span> <span class='ocrx_word' id='word_1_30' title='bbox 940 1156 1046 1200; x_wconf 87' lang='lat' dir='ltr'>cereus</span> <span class='ocrx_word' id='word_1_31' title='bbox 1063 1137 1103 1200; x_wconf 92' lang='lat' dir='ltr'>ad</span> <span class='ocrx_word' id='word_1_32' title='bbox 1122 1137 1221 1202; x_wconf 85' lang='lat' dir='ltr'>eleva-</span> 
     </span>
     <span class='ocr_line' id='line_1_6' title="bbox 129 1226 1219 1309; baseline 0 -19"><span class='ocrx_word' id='word_1_33' title='bbox 129 1229 248 1290; x_wconf 86' lang='lat' dir='ltr'>tionem</span> <span class='ocrx_word' id='word_1_34' title='bbox 273 1227 467 1290; x_wconf 89' lang='lat' dir='ltr'>Sacramenti</span> <span class='ocrx_word' id='word_1_35' title='bbox 491 1226 736 1301; x_wconf 86' lang='lat' dir='ltr'>accendendus,&#39;&#39;</span> <span class='ocrx_word' id='word_1_36' title='bbox 760 1248 872 1308; x_wconf 83' lang='lat' dir='ltr'>nempe</span> <span class='ocrx_word' id='word_1_37' title='bbox 895 1249 951 1309; x_wconf 90' lang='lat' dir='ltr'>per</span> <span class='ocrx_word' id='word_1_38' title='bbox 974 1229 1157 1290; x_wconf 91' lang='lat' dir='ltr'>ministrum</span> <span class='ocrx_word' id='word_1_39' title='bbox 1181 1230 1219 1291; x_wconf 87' lang='lat' dir='ltr'>ad</span> 
     </span>
     <span class='ocr_line' id='line_1_7' title="bbox 130 1321 1220 1403; baseline 0.002 -21"><span class='ocrx_word' id='word_1_40' title='bbox 130 1321 261 1383; x_wconf 89' lang='lat' dir='ltr'>initium</span> <span class='ocrx_word' id='word_1_41' title='bbox 296 1321 443 1396; x_wconf 90' lang='lat' dir='ltr'>Canonis,</span> <span class='ocrx_word' id='word_1_42' title='bbox 477 1327 508 1383; x_wconf 89' lang='lat' dir='ltr'>et</span> <span class='ocrx_word' id='word_1_43' title='bbox 541 1321 787 1400; x_wconf 85' lang='lat' dir='ltr'>exstinguendus</span> <span class='ocrx_word' id='word_1_44' title='bbox 822 1327 893 1402; x_wconf 88' lang='lat' dir='ltr'>post</span> <span class='ocrx_word' id='word_1_45' title='bbox 925 1323 1099 1403; x_wconf 80' lang='lat' dir='ltr'>digitorum</span> <span class='ocrx_word' id='word_1_46' title='bbox 1134 1322 1220 1384; x_wconf 92' lang='lat' dir='ltr'>ablu-</span> 
     </span>
     <span class='ocr_line' id='line_1_8' title="bbox 130 1417 288 1477; baseline -0.006 0"><span class='ocrx_word' id='word_1_47' title='bbox 130 1417 288 1477; x_wconf 84' lang='lat' dir='ltr'>tionem.⁴²</span> 
     </span>
    </p>

    <p class='ocr_par' dir='ltr' id='par_1_4' title="bbox 129 1508 1222 1852">
     <span class='ocr_line' id='line_1_9' title="bbox 171 1508 1222 1592; baseline 0.004 -23"><span class='ocrx_word' id='word_1_48' title='bbox 171 1512 219 1572; x_wconf 87' lang='grc'>13.</span> <span class='ocrx_word' id='word_1_49' title='bbox 242 1508 366 1572; x_wconf 83' lang='lat' dir='ltr'>“Parca</span> <span class='ocrx_word' id='word_1_50' title='bbox 393 1510 589 1590; x_wconf 80' lang='lat' dir='ltr'>campanula,</span> <span class='ocrx_word' id='word_1_51' title='bbox 616 1508 773 1590; x_wconf 72' lang='lat' dir='ltr'>ampullae</span> <span class='ocrx_word' id='word_1_52' title='bbox 801 1509 945 1572; x_wconf 57' lang='lat' dir='ltr'>mirumst</span> <span class='ocrx_word' id='word_1_53' title='bbox 973 1511 1039 1573; x_wconf 89' lang='lat' dir='ltr'>vini</span> <span class='ocrx_word' id='word_1_54' title='bbox 1067 1514 1098 1573; x_wconf 93' lang='lat' dir='ltr'>et</span> <span class='ocrx_word' id='word_1_55' title='bbox 1125 1531 1222 1592; x_wconf 88' lang='lat' dir='ltr'>aquae</span> 
     </span>
     <span class='ocr_line' id='line_1_10' title="bbox 130 1600 1216 1682; baseline 0.001 -18"><span class='ocrx_word' id='word_1_56' title='bbox 130 1622 202 1664; x_wconf 91' lang='lat' dir='ltr'>cum</span> <span class='ocrx_word' id='word_1_57' title='bbox 223 1601 375 1681; x_wconf 75' lang='lat' dir='ltr'>pelvicula</span> <span class='ocrx_word' id='word_1_58' title='bbox 394 1608 425 1663; x_wconf 90' lang='lat' dir='ltr'>et</span> <span class='ocrx_word' id='word_1_59' title='bbox 447 1601 640 1682; x_wconf 72' lang='lat' dir='ltr'>ricottrtterqio</span> <span class='ocrx_word' id='word_1_60' title='bbox 661 1600 779 1663; x_wconf 93' lang='lat' dir='ltr'>mundo</span> <span class='ocrx_word' id='word_1_61' title='bbox 800 1601 832 1662; x_wconf 92' lang='lat' dir='ltr'>in</span> <span class='ocrx_word' id='word_1_62' title='bbox 854 1602 1016 1664; x_wconf 82' lang='lat' dir='ltr'>fenestella</span> <span class='ocrx_word' id='word_1_63' title='bbox 1040 1603 1090 1682; x_wconf 79' lang='lat' dir='ltr'>[in</span> <span class='ocrx_word' id='word_1_64' title='bbox 1111 1603 1216 1682; x_wconf 63' lang='lat' dir='ltr'>muro’l</span> 
     </span>
     <span class='ocr_line' id='line_1_11' title="bbox 129 1694 1221 1778; baseline -0.001 -20"><span class='ocrx_word' id='word_1_65' title='bbox 129 1717 185 1758; x_wconf 86' lang='lat' dir='ltr'>seu</span> <span class='ocrx_word' id='word_1_66' title='bbox 212 1697 246 1757; x_wconf 91' lang='lat' dir='ltr'>in</span> <span class='ocrx_word' id='word_1_67' title='bbox 272 1714 368 1776; x_wconf 79' lang='lat' dir='ltr'>parva</span> <span class='ocrx_word' id='word_1_68' title='bbox 395 1716 502 1757; x_wconf 89' lang='lat' dir='ltr'>mensa</span> <span class='ocrx_word' id='word_1_69' title='bbox 528 1695 567 1757; x_wconf 90' lang='lat' dir='ltr'>ad</span> <span class='ocrx_word' id='word_1_70' title='bbox 594 1696 668 1757; x_wconf 90' lang='lat' dir='ltr'>haec</span> <span class='ocrx_word' id='word_1_71' title='bbox 696 1694 911 1778; x_wconf 86' lang='lat' dir='ltr'>praeparata.&#39;&#39;</span> <span class='ocrx_word' id='word_1_72' title='bbox 976 1696 1060 1759; x_wconf 91' lang='lat' dir='ltr'>Usus</span> <span class='ocrx_word' id='word_1_73' title='bbox 1088 1697 1221 1776; x_wconf 85' lang='lat' dir='ltr'>cymbali</span> 
     </span>
     <span class='ocr_line' id='line_1_12' title="bbox 132 1788 842 1852; baseline 0.003 -2"><span class='ocrx_word' id='word_1_74' title='bbox 132 1789 285 1852; x_wconf 83' lang='lat' dir='ltr'>Indorum</span> <span class='ocrx_word' id='word_1_75' title='bbox 307 1788 517 1850; x_wconf 86' lang='lat' dir='ltr'>Orientalium</span> <span class='ocrx_word' id='word_1_76' title='bbox 530 1790 555 1822; x_wconf 78' lang='lat'>¹¹</span> <span class='ocrx_word' id='word_1_77' title='bbox 575 1809 638 1851; x_wconf 93' lang='lat' dir='ltr'>non</span> <span class='ocrx_word' id='word_1_78' title='bbox 658 1789 842 1852; x_wconf 71' lang='lat' dir='ltr'>convenii.⁴⁶</span> 
     </span>
    </p>

    <p class='ocr_par' dir='ltr' id='par_1_5' title="bbox 130 1882 1224 2241">
     <span class='ocr_line' id='line_1_13' title="bbox 171 1882 1224 1964; baseline 0 -19"><span class='ocrx_word' id='word_1_79' title='bbox 171 1889 220 1946; x_wconf 82' lang='lat'>14.</span> <span class='ocrx_word' id='word_1_80' title='bbox 240 1883 363 1964; x_wconf 89' lang='lat' dir='ltr'>“Super</span> <span class='ocrx_word' id='word_1_81' title='bbox 385 1883 495 1944; x_wconf 89' lang='lat' dir='ltr'>Altare</span> <span class='ocrx_word' id='word_1_82' title='bbox 517 1882 598 1945; x_wconf 91' lang='lat' dir='ltr'>nihil</span> <span class='ocrx_word' id='word_1_83' title='bbox 621 1883 750 1945; x_wconf 90' lang='lat' dir='ltr'>omnino</span> <span class='ocrx_word' id='word_1_84' title='bbox 773 1900 919 1964; x_wconf 85' lang='lat' dir='ltr'>ponatur,</span> <span class='ocrx_word' id='word_1_85' title='bbox 942 1885 1023 1964; x_wconf 92' lang='lat' dir='ltr'>quod</span> <span class='ocrx_word' id='word_1_86' title='bbox 1047 1885 1086 1947; x_wconf 89' lang='lat' dir='ltr'>ad</span> <span class='ocrx_word' id='word_1_87' title='bbox 1109 1884 1224 1947; x_wconf 86' lang='lat' dir='ltr'>Missae</span> 
     </span>
     <span class='ocr_line' id='line_1_14' title="bbox 130 1974 1222 2055; baseline 0 -18"><span class='ocrx_word' id='word_1_88' title='bbox 130 1975 321 2038; x_wconf 89' lang='lat' dir='ltr'>sacrificium</span> <span class='ocrx_word' id='word_1_89' title='bbox 343 1974 389 2037; x_wconf 80' lang='lat' dir='ltr'>rel</span> <span class='ocrx_word' id='word_1_90' title='bbox 413 1975 511 2055; x_wconf 92' lang='lat' dir='ltr'>ipsius</span> <span class='ocrx_word' id='word_1_91' title='bbox 533 1974 654 2036; x_wconf 84' lang='lat' dir='ltr'>Altaris</span> <span class='ocrx_word' id='word_1_92' title='bbox 676 1979 823 2036; x_wconf 90' lang='lat' dir='ltr'>ornatum</span> <span class='ocrx_word' id='word_1_93' title='bbox 845 1995 908 2036; x_wconf 89' lang='lat' dir='ltr'>non</span> <span class='ocrx_word' id='word_1_94' title='bbox 931 1974 1118 2055; x_wconf 90' lang='lat' dir='ltr'>pertineat.&#39;&#39;</span> <span class='ocrx_word' id='word_1_95' title='bbox 1163 1975 1222 2037; x_wconf 91' lang='lat' dir='ltr'>De·</span> 
     </span>
     <span class='ocr_line' id='line_1_15' title="bbox 132 2068 1223 2149; baseline 0 -18"><span class='ocrx_word' id='word_1_96' title='bbox 132 2070 257 2132; x_wconf 90' lang='lat' dir='ltr'>ficiente</span> <span class='ocrx_word' id='word_1_97' title='bbox 283 2069 425 2131; x_wconf 84' lang='lat' dir='ltr'>sacristia</span> <span class='ocrx_word' id='word_1_98' title='bbox 452 2076 634 2148; x_wconf 89' lang='lat' dir='ltr'>paramenta</span> <span class='ocrx_word' id='word_1_99' title='bbox 663 2068 841 2132; x_wconf 72' lang='lat' dir='ltr'>Sacerdotis</span> <span class='ocrx_word' id='word_1_100' title='bbox 868 2075 1027 2149; x_wconf 89' lang='lat' dir='ltr'>ponantur</span> <span class='ocrx_word' id='word_1_101' title='bbox 1056 2071 1087 2130; x_wconf 92' lang='lat' dir='ltr'>in</span> <span class='ocrx_word' id='word_1_102' title='bbox 1117 2090 1223 2132; x_wconf 91' lang='lat' dir='ltr'>mensa</span> 
     </span>
     <span class='ocr_line' id='line_1_16' title="bbox 131 2162 1014 2241; baseline -0.002 -15"><span class='ocrx_word' id='word_1_103' title='bbox 131 2163 266 2235; x_wconf 89' lang='lat' dir='ltr'>laterali,</span> <span class='ocrx_word' id='word_1_104' title='bbox 283 2163 327 2225; x_wconf 83' lang='lat' dir='ltr'>rel</span> <span class='ocrx_word' id='word_1_105' title='bbox 343 2164 400 2224; x_wconf 88' lang='lat' dir='ltr'>hac</span> <span class='ocrx_word' id='word_1_106' title='bbox 415 2162 578 2224; x_wconf 85' lang='lat' dir='ltr'>deficiente</span> <span class='ocrx_word' id='word_1_107' title='bbox 594 2163 626 2222; x_wconf 93' lang='lat' dir='ltr'>in</span> <span class='ocrx_word' id='word_1_108' title='bbox 643 2166 731 2241; x_wconf 85' lang='lat' dir='ltr'>parte</span> <span class='ocrx_word' id='word_1_109' title='bbox 748 2162 867 2225; x_wconf 88' lang='lat' dir='ltr'>laterali</span> <span class='ocrx_word' id='word_1_110' title='bbox 885 2163 1014 2225; x_wconf 85' lang='lat' dir='ltr'>Altaris.</span> 
     </span>
    </p>

    <p class='ocr_par' dir='ltr' id='par_1_6' title="bbox 131 2255 1224 2429">
     <span class='ocr_line' id='line_1_17' title="bbox 173 2255 1224 2336; baseline 0 -17"><span class='ocrx_word' id='word_1_111' title='bbox 173 2262 221 2319; x_wconf 88' lang='lat'>15.</span> <span class='ocrx_word' id='word_1_112' title='bbox 245 2256 304 2318; x_wconf 94' lang='lat' dir='ltr'>“In</span> <span class='ocrx_word' id='word_1_113' title='bbox 324 2263 438 2321; x_wconf 91' lang='lat' dir='ltr'>ornatu</span> <span class='ocrx_word' id='word_1_114' title='bbox 458 2255 579 2319; x_wconf 88' lang='lat' dir='ltr'>Altaris</span> <span class='ocrx_word' id='word_1_115' title='bbox 598 2255 739 2318; x_wconf 87' lang='lat' dir='ltr'>habenda</span> <span class='ocrx_word' id='word_1_116' title='bbox 757 2260 805 2319; x_wconf 90' lang='lat' dir='ltr'>est</span> <span class='ocrx_word' id='word_1_117' title='bbox 824 2257 906 2320; x_wconf 89' lang='lat' dir='ltr'>ratio</span> <span class='ocrx_word' id='word_1_118' title='bbox 925 2256 1085 2336; x_wconf 89' lang='lat' dir='ltr'>temporis.</span> <span class='ocrx_word' id='word_1_119' title='bbox 1128 2256 1224 2319; x_wconf 87' lang='lat' dir='ltr'>Decet</span> 
     </span>
     <span class='ocr_line' id='line_1_18' title="bbox 131 2347 1222 2429; baseline -0.002 -18"><span class='ocrx_word' id='word_1_120' title='bbox 131 2356 169 2412; x_wconf 85' lang='lat' dir='ltr'>ut</span> <span class='ocrx_word' id='word_1_121' title='bbox 185 2350 295 2412; x_wconf 87' lang='lat' dir='ltr'>diebus</span> <span class='ocrx_word' id='word_1_122' title='bbox 312 2349 444 2423; x_wconf 79' lang='lat' dir='ltr'>festivis,</span> <span class='ocrx_word' id='word_1_123' title='bbox 461 2349 646 2429; x_wconf 89' lang='lat' dir='ltr'>pracsertim</span> <span class='ocrx_word' id='word_1_124' title='bbox 663 2348 901 2412; x_wconf 87' lang='lat' dir='ltr'>solemnioribus</span> <span class='ocrx_word' id='word_1_125' title='bbox 918 2347 1113 2427; x_wconf 89' lang='lat' dir='ltr'>splendidior</span> <span class='ocrx_word' id='word_1_126' title='bbox 1130 2369 1222 2428; x_wconf 92' lang='lat' dir='ltr'>appa·</span> 
     </span>
    </p>
   </div>
   <div class='ocr_carea' id='block_1_3' title="bbox 132 2441 1223 2709">
    <p class='ocr_par' dir='ltr' id='par_1_7' title="bbox 132 2441 1223 2709">
     <span class='ocr_line' id='line_1_19' title="bbox 132 2441 1223 2523; baseline -0.003 -18"><span class='ocrx_word' id='word_1_127' title='bbox 132 2450 209 2506; x_wconf 89' lang='lat' dir='ltr'>reat.</span> <span class='ocrx_word' id='word_1_128' title='bbox 255 2443 367 2505; x_wconf 87' lang='lat' dir='ltr'>Sacrae</span> <span class='ocrx_word' id='word_1_129' title='bbox 385 2443 545 2523; x_wconf 85' lang='lat' dir='ltr'>Reliquiae</span> <span class='ocrx_word' id='word_1_130' title='bbox 561 2448 593 2505; x_wconf 87' lang='lat' dir='ltr'>et</span> <span class='ocrx_word' id='word_1_131' title='bbox 610 2443 763 2522; x_wconf 87' lang='lat' dir='ltr'>imagines</span> <span class='ocrx_word' id='word_1_132' title='bbox 780 2441 905 2521; x_wconf 91' lang='lat' dir='ltr'>disponi</span> <span class='ocrx_word' id='word_1_133' title='bbox 923 2447 1072 2522; x_wconf 89' lang='lat' dir='ltr'>poterunt</span> <span class='ocrx_word' id='word_1_134' title='bbox 1089 2442 1223 2503; x_wconf 88' lang='lat' dir='ltr'>alterna·</span> 
     </span>
     <span class='ocr_line' id='line_1_20' title="bbox 133 2535 1082 2615; baseline -0.003 -16"><span class='ocrx_word' id='word_1_135' title='bbox 133 2541 193 2599; x_wconf 92' lang='lat' dir='ltr'>tim</span> <span class='ocrx_word' id='word_1_136' title='bbox 211 2539 294 2599; x_wconf 89' lang='lat' dir='ltr'>inter</span> <span class='ocrx_word' id='word_1_137' title='bbox 311 2535 527 2609; x_wconf 90' lang='lat' dir='ltr'>candelabra‚&#39;&#39;</span> <span class='ocrx_word' id='word_1_138' title='bbox 544 2536 606 2597; x_wconf 91' lang='lat' dir='ltr'>nisi</span> <span class='ocrx_word' id='word_1_139' title='bbox 626 2535 683 2596; x_wconf 83' lang='lat' dir='ltr'>SS.</span> <span class='ocrx_word' id='word_1_140' title='bbox 704 2536 788 2598; x_wconf 89' lang='lat' dir='ltr'>Sacr.</span> <span class='ocrx_word' id='word_1_141' title='bbox 808 2537 849 2597; x_wconf 91' lang='lat' dir='ltr'>sit</span> <span class='ocrx_word' id='word_1_142' title='bbox 868 2536 1082 2615; x_wconf 77' lang='lat' dir='ltr'>expositum.⁴⁶</span> 
     </span>
     <span class='ocr_line' id='line_1_21' title="bbox 175 2627 1222 2709; baseline -0.004 -16"><span class='ocrx_word' id='word_1_143' title='bbox 175 2630 259 2693; x_wconf 89' lang='lat' dir='ltr'>“Sed</span> <span class='ocrx_word' id='word_1_144' title='bbox 273 2635 304 2693; x_wconf 90' lang='lat' dir='ltr'>et</span> <span class='ocrx_word' id='word_1_145' title='bbox 318 2629 442 2692; x_wconf 79' lang='lat' dir='ltr'>vascula</span> <span class='ocrx_word' id='word_1_146' title='bbox 455 2650 527 2691; x_wconf 90' lang='lat' dir='ltr'>curn</span> <span class='ocrx_word' id='word_1_147' title='bbox 542 2627 679 2692; x_wconf 88' lang='lat' dir='ltr'>flosculis</span> <span class='ocrx_word' id='word_1_148' title='bbox 692 2628 919 2709; x_wconf 84' lang='lat' dir='ltr'>frondibusque</span> <span class='ocrx_word' id='word_1_149' title='bbox 932 2627 1098 2691; x_wconf 86' lang='lat' dir='ltr'>odoriferis</span> <span class='ocrx_word' id='word_1_150' title='bbox 1117 2628 1222 2709; x_wconf 87' lang='lat' dir='ltr'>[natu-</span> 
     </span>
    </p>
   </div>
   <div class='ocr_carea' id='block_1_4' title="bbox 133 2853 1228 3537">
    <p class='ocr_par' dir='ltr' id='par_1_8' title="bbox 133 2853 1228 3537">
     <span class='ocr_line' id='line_1_22' title="bbox 168 2853 1226 2922; baseline -0.006 -13"><span class='ocrx_word' id='word_1_151' title='bbox 168 2866 195 2898; x_wconf 68' lang='grc'>42</span> <span class='ocrx_word' id='word_1_152' title='bbox 214 2859 290 2909; x_wconf 84' lang='lat' dir='ltr'>Licet</span> <span class='ocrx_word' id='word_1_153' title='bbox 318 2855 361 2907; x_wconf 88' lang='lat' dir='ltr'>hic</span> <span class='ocrx_word' id='word_1_154' title='bbox 388 2857 458 2907; x_wconf 85' lang='lat' dir='ltr'>ritus</span> <span class='ocrx_word' id='word_1_155' title='bbox 485 2856 653 2922; x_wconf 83' lang='lat' dir='ltr'>perpulcher,</span> <span class='ocrx_word' id='word_1_156' title='bbox 704 2854 916 2920; x_wconf 81' lang='lat' dir='ltr'>scopoprobata</span> <span class='ocrx_word' id='word_1_157' title='bbox 930 2853 1016 2905; x_wconf 81' lang='lat' dir='ltr'>fuerit</span> <span class='ocrx_word' id='word_1_158' title='bbox 1033 2853 1075 2916; x_wconf 83' lang='lat'>(0.</span> <span class='ocrx_word' id='word_1_159' title='bbox 1089 2853 1226 2914; x_wconf 73' lang='lat' dir='ltr'>rud).-</span> 
     </span>
     <span class='ocr_line' id='line_1_23' title="bbox 133 2930 1226 2997; baseline -0.005 -14"><span class='ocrx_word' id='word_1_160' title='bbox 133 2936 258 2985; x_wconf 83' lang='lat' dir='ltr'>indicans</span> <span class='ocrx_word' id='word_1_161' title='bbox 282 2933 520 2994; x_wconf 74' lang='lat' dir='ltr'>christifidelibus,</span> <span class='ocrx_word' id='word_1_162' title='bbox 546 2935 653 2997; x_wconf 80' lang='lat' dir='ltr'>Agrium</span> <span class='ocrx_word' id='word_1_163' title='bbox 706 2932 851 2981; x_wconf 89' lang='lat' dir='ltr'>Prohibuit</span> <span class='ocrx_word' id='word_1_164' title='bbox 888 2930 914 2980; x_wconf 85' lang='lat' dir='ltr'>S.</span> <span class='ocrx_word' id='word_1_165' title='bbox 950 2931 981 2981; x_wconf 86' lang='lat' dir='ltr'>R.</span> <span class='ocrx_word' id='word_1_166' title='bbox 1016 2930 1044 2981; x_wconf 71' lang='lat'>(1.</span> <span class='ocrx_word' id='word_1_167' title='bbox 1081 2930 1226 2994; x_wconf 88' lang='lat' dir='ltr'>imaginem</span> 
     </span>
     <span class='ocr_line' id='line_1_24' title="bbox 136 3006 1227 3074; baseline -0.005 -14"><span class='ocrx_word' id='word_1_168' title='bbox 136 3011 354 3073; x_wconf 84' lang='lat' dir='ltr'>Immaculatum,</span> <span class='ocrx_word' id='word_1_169' title='bbox 377 3011 495 3060; x_wconf 90' lang='lat' dir='ltr'>“lumea</span> <span class='ocrx_word' id='word_1_170' title='bbox 517 3014 545 3060; x_wconf 92' lang='lat' dir='ltr'>et</span> <span class='ocrx_word' id='word_1_171' title='bbox 567 3011 653 3074; x_wconf 84' lang='lat' dir='ltr'>splen·</span> <span class='ocrx_word' id='word_1_172' title='bbox 706 3007 833 3058; x_wconf 75' lang='lat' dir='ltr'>crucifixi</span> <span class='ocrx_word' id='word_1_173' title='bbox 863 3008 983 3057; x_wconf 75' lang='lat' dir='ltr'>brachiis</span> <span class='ocrx_word' id='word_1_174' title='bbox 1013 3006 1039 3055; x_wconf 92' lang='lat' dir='ltr'>in</span> <span class='ocrx_word' id='word_1_175' title='bbox 1069 3007 1154 3056; x_wconf 90' lang='lat' dir='ltr'>altum</span> <span class='ocrx_word' id='word_1_176' title='bbox 1184 3021 1227 3056; x_wconf 80' lang='lat' dir='ltr'>ex·</span> 
     </span>
     <span class='ocr_line' id='line_1_25' title="bbox 135 3082 1227 3151; baseline -0.007 -12"><span class='ocrx_word' id='word_1_177' title='bbox 135 3091 226 3140; x_wconf 91' lang='lat' dir='ltr'>dorem</span> <span class='ocrx_word' id='word_1_178' title='bbox 241 3087 458 3150; x_wconf 84' lang='lat' dir='ltr'>Patris,&#39;’modo</span> <span class='ocrx_word' id='word_1_179' title='bbox 472 3088 497 3136; x_wconf 91' lang='lat' dir='ltr'>in</span> <span class='ocrx_word' id='word_1_180' title='bbox 512 3087 595 3137; x_wconf 90' lang='lat' dir='ltr'>altari</span> <span class='ocrx_word' id='word_1_181' title='bbox 605 3102 654 3151; x_wconf 90' lang='lat' dir='ltr'>pro</span> <span class='ocrx_word' id='word_1_182' title='bbox 707 3084 801 3147; x_wconf 88' lang='lat' dir='ltr'>pansis</span> <span class='ocrx_word' id='word_1_183' title='bbox 815 3089 843 3134; x_wconf 84' lang='lat' dir='ltr'>et</span> <span class='ocrx_word' id='word_1_184' title='bbox 860 3083 1006 3147; x_wconf 85' lang='lat' dir='ltr'>imaginem</span> <span class='ocrx_word' id='word_1_185' title='bbox 1023 3083 1053 3132; x_wconf 89' lang='lat' dir='ltr'>B.</span> <span class='ocrx_word' id='word_1_186' title='bbox 1070 3083 1107 3132; x_wconf 78' lang='lat' dir='ltr'>M.</span> <span class='ocrx_word' id='word_1_187' title='bbox 1125 3082 1156 3131; x_wconf 82' lang='lat' dir='ltr'>V.</span> <span class='ocrx_word' id='word_1_188' title='bbox 1174 3082 1227 3131; x_wconf 92' lang='lat' dir='ltr'>dic·</span> 
     </span>
     <span class='ocr_line' id='line_1_26' title="bbox 133 3162 1228 3227; baseline -0.007 -11"><span class='ocrx_word' id='word_1_189' title='bbox 133 3167 227 3217; x_wconf 91' lang='lat' dir='ltr'>mundi</span> <span class='ocrx_word' id='word_1_190' title='bbox 245 3167 334 3217; x_wconf 85' lang='lat' dir='ltr'>salute</span> <span class='ocrx_word' id='word_1_191' title='bbox 351 3180 380 3216; x_wconf 87' lang='lat' dir='ltr'>se</span> <span class='ocrx_word' id='word_1_192' title='bbox 397 3165 507 3227; x_wconf 79' lang='lat' dir='ltr'>offerre,</span> <span class='ocrx_word' id='word_1_193' title='bbox 524 3164 582 3227; x_wconf 88' lang='lat' dir='ltr'>jam</span> <span class='ocrx_word' id='word_1_194' title='bbox 602 3165 654 3214; x_wconf 89' lang='lat' dir='ltr'>ine·</span> <span class='ocrx_word' id='word_1_195' title='bbox 708 3169 761 3211; x_wconf 89' lang='lat' dir='ltr'>tam</span> <span class='ocrx_word' id='word_1_196' title='bbox 783 3163 912 3214; x_wconf 80' lang='lat' dir='ltr'>Dominae</span> <span class='ocrx_word' id='word_1_197' title='bbox 930 3168 1038 3212; x_wconf 88' lang='lat' dir='ltr'>nostrae</span> <span class='ocrx_word' id='word_1_198' title='bbox 1057 3162 1105 3212; x_wconf 83' lang='lat' dir='ltr'>SS.</span> <span class='ocrx_word' id='word_1_199' title='bbox 1125 3162 1228 3225; x_wconf 85' lang='lat' dir='ltr'>Cordis,</span> 
     </span>
     <span class='ocr_line' id='line_1_27' title="bbox 135 3235 1228 3306; baseline -0.009 -12"><span class='ocrx_word' id='word_1_200' title='bbox 135 3250 201 3295; x_wconf 84' lang='lat' dir='ltr'>unte</span> <span class='ocrx_word' id='word_1_201' title='bbox 240 3245 347 3294; x_wconf 84' lang='lat' dir='ltr'>saeculo</span> <span class='ocrx_word' id='word_1_202' title='bbox 386 3241 463 3292; x_wconf 77' lang='lat' dir='ltr'>xvi.</span> <span class='ocrx_word' id='word_1_203' title='bbox 502 3241 655 3306; x_wconf 82' lang='lat' dir='ltr'>reperiatur</span> <span class='ocrx_word' id='word_1_204' title='bbox 705 3253 764 3286; x_wconf 91' lang='lat' dir='ltr'>cum</span> <span class='ocrx_word' id='word_1_205' title='bbox 789 3253 871 3302; x_wconf 87' lang='lat' dir='ltr'>puero</span> <span class='ocrx_word' id='word_1_206' title='bbox 894 3237 960 3287; x_wconf 85' lang='lat' dir='ltr'>Jesu</span> <span class='ocrx_word' id='word_1_207' title='bbox 984 3252 1036 3286; x_wconf 94' lang='lat' dir='ltr'>non</span> <span class='ocrx_word' id='word_1_208' title='bbox 1062 3238 1087 3285; x_wconf 91' lang='lat' dir='ltr'>in</span> <span class='ocrx_word' id='word_1_209' title='bbox 1110 3235 1228 3285; x_wconf 86' lang='lat' dir='ltr'>brachiis</span> 
     </span>
     <span class='ocr_line' id='line_1_28' title="bbox 139 3310 1227 3382; baseline -0.015 -11"><span class='ocrx_word' id='word_1_210' title='bbox 139 3321 298 3382; x_wconf 85' lang='lat' dir='ltr'>(Hardouin</span> <span class='ocrx_word' id='word_1_211' title='bbox 320 3320 354 3370; x_wconf 85' lang='lat' dir='ltr'>X.</span> <span class='ocrx_word' id='word_1_212' title='bbox 378 3320 472 3381; x_wconf 81' lang='lat'>1850),</span> <span class='ocrx_word' id='word_1_213' title='bbox 492 3319 572 3368; x_wconf 88' lang='lat' dir='ltr'>hodie</span> <span class='ocrx_word' id='word_1_214' title='bbox 593 3333 656 3367; x_wconf 89' lang='lat' dir='ltr'>vero</span> <span class='ocrx_word' id='word_1_215' title='bbox 705 3314 751 3362; x_wconf 83' lang='lat' dir='ltr'>sed</span> <span class='ocrx_word' id='word_1_216' title='bbox 778 3314 813 3362; x_wconf 86' lang='lat' dir='ltr'>ad</span> <span class='ocrx_word' id='word_1_217' title='bbox 839 3313 921 3376; x_wconf 87' lang='lat' dir='ltr'>pedes</span> <span class='ocrx_word' id='word_1_218' title='bbox 946 3311 1137 3376; x_wconf 84' lang='lat' dir='ltr'>posito-Nec</span> <span class='ocrx_word' id='word_1_219' title='bbox 1165 3310 1227 3358; x_wconf 85' lang='lat' dir='ltr'>licet</span> 
     </span>
     <span class='ocr_line' id='line_1_29' title="bbox 133 3382 1227 3462; baseline -0.01 -13"><span class='ocrx_word' id='word_1_220' title='bbox 133 3399 195 3450; x_wconf 76' lang='lat' dir='ltr'>rere</span> <span class='ocrx_word' id='word_1_221' title='bbox 212 3398 311 3462; x_wconf 79' lang='lat' dir='ltr'>ubique</span> <span class='ocrx_word' id='word_1_222' title='bbox 329 3397 356 3445; x_wconf 88' lang='lat' dir='ltr'>in</span> <span class='ocrx_word' id='word_1_223' title='bbox 376 3396 581 3446; x_wconf 78' lang='lat' dir='ltr'>desuetudinem</span> <span class='ocrx_word' id='word_1_224' title='bbox 599 3394 655 3444; x_wconf 83' lang='lat' dir='ltr'>abi·</span> <span class='ocrx_word' id='word_1_225' title='bbox 707 3400 840 3450; x_wconf 78' lang='lat' dir='ltr'>exponere</span> <span class='ocrx_word' id='word_1_226' title='bbox 868 3385 894 3433; x_wconf 86' lang='lat' dir='ltr'>in</span> <span class='ocrx_word' id='word_1_227' title='bbox 924 3400 978 3435; x_wconf 81' lang='lat' dir='ltr'>uua</span> <span class='ocrx_word' id='word_1_228' title='bbox 1005 3385 1151 3447; x_wconf 80' lang='lat' dir='ltr'>eademque</span> <span class='ocrx_word' id='word_1_229' title='bbox 1179 3382 1227 3432; x_wconf 72' lang='lat' dir='ltr'>Eo·</span> 
     </span>
     <span class='ocr_line' id='line_1_30' title="bbox 133 3461 1226 3537; baseline -0.016 -12"><span class='ocrx_word' id='word_1_230' title='bbox 133 3476 196 3533; x_wconf 83' lang='lat' dir='ltr'>erit,</span> <span class='ocrx_word' id='word_1_231' title='bbox 213 3478 303 3525; x_wconf 87' lang='lat' dir='ltr'>tamen</span> <span class='ocrx_word' id='word_1_232' title='bbox 322 3488 370 3537; x_wconf 82' lang='lat' dir='ltr'>per</span> <span class='ocrx_word' id='word_1_233' title='bbox 387 3472 562 3522; x_wconf 89' lang='lat' dir='ltr'>Ordinarinm</span> <span class='ocrx_word' id='word_1_234' title='bbox 578 3485 655 3535; x_wconf 86' lang='lat' dir='ltr'>prae-</span> <span class='ocrx_word' id='word_1_235' title='bbox 707 3462 791 3512; x_wconf 88' lang='lat' dir='ltr'>clesia</span> <span class='ocrx_word' id='word_1_236' title='bbox 809 3475 892 3525; x_wconf 89' lang='lat' dir='ltr'>eoque</span> <span class='ocrx_word' id='word_1_237' title='bbox 911 3461 999 3525; x_wconf 84' lang='lat' dir='ltr'>magis</span> <span class='ocrx_word' id='word_1_238' title='bbox 1017 3461 1044 3508; x_wconf 95' lang='lat' dir='ltr'>in</span> <span class='ocrx_word' id='word_1_239' title='bbox 1064 3475 1117 3508; x_wconf 92' lang='lat' dir='ltr'>uno</span> <span class='ocrx_word' id='word_1_240' title='bbox 1135 3461 1226 3510; x_wconf 86' lang='lat' dir='ltr'>eodem</span> 
     </span>
    </p>
   </div>
   <div class='ocr_carea' id='block_1_5' title="bbox 132 3536 1228 3678">
    <p class='ocr_par' dir='ltr' id='par_1_9' title="bbox 132 3536 1228 3678">
     <span class='ocr_line' id='line_1_31' title="bbox 132 3536 1228 3617; baseline -0.014 -18"><span class='ocrx_word' id='word_1_241' title='bbox 132 3556 190 3617; x_wconf 79' lang='lat' dir='ltr'>cipi</span> <span class='ocrx_word' id='word_1_242' title='bbox 209 3555 307 3616; x_wconf 82' lang='lat' dir='ltr'>potest.</span> <span class='ocrx_word' id='word_1_243' title='bbox 338 3550 370 3599; x_wconf 87' lang='lat' dir='ltr'>D.</span> <span class='ocrx_word' id='word_1_244' title='bbox 392 3549 510 3599; x_wconf 77' lang='lat' dir='ltr'>29.Ju1.</span> <span class='ocrx_word' id='word_1_245' title='bbox 534 3548 609 3609; x_wconf 73' lang='lat'>1904,</span> <span class='ocrx_word' id='word_1_246' title='bbox 629 3562 655 3597; x_wconf 83' lang='lat' dir='ltr'>n,</span> <span class='ocrx_word' id='word_1_247' title='bbox 708 3537 799 3589; x_wconf 81' lang='lat' dir='ltr'>Altari</span> <span class='ocrx_word' id='word_1_248' title='bbox 831 3539 922 3603; x_wconf 88' lang='lat' dir='ltr'>plures</span> <span class='ocrx_word' id='word_1_249' title='bbox 952 3537 1085 3600; x_wconf 84' lang='lat' dir='ltr'>imagines</span> <span class='ocrx_word' id='word_1_250' title='bbox 1114 3536 1228 3587; x_wconf 90' lang='lat' dir='ltr'>eundem</span> 
     </span>
     <span class='ocr_line' id='line_1_32' title="bbox 133 3613 1227 3678; baseline -0.016 0"><span class='ocrx_word' id='word_1_251' title='bbox 133 3629 212 3678; x_wconf 73' lang='lat'>4141.</span> <span class='ocrx_word' id='word_1_252' title='bbox 230 3629 254 3677; x_wconf 83' lang='lat'>6.</span> <span class='ocrx_word' id='word_1_253' title='bbox 708 3615 847 3673; x_wconf 80' lang='lat' dir='ltr'>Coclitem,</span> <span class='ocrx_word' id='word_1_254' title='bbox 876 3616 918 3664; x_wconf 79' lang='lat' dir='ltr'>vel</span> <span class='ocrx_word' id='word_1_255' title='bbox 948 3614 971 3663; x_wconf 88' lang='lat' dir='ltr'>si</span> <span class='ocrx_word' id='word_1_256' title='bbox 1002 3618 1102 3675; x_wconf 79' lang='lat' dir='ltr'>agatur</span> <span class='ocrx_word' id='word_1_257' title='bbox 1133 3614 1165 3662; x_wconf 90' lang='lat' dir='ltr'>de</span> <span class='ocrx_word' id='word_1_258' title='bbox 1196 3613 1227 3661; x_wconf 94' lang='lat' dir='ltr'>B.</span> 
     </span>
    </p>
   </div>
   <div class='ocr_carea' id='block_1_6' title="bbox 172 3689 1229 3765">
    <p class='ocr_par' dir='ltr' id='par_1_10' title="bbox 172 3689 1229 3765">
     <span class='ocr_line' id='line_1_33' title="bbox 172 3689 1229 3765; baseline -0.014 -14"><span class='ocrx_word' id='word_1_259' title='bbox 172 3711 198 3744; x_wconf 78' lang='lat'>⁴¹</span> <span class='ocrx_word' id='word_1_260' title='bbox 218 3704 256 3753; x_wconf 70' lang='lat' dir='ltr'>t&#39;t</span> <span class='ocrx_word' id='word_1_261' title='bbox 285 3704 376 3752; x_wconf 82' lang='lat' dir='ltr'>vinum</span> <span class='ocrx_word' id='word_1_262' title='bbox 406 3702 442 3753; x_wconf 81' lang='lat' dir='ltr'>ab</span> <span class='ocrx_word' id='word_1_263' title='bbox 472 3716 542 3765; x_wconf 71' lang='lat' dir='ltr'>aqua</span> <span class='ocrx_word' id='word_1_264' title='bbox 573 3700 656 3750; x_wconf 61' lang='lat' dir='ltr'>facile</span> <span class='ocrx_word' id='word_1_265' title='bbox 708 3690 1027 3756; x_wconf 72' lang='lat' dir='ltr'>ll.V.,Deiparamsub</span> <span class='ocrx_word' id='word_1_266' title='bbox 1040 3689 1229 3741; x_wconf 86' lang='lat' dir='ltr'>eodcmtitulo</span> 
     </span>
    </p>
   </div>
   <div class='ocr_carea' id='block_1_7' title="bbox 132 3765 1229 3915">
    <p class='ocr_par' dir='ltr' id='par_1_11' title="bbox 132 3765 1229 3915">
     <span class='ocr_line' id='line_1_34' title="bbox 132 3765 1227 3845; baseline -0.012 -12"><span class='ocrx_word' id='word_1_267' title='bbox 132 3783 332 3845; x_wconf 85' lang='lat' dir='ltr'>distinguatur,</span> <span class='ocrx_word' id='word_1_268' title='bbox 346 3785 373 3830; x_wconf 87' lang='lat' dir='ltr'>et</span> <span class='ocrx_word' id='word_1_269' title='bbox 388 3780 423 3831; x_wconf 86' lang='lat' dir='ltr'>ob</span> <span class='ocrx_word' id='word_1_270' title='bbox 437 3778 606 3829; x_wconf 88' lang='lat' dir='ltr'>munditiem.</span> <span class='ocrx_word' id='word_1_271' title='bbox 709 3769 860 3818; x_wconf 66' lang='grc' dir='ltr'>ῐθῖθῐθηῖθδ</span> <span class='ocrx_word' id='word_1_272' title='bbox 885 3766 932 3827; x_wconf 79' lang='lat' dir='ltr'>(D-</span> <span class='ocrx_word' id='word_1_273' title='bbox 954 3767 987 3815; x_wconf 76' lang='lat'>20</span> <span class='ocrx_word' id='word_1_274' title='bbox 1017 3765 1082 3815; x_wconf 70' lang='lat' dir='ltr'>Mal·</span> <span class='ocrx_word' id='word_1_275' title='bbox 1107 3765 1181 3827; x_wconf 82' lang='grc'><strong>1890,</strong></span> <span class='ocrx_word' id='word_1_276' title='bbox 1202 3780 1227 3814; x_wconf 86' lang='lat'>¹¹·</span> 
     </span>
     <span class='ocr_line' id='line_1_35' title="bbox 170 3843 1229 3915; baseline -0.007 -17"><span class='ocrx_word' id='word_1_277' title='bbox 170 3866 196 3898; x_wconf 78' lang='lat' dir='ltr'><em>u</em></span> <span class='ocrx_word' id='word_1_278' title='bbox 216 3858 303 3915; x_wconf 53' lang='lat' dir='ltr'>Gonu,</span> <span class='ocrx_word' id='word_1_279' title='bbox 708 3843 981 3903; x_wconf 63' lang='lat' dir='ltr'>amau-imagines</span> <span class='ocrx_word' id='word_1_280' title='bbox 1029 3843 1147 3890; x_wconf 81' lang='lat' dir='ltr'>virorum</span> <span class='ocrx_word' id='word_1_281' title='bbox 1197 3856 1229 3891; x_wconf 89' lang='lat' dir='ltr'>ac</span> 
     </span>
    </p>
   </div>
   <div class='ocr_carea' id='block_1_8' title="bbox 130 3919 1229 4231">
    <p class='ocr_par' dir='ltr' id='par_1_12' title="bbox 130 3919 1229 4231">
     <span class='ocr_line' id='line_1_36' title="bbox 172 3919 1228 4000; baseline -0.014 -18"><span class='ocrx_word' id='word_1_282' title='bbox 172 3943 198 3975; x_wconf 72' lang='lat'>¹³</span> <span class='ocrx_word' id='word_1_283' title='bbox 218 3935 250 3984; x_wconf 84' lang='lat' dir='ltr'>D.</span> <span class='ocrx_word' id='word_1_284' title='bbox 267 3937 306 3985; x_wconf 84' lang='lat' dir='ltr'>lst,</span> <span class='ocrx_word' id='word_1_285' title='bbox 320 3933 394 4000; x_wconf 83' lang='lat' dir='ltr'>Sept.</span> <span class='ocrx_word' id='word_1_286' title='bbox 411 3934 486 3988; x_wconf 80' lang='lat'>1898.</span> <span class='ocrx_word' id='word_1_287' title='bbox 500 3949 525 3982; x_wconf 94' lang='lat' dir='ltr'>n.</span> <span class='ocrx_word' id='word_1_288' title='bbox 539 3933 615 3981; x_wconf 74' lang='lat' dir='ltr'>loco.</span> <span class='ocrx_word' id='word_1_289' title='bbox 631 3931 654 3979; x_wconf 82' lang='lat'>3.</span> <span class='ocrx_word' id='word_1_290' title='bbox 708 3922 858 3978; x_wconf 83' lang='lat' dir='ltr'>mulierum,</span> <span class='ocrx_word' id='word_1_291' title='bbox 876 3921 921 3983; x_wconf 85' lang='lat' dir='ltr'>qni</span> <span class='ocrx_word' id='word_1_292' title='bbox 946 3957 952 3969; x_wconf 90' lang='lat'><strong>.</strong></span> <span class='ocrx_word' id='word_1_293' title='bbox 980 3958 986 3968; x_wconf 94' lang='lat'><em>.</em></span> <span class='ocrx_word' id='word_1_294' title='bbox 1013 3958 1018 3969; x_wconf 92' lang='lat'><strong>.</strong></span> <span class='ocrx_word' id='word_1_295' title='bbox 1043 3919 1159 3968; x_wconf 88' lang='lat' dir='ltr'>nondum</span> <span class='ocrx_word' id='word_1_296' title='bbox 1180 3919 1228 3968; x_wconf 89' lang='lat' dir='ltr'>Be·</span> 
     </span>
     <span class='ocr_line' id='line_1_37' title="bbox 168 3995 1225 4072; baseline -0.009 -20"><span class='ocrx_word' id='word_1_297' title='bbox 168 4013 298 4062; x_wconf 65' lang='lat' dir='ltr'>sessluon</span> <span class='ocrx_word' id='word_1_298' title='bbox 327 4012 390 4063; x_wconf 61' lang='lat' dir='ltr'>licet</span> <span class='ocrx_word' id='word_1_299' title='bbox 418 4007 552 4072; x_wconf 62' lang='lat' dir='ltr'>imagines</span> <span class='ocrx_word' id='word_1_300' title='bbox 579 4022 656 4072; x_wconf 74' lang='lat' dir='ltr'>expo·</span> <span class='ocrx_word' id='word_1_301' title='bbox 711 3997 890 4048; x_wconf 83' lang='lat' dir='ltr'>stificatioaia</span> <span class='ocrx_word' id='word_1_302' title='bbox 921 4001 968 4046; x_wconf 86' lang='lat' dir='ltr'>aut</span> <span class='ocrx_word' id='word_1_303' title='bbox 1002 3995 1225 4045; x_wconf 83' lang='lat' dir='ltr'>Canonizationis</span> 
     </span>
     <span class='ocr_line' id='line_1_38' title="bbox 130 4071 1228 4140; baseline -0.018 -1"><span class='ocrx_word' id='word_1_304' title='bbox 130 4105 197 4140; x_wconf 82' lang='lat' dir='ltr'>nere</span> <span class='ocrx_word' id='word_1_305' title='bbox 223 4105 282 4139; x_wconf 87' lang='lat' dir='ltr'>cum</span> <span class='ocrx_word' id='word_1_306' title='bbox 309 4088 363 4138; x_wconf 89' lang='lat' dir='ltr'>alio</span> <span class='ocrx_word' id='word_1_307' title='bbox 391 4085 487 4136; x_wconf 84' lang='lat' dir='ltr'>habitu</span> <span class='ocrx_word' id='word_1_308' title='bbox 512 4089 541 4134; x_wconf 89' lang='lat' dir='ltr'>et</span> <span class='ocrx_word' id='word_1_309' title='bbox 568 4082 656 4131; x_wconf 83' lang='lat' dir='ltr'>forma</span> <span class='ocrx_word' id='word_1_310' title='bbox 708 4076 822 4125; x_wconf 84' lang='lat' dir='ltr'>honores</span> <span class='ocrx_word' id='word_1_311' title='bbox 838 4073 973 4123; x_wconf 80' lang='lat' dir='ltr'>consecuti</span> <span class='ocrx_word' id='word_1_312' title='bbox 992 4075 1064 4132; x_wconf 84' lang='lat' dir='ltr'>sunt,</span> <span class='ocrx_word' id='word_1_313' title='bbox 1082 4086 1166 4134; x_wconf 86' lang='lat' dir='ltr'>neque</span> <span class='ocrx_word' id='word_1_314' title='bbox 1185 4071 1228 4120; x_wconf 76' lang='grc' dir='ltr'>ΑΙ-</span> 
     </span>
     <span class='ocr_line' id='line_1_39' title="bbox 132 4147 1229 4231; baseline -0.021 -14"><span class='ocrx_word' id='word_1_315' title='bbox 132 4182 214 4231; x_wconf 79' lang='lat' dir='ltr'>qaam</span> <span class='ocrx_word' id='word_1_316' title='bbox 246 4167 272 4214; x_wconf 93' lang='lat' dir='ltr'>in</span> <span class='ocrx_word' id='word_1_317' title='bbox 303 4164 439 4215; x_wconf 82' lang='lat' dir='ltr'>catholica</span> <span class='ocrx_word' id='word_1_318' title='bbox 469 4159 591 4210; x_wconf 83' lang='lat' dir='ltr'>Ecclesia</span> <span class='ocrx_word' id='word_1_319' title='bbox 620 4158 656 4208; x_wconf 90' lang='lat' dir='ltr'>ab</span> <span class='ocrx_word' id='word_1_320' title='bbox 708 4151 815 4201; x_wconf 81' lang='lat' dir='ltr'>laribus</span> <span class='ocrx_word' id='word_1_321' title='bbox 831 4155 974 4212; x_wconf 84' lang='lat' dir='ltr'>utcumque</span> <span class='ocrx_word' id='word_1_322' title='bbox 990 4147 1090 4212; x_wconf 89' lang='lat' dir='ltr'>imponi</span> <span class='ocrx_word' id='word_1_323' title='bbox 1107 4152 1229 4212; x_wconf 84' lang='lat' dir='ltr'>possunt,</span> 
     </span>
    </p>
   </div>
   <div class='ocr_carea' id='block_1_9' title="bbox 130 4223 1229 4373">
    <p class='ocr_par' dir='ltr' id='par_1_13' title="bbox 130 4223 1229 4373">
     <span class='ocr_line' id='line_1_40' title="bbox 131 4223 1228 4306; baseline -0.019 -13"><span class='ocrx_word' id='word_1_324' title='bbox 131 4245 248 4306; x_wconf 80' lang='lat' dir='ltr'>antiquo</span> <span class='ocrx_word' id='word_1_325' title='bbox 264 4247 385 4303; x_wconf 87' lang='lat' dir='ltr'>tempore</span> <span class='ocrx_word' id='word_1_326' title='bbox 401 4235 570 4287; x_wconf 78' lang='lat' dir='ltr'>consuerit&#39;’</span> <span class='ocrx_word' id='word_1_327' title='bbox 591 4235 655 4295; x_wconf 89' lang='lat' dir='ltr'>(Ur-</span> <span class='ocrx_word' id='word_1_328' title='bbox 708 4243 793 4291; x_wconf 83' lang='lat' dir='ltr'>neone</span> <span class='ocrx_word' id='word_1_329' title='bbox 812 4231 890 4276; x_wconf 79' lang='lat' dir='ltr'>extra</span> <span class='ocrx_word' id='word_1_330' title='bbox 910 4225 1020 4275; x_wconf 82' lang='lat' dir='ltr'>Altaria</span> <span class='ocrx_word' id='word_1_331' title='bbox 1038 4223 1148 4288; x_wconf 76' lang='lat' dir='ltr'>depingi</span> <span class='ocrx_word' id='word_1_332' title='bbox 1169 4239 1228 4272; x_wconf 91' lang='lat' dir='ltr'>cum</span> 
     </span>
     <span class='ocr_line' id='line_1_41' title="bbox 130 4301 1229 4373; baseline -0.021 -4"><span class='ocrx_word' id='word_1_333' title='bbox 130 4322 223 4371; x_wconf 68' lang='lat' dir='ltr'>banus</span> <span class='ocrx_word' id='word_1_334' title='bbox 247 4316 362 4373; x_wconf 60' lang='lat' dir='ltr'>villo:</span> <span class='ocrx_word' id='word_1_335' title='bbox 390 4329 437 4364; x_wconf 88' lang='lat' dir='ltr'>nec</span> <span class='ocrx_word' id='word_1_336' title='bbox 462 4313 525 4362; x_wconf 87' lang='lat' dir='ltr'>licet</span> <span class='ocrx_word' id='word_1_337' title='bbox 550 4312 604 4360; x_wconf 92' lang='lat' dir='ltr'>ullo</span> <span class='ocrx_word' id='word_1_338' title='bbox 628 4310 655 4358; x_wconf 93' lang='lat' dir='ltr'>in</span> <span class='ocrx_word' id='word_1_339' title='bbox 708 4304 833 4359; x_wconf 80' lang='lat' dir='ltr'>aureolis.</span> <span class='ocrx_word' id='word_1_340' title='bbox 853 4302 938 4351; x_wconf 86' lang='lat' dir='ltr'>radiis</span> <span class='ocrx_word' id='word_1_341' title='bbox 957 4301 1052 4351; x_wconf 75' lang='lat' dir='ltr'>aliisve</span> <span class='ocrx_word' id='word_1_342' title='bbox 1071 4301 1229 4349; x_wconf 81' lang='lat' dir='ltr'>sanctitatis</span> 
     </span>
    </p>
   </div>
   <div class='ocr_carea' id='block_1_10' title="bbox 132 4377 1227 4538">
    <p class='ocr_par' dir='ltr' id='par_1_14' title="bbox 132 4377 1227 4538">
     <span class='ocr_line' id='line_1_42' title="bbox 132 4377 1227 4459; baseline -0.027 -11"><span class='ocrx_word' id='word_1_343' title='bbox 132 4398 192 4448; x_wconf 83' lang='lat' dir='ltr'>loeo</span> <span class='ocrx_word' id='word_1_344' title='bbox 216 4391 352 4459; x_wconf 81' lang='lat' dir='ltr'>[publico]</span> <span class='ocrx_word' id='word_1_345' title='bbox 377 4391 495 4454; x_wconf 89' lang='lat' dir='ltr'>aliquam</span> <span class='ocrx_word' id='word_1_346' title='bbox 518 4388 654 4436; x_wconf 84' lang='lat' dir='ltr'>insolitam</span> <span class='ocrx_word' id='word_1_347' title='bbox 708 4380 795 4443; x_wconf 83' lang='lat' dir='ltr'>signis</span> <span class='ocrx_word' id='word_1_348' title='bbox 832 4379 878 4439; x_wconf 90' lang='grc'><strong>(1),</strong></span> <span class='ocrx_word' id='word_1_349' title='bbox 914 4379 953 4428; x_wconf 79' lang='lat'>14.</span> <span class='ocrx_word' id='word_1_350' title='bbox 987 4377 1058 4443; x_wconf 85' lang='lat' dir='ltr'>Aug.</span> <span class='ocrx_word' id='word_1_351' title='bbox 1094 4377 1170 4433; x_wconf 70' lang='lat'><strong>1894,</strong></span> <span class='ocrx_word' id='word_1_352' title='bbox 1202 4390 1227 4426; x_wconf 80' lang='lat' dir='ltr'>n.</span> 
     </span>
     <span class='ocr_line' id='line_1_43' title="bbox 132 4457 804 4538; baseline -0.016 -16"><span class='ocrx_word' id='word_1_353' title='bbox 132 4485 234 4538; x_wconf 81' lang='lat' dir='ltr'>ponere</span> <span class='ocrx_word' id='word_1_354' title='bbox 266 4468 412 4535; x_wconf 81' lang='lat' dir='ltr'>imaginem</span> <span class='ocrx_word' id='word_1_355' title='bbox 443 4463 497 4518; x_wconf 82' lang='lat' dir='ltr'>nisi</span> <span class='ocrx_word' id='word_1_356' title='bbox 527 4463 563 4516; x_wconf 85' lang='lat' dir='ltr'>ab</span> <span class='ocrx_word' id='word_1_357' title='bbox 593 4459 656 4530; x_wconf 49' lang='lat' dir='ltr'>Epir</span> <span class='ocrx_word' id='word_1_358' title='bbox 708 4457 804 4524; x_wconf 86' lang='lat'>3835).</span> 
     </span>
    </p>
   </div>
   <div class='ocr_carea' id='block_1_11' title="bbox 0 0 1410 4890">
    <p class='ocr_par' dir='ltr' id='par_1_15' title="bbox 0 0 1410 4890">
     <span class='ocr_line' id='line_1_44' title="bbox 0 0 1410 4890; baseline 0 0"><span class='ocrx_word' id='word_1_359' title='bbox 0 0 1410 4890; x_wconf 95' lang='lat' dir='ltr'> </span> 
     </span>
    </p>
   </div>
  </div>
 </body>
</html>
