2804 4890
150 732 191 800 ⁷6
231 741 286 800 nn
305 743 478 800 auouurs
501 742 783 801 osuuunuraus
806 742 1171 802 cnauuuoumuuu.

592 1003 707 1074 ΛΒΤ.
733 1002 799 1074 IV.
840 1042 843 1049 ·

438 1155 488 1207 nu
516 1156 679 1207 nrvnuso
706 1155 815 1208 vocrs
842 1152 951 1210 rone.

191 1291 243 1355 47.
266 1291 396 1373 Triplex
416 1312 474 1355 vox
495 1312 551 1373 pro
574 1293 670 1356 Missa
690 1294 813 1374 privata
834 1292 1056 1374 distinguitur,
1086 1313 1146 1356 vox
1167 1292 1241 1369 elta,

151 1385 254 1448 media
271 1390 302 1449 et
320 1390 445 1449 secreta.

197 1479 264 1547 Voa
284 1481 358 1552 olto,
379 1499 433 1541 seu
455 1480 560 1542 “clara
581 1480 627 1542 vel
650 1480 751 1545 elata'’
775 1480 830 1543 illa
850 1489 898 1544 est
920 1500 997 1561 quae
1019 1479 1242 1546 “audientibus

152 1574 197 1635 ita
211 1574 253 1636 sit
265 1573 507 1649 accommodata,
521 1579 557 1637 ut
570 1594 648 1654 quae
662 1574 821 1655 leguntur,
836 1573 1048 1654 intelligant.”
1081 1574 1153 1638 Vox
1167 1594 1242 1654 pau·

151 1666 219 1728 lum
233 1666 369 1747 deprimi
384 1671 496 1748 potest,
512 1670 572 1730 “ne
587 1667 748 1747 perturbet
764 1668 851 1743 alios,
866 1668 920 1747 qui
936 1669 1067 1729 fortasse
1084 1668 1118 1730 in
1133 1667 1241 1730 eadem

152 1760 291 1822 Ecclesia
308 1765 384 1822 tuuc
402 1762 552 1840 temporis
569 1759 756 1823 celebrant.''
800 1760 884 1823 Voce
901 1761 966 1823 alta
983 1761 1145 1834 dicuntur,
1165 1780 1243 1840 quae

152 1853 248 1915 Rubr.
263 1855 313 1916 tit.
329 1853 420 1915 XVI.
436 1854 633 1929 exhibentur,
648 1872 759 1933 nempe
772 1875 808 1916 ea
823 1874 900 1934 quae
915 1854 949 1914 in
965 1853 1062 1916 Missa
1076 1854 1209 1915 solemni
1224 1873 1241 1914 a

152 1946 345 2021 Celebraute‚
357 1968 375 2009 a
388 1968 411 2010 s.
426 1947 584 2010 Ministris
596 1954 627 2010 et
640 1967 657 2008 a
671 1947 773 2010 Clroro
786 1952 956 2010 cantantur
975 1950 1016 2025 (e.
1029 1967 1059 2027 g.
1074 1947 1241 2019 Introitus,

152 2040 318 2115 Graduale‚
338 2041 554 2116 Offertorium,
573 2040 771 2115 Commuuio,
790 2046 949 2121 praeterea
968 2041 1098 2104 initium
1117 2040 1242 2113 Missae,

151 2154 262 2215 nempe
281 2135 330 2196 Ps.
347 2135 466 2197 Jndico
482 2139 550 2209 etc,
567 2138 597 2196 et
616 2133 698 2209 finis,
715 2154 826 2215 nempe
842 2134 1026 2197 Benedictio
1042 2138 1073 2197 et
1090 2133 1242 2196 ultimum

152 2228 391 2307 Evangelium).

194 2324 221 2384 2.
248 2322 316 2383 Voa
338 2322 450 2393 medio,
473 2321 692 2384 “mediocriter
714 2320 828 2395 clara,’'
850 2341 904 2383 seu
926 2321 1160 2401 aliquantulum
1182 2319 1241 2384 ele

152 2421 232 2490 vata,
250 2435 328 2496 quae
347 2437 365 2478 a
384 2417 530 2479 ministro
548 2420 579 2478 ct
598 2436 616 2477 a
635 2416 774 2496 proxime
794 2414 991 2477 adstantibus
1010 2413 1170 2490 audiatur,
1188 2412 1241 2476 sed

150 2509 324 2590 depressior
341 2529 434 2588 quam
453 2530 509 2572 vox
526 2509 599 2571 alta.
647 2510 727 2571 l'oce
745 2509 847 2571 media
865 2509 1033 2570 dicuntur:

198 2604 249 2681 (a)
278 2603 372 2665 Orate
390 2604 517 2683 fratres,
536 2603 609 2663 haec
629 2602 691 2665 duo
711 2601 819 2678 rerba;

199 2696 251 2774 (b)
279 2696 424 2767 Sanctus,
441 2702 473 2757 et
490 2695 698 2767 Berrcdictns;

198 2790 247 2867 (c)
275 2788 375 2851 Nobis
394 2811 512 2869 ortoque
530 2790 743 2869 [incentoribus
762 2790 835 2850 haec
853 2789 916 2850 tria
933 2788 1042 2864 rerba;

198 2882 252 2961 (d)
280 2882 415 2945 Domine
433 2905 493 2944 uon
509 2905 579 2943 auur
597 2883 721 2962 dierum,
739 2884 812 2943 liaeo
828 2886 963 2961 quatuor
979 2882 1079 2945 verba.

193 2975 233 3035 In
253 2975 349 3037 Missa
367 2976 509 3049 solemni,
528 2997 566 3037 ue
584 2982 695 3036 caritus
714 2975 924 3054 perturbetur,
942 2995 976 3037 ea
996 2994 1073 3055 quae
1092 2976 1126 3037 in
1144 2974 1243 3037 Missa

150 3069 273 3149 privata
293 3069 444 3130 dicuntur
463 3070 545 3130 clara
568 3090 647 3143 uoce,
667 3090 683 3130 a
705 3068 888 3131 Celebraute
907 3069 1059 3130 dicuntur
1079 3088 1151 3130 voce
1171 3069 1242 3130 sub-

151 3162 255 3237 missa,
272 3163 291 3223 i.
308 3183 333 3224 e.
351 3162 462 3223 media.
512 3163 698 3241 (Terminus
715 3166 793 3224 “uox
810 3160 982 3223 subruissa''
999 3161 1169 3242 aliquando
1185 3181 1243 3241 pro

151 3276 222 3317 voee
237 3254 350 3330 media,
366 3255 536 3335 aliquando
551 3276 607 3335 pro
624 3277 694 3318 uoce
710 3261 826 3318 secreta
842 3256 1035 3334 adhibetur.)
1084 3255 1128 3317 At
1144 3256 1242 3317 Bene-

151 3348 248 3412 dictio
263 3350 296 3410 in
310 3348 372 3411 fine
388 3350 501 3410 Missae
515 3369 635 3429 semper
650 3370 719 3411 voce
733 3350 797 3410 altu
811 3349 938 3411 dieitur.

193 3446 221 3503 3.
249 3442 316 3504 Voa
330 3447 448 3505 secreta
464 3447 520 3517 cst,
537 3463 614 3522 quiue
632 3444 676 3504 ita
692 3444 853 3522 profertur
869 3443 924 3503 “ut
944 3441 1093 3505 Sacerdos
1110 3442 1242 3522 ipsemet

151 3557 182 3598 se
200 3536 331 3598 audiat¹
350 3541 381 3598 et
399 3557 417 3598 a
435 3536 710 3597 circumstantibus
729 3556 790 3597 non
811 3534 990 3596 erudiatur?
1033 3536 1106 3597 Alia
1125 3537 1242 3604 omnia.

151 3650 229 3710 quae
242 3631 275 3690 iu
287 3651 317 3691 n.
327 3630 391 3705 l,et
404 3634 433 3704 2,
445 3630 604 3709 pulpos-ilo
628 3648 689 3690 uon
703 3635 788 3701 silut,
800 3628 951 3690 dicuutur
962 3629 1019 3690 liae
1031 3649 1103 3691 voce
1114 3632 1241 3690 secreta.

186 3814 346 3879 ¹Quamris
367 3815 538 3880 probabilius
559 3815 602 3864 liic
629 3815 671 3876 (et
721 3815 887 3878 pronuntiet,
917 3818 1008 3864 tamen
1041 3814 1066 3862 iu
1098 3813 1242 3864 Consecra-

151 3890 178 3938 iu
193 3890 285 3941 divino
299 3892 386 3941 officio
400 3893 555 3948 recitando)
574 3892 608 3940 ad
626 3892 670 3940 im·
724 3890 798 3940 tioue
833 3895 862 3941 et
897 3891 968 3939 omui
1006 3889 1244 3941 Saerameutorum

149 3967 277 4031 plaudam
312 3966 450 4031 praecepti
488 3966 670 4016 sulslautiaru
727 3967 816 4017 forma
843 3981 908 4031 pars
934 3966 1021 4015 tutior
1048 3967 1168 4017 tenenda
1193 3971 1244 4029 est,

150 4055 203 4091 uon
218 4041 382 4105 requiratur,
397 4047 427 4090 ut
443 4041 575 4091 Sacerdos
589 4055 617 4091 se
633 4041 671 4106 ip·
722 4059 817 4109 nempe
832 4045 871 4094 ita
884 4043 1062 4108 pronuntiare
1075 4044 1166 4108 debet,
1176 4049 1206 4095 ut
1216 4059 1245 4095 se

150 4130 209 4166 sum
228 4117 333 4178 audiat,
351 4117 430 4167 modo
449 4131 543 4166 revera
561 4118 672 4179 organis
722 4120 819 4185 ipsum,
847 4120 964 4184 (secluso
986 4120 1121 4187 strepitu)
1148 4122 1245 4174 audire

150 4191 232 4256 vocis,
256 4206 309 4242 nou
333 4195 423 4245 mento
446 4196 563 4258 tautum,
588 4194 673 4246 verba
721 4197 816 4262 possit.
