2804 4890
14 39 1398 315 μ

198 700 256 761 116
297 707 351 763 DE
373 709 469 764 RITU
492 709 763 766 MINISTRANDI
788 710 831 766 IN
854 713 975 767 MISSA
1000 714 1180 770 Pulvere.

196 876 275 940 duos
301 878 348 940 vel
375 882 438 940 tres
463 897 580 959 passus.
631 879 665 941 Si
693 879 858 942 accedatur
885 881 924 942 ad
952 881 1061 944 Altare
1088 887 1160 945 ante
1187 903 1283 944 cornu

196 969 367 1050 Epistolae,
392 971 538 1034 minister
563 971 689 1048 recedit,
715 978 752 1035 ut
777 973 954 1036 Celebranti
980 974 1103 1036 aditum
1128 975 1282 1055 praebeat.

237 1068 266 1125 4.
289 1063 340 1126 Ad
355 1062 465 1128 Altare
480 1085 512 1126 se
526 1064 611 1128 sistit
626 1065 665 1127 ud
682 1065 825 1128 dextram
840 1066 1045 1144 Celebrantis,
1060 1069 1190 1148 ejusque
1205 1069 1283 1130 bire-

196 1161 267 1222 tum
286 1157 419 1238 accipit;
437 1157 622 1238 genuflectit
642 1159 676 1220 in
696 1159 800 1239 plano,
820 1161 943 1222 etiamsi
965 1160 1023 1222 SS.
1045 1161 1283 1224 Sacramentum

195 1252 231 1315 in
254 1251 358 1315 Alteri
383 1272 448 1315 non
472 1253 669 1314 asservetur⁸
693 1258 725 1315 et
748 1254 932 1316 transmisso
956 1253 995 1316 ad
1021 1253 1185 1317 brachium
1208 1255 1283 1317 sini·

194 1350 297 1408 atrum
313 1345 445 1423 Missali,
462 1365 557 1407 manu
574 1346 685 1408 dextra
700 1347 815 1428 accipit
831 1348 976 1410 biretum.

237 1439 365 1502 Missale
379 1438 520 1502 clausum
536 1440 672 1521 imponit
687 1440 785 1522 legili,
800 1445 948 1521 apertura
963 1442 1002 1504 ad
1019 1442 1159 1505 medium
1174 1442 1284 1505 Altare

195 1552 291 1595 versa.
335 1532 479 1597 Biretum
499 1533 566 1598 loco
586 1539 661 1614 apto
681 1538 770 1597 extra
790 1534 900 1598 Altera
919 1537 1021 1616 ponit,
1041 1537 1089 1599 vel
1110 1537 1284 1616 caputium,

194 1626 221 1687 si
238 1647 274 1690 eo
291 1625 458 1688 Celebrans
474 1631 594 1703 utatur,
611 1628 740 1710 ejusque
756 1629 908 1691 amictum
925 1630 1094 1710 componit.

238 1723 266 1781 5.
288 1720 420 1783 Accedit
436 1725 509 1784 ante
525 1721 642 1801 gradus
660 1721 699 1784 ad
717 1742 814 1784 cornu
833 1722 997 1803 Evangelii
1015 1723 1102 1787 etad
1121 1723 1284 1785 sinistram

196 1813 390 1877 Celebrantis
413 1814 579 1895 paululum
603 1818 686 1878 retro
709 1814 901 1895 genuflectit.

239 1906 341 1970 Simul
369 1928 441 1971 cum
471 1907 654 1972 Celebrante
682 1929 713 1971 se
741 1909 846 1989 signat
873 1909 962 1991 eique
990 1910 1136 1973 manibus
1164 1910 1284 1991 junctis

195 2000 370 2082 respondet.
413 2001 465 2063 Ad
486 2000 676 2065 Msisercotur
698 2002 746 2066 tui
767 2002 1000 2082 aliquantulum
1023 2003 1157 2066 inclinat
1178 2024 1283 2066 versus

196 2094 422 2160 Celebrantem.
462 2094 554 2158 Intra
572 2096 733 2176 Confiteor
749 2116 843 2158 suum
866 2097 946 2175 (non
965 2117 1036 2160 vero
1056 2096 1278 2176 Celebrantis,)

196 2188 353 2270 profunde
378 2188 513 2252 inclinat
536 2208 642 2251 versus
666 2189 786 2265 Altero,
809 2189 850 2251 ad
875 2189 934 2251 tibi
956 2190 1053 2253 Pater
1076 2194 1108 2252 et
1134 2195 1162 2254 te
1186 2191 1283 2255 Peter

193 2282 336 2365 paullum
363 2283 557 2346 convertitur
581 2282 622 2344 ad
649 2282 874 2346 Celebrantem.
922 2283 1094 2364 Postquam
1121 2284 1284 2365 respondit

194 2377 306 2450 ‚imam
326 2377 422 2456 erigit
441 2381 545 2456 caput.
588 2375 639 2438 Ad
658 2375 896 2457 indulgentium
918 2397 950 2440 se
971 2377 1086 2458 signat,
1107 2377 1284 2459 iterumque

192 2472 393 2538 mediocriter
407 2470 542 2535 inclinat
557 2470 598 2534 ad
615 2471 701 2535 Deus
718 2475 753 2534 tu
771 2491 944 2546 conuersus,
961 2474 1020 2536 etc.

236 2569 263 2625 6.
287 2563 364 2629 Post
391 2564 523 2627 Oramus
550 2565 652 2643 surgit
679 2563 810 2643 pedibus
836 2568 867 2625 et
894 2564 995 2625 albam
1025 2563 1219 2627 Celebrantis
1245 2584 1282 2627 cx

193 2664 281 2737 parte
298 2656 472 2720 anteriori²
490 2657 630 2720 sublevat
639 2676 648 2731 ;
664 2656 777 2720 deinde
793 2655 977 2737 genuflectit
993 2658 1028 2720 in
1044 2658 1155 2722 infimo
1170 2658 1282 2740 gradu,

194 2752 240 2814 vcl
263 2752 297 2814 in
320 2751 424 2833 plano,
447 2750 474 2813 si
496 2754 620 2831 praeter
642 2749 875 2831 suppedaneum
899 2751 1016 2830 gradus
1039 2771 1101 2814 non
1126 2752 1217 2814 adsit.

177 2910 183 2919 ‚
237 2845 350 2925 Signat
370 2865 401 2907 se
421 2844 529 2907 eodem
550 2848 689 2923 tempore
710 2864 770 2924 quo
793 2844 951 2919 Sacerdos,
973 2845 1128 2926 simulque
1148 2845 1282 2907 inclinat

191 2940 231 3002 ad
249 2940 391 3011 Oramus,
408 2960 523 3003 nornen
536 2939 561 3001 J
563 2958 642 3012 esus,
658 2937 772 3011 Mario,
787 2940 858 3016 etc,
875 2938 916 3002 ad
931 2938 1110 3004 Adoramus
1127 2944 1167 3014 te,
1185 2943 1242 3005 etc.

235 3030 367 3105 Quando
397 3036 470 3094 ante
501 3030 621 3091 Allaria
652 3030 786 3091 Crucem
815 3031 940 3106 transit,
972 3031 1129 3112 profunde
1159 3051 1280 3112 semper

190 3123 383 3205 genuflectit.

236 3217 363 3282 apost
391 3217 567 3299 Epistulam
602 3217 665 3297 (vel
696 3236 848 3297 quamque
877 3217 1090 3299 Prophetiam,
1120 3220 1145 3281 si
1175 3219 1281 3301 plures

193 3314 268 3389 sint,
294 3315 423 3393 excepta
449 3315 483 3373 5·
511 3310 653 3374 Danielis
680 3316 711 3374 et
738 3311 773 3372 in
799 3310 879 3372 feria
905 3310 963 3373 VI.
992 3311 1025 3372 in
1054 3311 1222 3375 Parasceve
1249 3317 1280 3376 et

193 3407 328 3470 Subbato
346 3407 470 3483 sancto)
495 3405 590 3467 dicit:
610 3405 676 3468 Deo
695 3404 824 3485 pretias,
844 3409 936 3485 atque
955 3409 1026 3485 post
1045 3425 1123 3480 eam,
1143 3405 1190 3468 vel
1210 3410 1280 3486 post

192 3500 394 3582 Sequentiam
421 3499 467 3562 vel
496 3498 647 3560 Tractum
673 3497 803 3577 longum
831 3499 951 3577 surgit3
977 3498 1101 3577 quando
1130 3499 1279 3563 Sacerdos

191 3595 277 3657 venit
292 3593 332 3656 ad
348 3592 488 3656 medium
505 3590 624 3667 Altam,
641 3590 754 3653 transit
772 3590 811 3652 ad
828 3611 925 3652 cornu
943 3591 1113 3670 Epistolae,
1129 3597 1161 3654 et
1177 3593 1280 3655 deiert

190 3686 282 3769 legile
296 3686 343 3751 vel
358 3686 519 3749 cussinum
533 3705 604 3747 cum
620 3683 752 3759 Missali‚
767 3705 798 3748 se
812 3688 935 3746 vertens
949 3685 988 3746 ad
1004 3705 1093 3747 suam
1106 3685 1279 3763 sinistram,

191 3782 332 3863 illudque
358 3780 397 3843 ad
426 3778 509 3842 letus
537 3777 700 3858 Evangelii
730 3776 853 3857 oblique
880 3798 973 3859 super
1002 3777 1111 3842 Altare
1138 3778 1277 3844 collocat.

191 3873 360 3939 Descendit
389 3873 427 3935 de
456 3871 654 3954 suppedaneo
682 3870 721 3933 ad
752 3870 834 3932 latua
864 3871 1028 3950 Evangelii
1058 3871 1162 3952 ibique
1191 3875 1278 3935 staua

191 3968 356 4050 respondet
383 3971 415 4028 ct
442 3987 473 4027 se
501 3969 604 4047 signat
633 3965 725 4026 sicuti
756 3964 913 4026 Sacerdos.
964 3965 1014 4025 Ad
1042 3985 1156 4029 nomen
1184 3967 1279 4030 Jcsus

196 4062 258 4142 (vel
287 4060 380 4142 paulo
407 4065 477 4141 post
505 4059 632 4121 initium
661 4058 842 4138 Evangelii)
877 4058 1010 4121 inclinat
1036 4063 1068 4121 et
1096 4060 1211 4122 transit
1238 4060 1277 4123 ad

189 4155 273 4218 lutus
292 4153 451 4235 Epistolae
470 4153 504 4214 in
523 4152 652 4232 planum
672 4158 745 4215 ante
765 4150 884 4225 Altam,
904 4151 1007 4231 ibique
1027 4152 1171 4216 consistit
1190 4153 1278 4232 paul-

190 4249 257 4315 lum
281 4267 445 4314 conversus
470 4247 509 4308 ad
534 4245 760 4307 Celebrantem.
807 4244 912 4319 Quum
937 4245 971 4306 in
996 4245 1058 4307 fine
1082 4246 1279 4326 responderit

222 4416 664 4482 eD.1o.Nov.1seo‚n.4193.
685 4416 706 4463 1.
758 4489 767 4546 l
794 4414 901 4546 'tQuod
920 4413 1027 4487 quidem
1046 4415 1096 4472 alii
1114 4417 1207 4471 omitti
1224 4432 1275 4471 rna-

770 4503 826 4547 lm.
