2804 4890
132 679 186 739 DE
198 677 471 738 PROOESSIONE
484 682 524 734 IN
540 679 663 735 FESTO
677 681 731 736 SS.
746 677 940 736 CORPORIS
951 677 1126 737 CHRISTI.
1162 665 1224 732 525

133 844 173 905 ad
196 862 368 906 scamnum.
411 842 461 904 Ibi
484 862 591 906 omues
614 844 775 924 deponunt
798 842 1008 923 manipulum,
1030 843 1096 923 ipse
1119 844 1225 903 autem

134 935 263 998 dimissa
286 936 391 999 casula
415 935 559 997 induitur
583 935 724 1017 pluviali.

177 1028 331 1105 Crucifer,
354 1048 465 1108 nempe
492 1028 708 1091 subdiaconus
733 1031 813 1093 alter
838 1029 998 1107 tunicella,
1023 1029 1070 1092 vel
1095 1027 1226 1090 clericus

134 1121 357 1202 superpelliceo
373 1122 515 1199 indutus,
533 1122 606 1183 dein
622 1122 801 1184 ceroferarii
817 1128 848 1186 et
864 1123 1000 1184 ferentes
1016 1119 1174 1183 intortitia
1192 1137 1227 1180 ac

134 1215 238 1277 clerici
252 1234 324 1276 cum
339 1214 477 1277 candelis
492 1216 628 1278 accensis
642 1220 764 1296 praesto
781 1219 875 1278 eruut
889 1220 962 1278 ante
977 1214 1087 1277 Altare
1095 1233 1105 1290 ;
1121 1212 1226 1274 balda·

134 1307 264 1369 chinum
284 1306 391 1371 album
411 1307 553 1371 defertur
571 1314 644 1370 ante
664 1308 787 1370 aditum
807 1306 1001 1389 presbyterii.

176 1404 205 1462 4.
226 1398 392 1463 Celebrans
413 1406 487 1463 ante
508 1421 670 1462 scamnum
693 1401 855 1463 incensum
878 1401 913 1462 in
933 1405 1104 1481 utrumque
1126 1399 1226 1462 thuri·

136 1492 244 1554 bulum
267 1493 384 1571 injicit,
405 1493 545 1574 procedit
567 1493 690 1555 medius
710 1495 794 1556 inter
813 1514 837 1555 s.
860 1492 1024 1556 Ministros
1045 1493 1085 1555 ad
1107 1492 1226 1567 Altare,

135 1590 165 1648 et
186 1586 270 1648 facta
292 1587 326 1647 in
347 1585 440 1666 plano
459 1585 676 1666 genuflexione
697 1591 829 1666 utroque
851 1606 944 1666 genu,
966 1586 1059 1649 modo
1081 1589 1227 1647 consueto

135 1680 204 1740 “ter
222 1678 361 1741 incenset
381 1678 618 1741 Sacramentum
637 1678 841 1760 genuflexus”
860 1680 893 1740 in
912 1679 1021 1742 infimo
1040 1676 1165 1760 gradu!⁵

178 1774 206 1832 5.
229 1769 372 1833 “Deinde
419 1770 578 1833 Clericus''
627 1772 673 1832 vel
723 1771 992 1833 caeremoniarius
1039 1770 1229 1851 “oblongum

137 1863 239 1926 velum
261 1863 470 1943 circumponit
491 1865 627 1944 scapulis
649 1864 873 1940 Celebrantis,'’
897 1864 1036 1944 illudque
1060 1863 1228 1927 Subdiaco-

137 1975 196 2016 nus
214 1960 286 2017 ante
306 1960 414 2036 pectus
433 1954 554 2035 alligat.
596 1956 754 2018 Diaconus
773 1956 912 2019 ascendit
934 1957 973 2020 ad
994 1956 1113 2034 Altare,
1131 1974 1228 2038 genu·

137 2045 236 2109 flectit
265 2067 283 2107 a
312 2047 407 2110 latere
436 2046 606 2127 Epistulae,
635 2069 673 2109 ne
703 2053 791 2128 terga
821 2053 922 2112 vertat
950 2049 1145 2124 Celebranti3
1175 2045 1229 2128 qui

138 2141 256 2202 interea
281 2160 353 2201 cum
380 2139 576 2200 Subrliacono
602 2147 707 2203 manet
730 2140 913 2220 genuflexus
938 2143 970 2203 in
996 2142 1105 2203 infimo
1128 2140 1229 2221 gradu

138 2231 266 2293 Altaria.
305 2233 395 2293 Tunc
415 2232 572 2292 Diacouus
588 2251 748 2294 assumens
767 2234 974 2295 ostensorium
994 2233 1072 2295 illud
1091 2252 1230 2296 reveren-

138 2331 186 2388 ter
205 2325 307 2387 deiert
327 2323 366 2387 ad
389 2324 605 2386 Celebrantem
624 2330 760 2387 stantem
781 2330 855 2388 ante
877 2325 1022 2388 infimum
1043 2326 1177 2407 gradum
1199 2327 1232 2389 et

140 2418 298 2479 Diacouus
325 2417 410 2479 facta
436 2417 543 2478 statim
572 2416 777 2480 Sanctissimo
803 2416 1019 2497 genuflexione
1045 2417 1164 2481 accedit
1191 2415 1230 2481 ad

137 2510 298 2572 dexteram
313 2509 517 2587 Celebrantis,
532 2511 586 2590 qui
600 2530 673 2573 mox
686 2530 718 2572 se
732 2510 888 2573 convertit
901 2509 940 2573 ad
954 2509 1131 2591 populum.⁰
1156 2510 1230 2572 Dia-

139 2623 234 2665 ccnus
254 2623 325 2665 vero
345 2602 384 2664 ad
405 2602 564 2664 dexteram
586 2606 617 2664 ct
641 2601 857 2664 Subdiaconus
877 2601 915 2665 ad
939 2603 1100 2665 sinistrum
1120 2603 1232 2665 “assis-

138 2700 239 2758 tentes
259 2696 331 2758 hinc
350 2695 423 2758 inde
439 2695 579 2757 fimbrias
597 2696 769 2757 anteriores
787 2694 935 2775 pluvialis
954 2694 1149 2759 elevabunt.'’

182 2792 209 2850 6.
233 2789 344 2851 “Tunc
362 2789 512 2850 (lautores
529 2789 695 2867 incipient²
714 2788 867 2866 hymnum
886 2789 993 2867 Pcnpe
1013 2788 1153 2868 linquo?
1172 2807 1232 2869 quo

140 2885 283 2944 intonato
303 2886 438 2961 surgunt
457 2899 564 2943 omncs
581 2886 613 2944 et
633 2879 844 2959 “praecedunt
865 2880 950 2944 nudo
969 2881 1071 2961 capite
1090 2900 1232 2944 accensos

140 2995 241 3036 cereos
268 2978 425 3053 gestantes
457 2972 569 3054 [manu
596 2972 745 3052 extima],
771 2978 803 3037 et
829 2978 990 3053 sequentes
1017 2974 1148 3052 hymnos
1175 2993 1232 3055 pro

141 3065 339 3144 longitudine
360 3065 565 3146 processionis
586 3066 694 3127 devote
716 3067 931 3128 concinentes:
952 3067 1060 3147 Panqc
1083 3068 1234 3148 linqua—

141 3157 246 3219 Socris
295 3157 638 3219 solemniis-Verbum
690 3159 1027 3238 supernum-Salutis
1078 3160 1233 3224 humanae

141 3249 412 3313 Sator-Aeterne
427 3249 495 3311 Res
509 3248 749 3312 alticoma-Tc
766 3250 1233 3333 Deum-Benedictis-Map·

142 3342 294 3421 ιιιζίιίαιΫ8
343 3341 470 3403 Scilicet
494 3343 558 3403 tres
580 3342 689 3418 hpmni
714 3361 751 3401 ex
776 3341 874 3403 officio
900 3344 957 3404 SS.
985 3343 1179 3407 Sacramenti
1203 3349 1234 3407 et

142 3436 204 3496 (luo
226 3455 263 3498 ex
285 3433 384 3497 officio
406 3432 606 3495 Ascensionis
629 3431 757 3491 Domini
782 3436 851 3501 etc,
872 3433 985 3512 quibus
1007 3435 1080 3496 addi
1105 3439 1235 3517 possunt

144 3528 252 3590 Laride
266 3526 354 3597 Sion,
368 3525 562 3606 responsoria
576 3529 634 3587 etc.
649 3545 687 3586 ex
701 3523 799 3584 officio
817 3525 874 3586 SS.
892 3526 1095 3589 Sacramenti.
1132 3528 1235 3590 Alter·

143 3623 243 3682 natim
262 3641 334 3682 cum
352 3616 479 3698 hymnis
498 3617 655 3695 liturgicis
673 3615 791 3695 aliquid
812 3636 922 3677 cancre
942 3617 1050 3696 lingua
1071 3619 1236 3682 vernacula

145 3716 176 3774 in
195 3713 327 3776 solemni
345 3710 545 3773 Processione
564 3708 759 3771 Sacramenti
775 3728 837 3769 non
856 3707 953 3770 licet⁰

175 3914 272 3965 μἈἱι
287 3914 390 3977 codem,
405 3911 452 3977 qui
468 3910 581 3962 Missam
597 3909 663 3961 cclc·
713 3908 814 3959 abusus
828 3913 870 3960 cst
885 3909 1092 3963 eliminanda.''
1107 3912 1140 3965 D.
1157 3914 1233 3967 2835.

141 3989 213 4053 brat,
244 3988 453 4040 Sanctissimum
485 3985 588 4038 deferri
619 3985 662 4036 dc·
752 3983 829 4034 ⁸Ritt
847 3984 923 4034 Rom.
940 3985 982 4035 ed.
1000 3985 1075 4049 1913,
1092 3986 1144 4037 ΙΧ.
1162 3988 1185 4038 5.
1205 3988 1234 4040 3.

140 4064 226 4117 bct.”
261 4063 309 4127 (D.
325 4062 457 4125 218804.)
492 4061 572 4114 Solus
584 4060 663 4126 Epis·
749 4058 846 4111 'caen
868 4060 919 4126 Ep.
941 4061 977 4112 ib.
1017 4063 1105 4115 Juxta
1125 4065 1234 4118 Rituale

139 4155 223 4207 copus
281 4138 465 4191 Dioecesanus
519 4137 663 4202 excipitur.
713 4151 776 4187 vero
801 4135 924 4187 “Clarus
948 4138 989 4188 rel
1015 4137 1147 4191 Sacerdos
1171 4141 1234 4193 inci-

141 4217 217 4268 Caer.
239 4216 290 4282 Ep.
313 4215 353 4267 Π.
376 4215 418 4267 33.
440 4213 664 4265 31.-“Oonsuc·
712 4210 803 4278 pit;’'
818 4227 913 4278 nempe
930 4211 1093 4266 “Sacerdos
1108 4215 1235 4283 iucipit''

141 4294 217 4356 tudo,
243 4297 275 4343 ut
300 4293 327 4342 in
353 4305 408 4342 una
432 4290 578 4354 eadamque
603 4302 664 4354 sup·
715 4287 856 4339 deficiente
876 4287 961 4340 Clero.

143 4368 291 4431 plicatione
320 4366 527 4419 Sanctissimum
558 4363 664 4416 ‹lesera-
749 4364 825 4414 suit.
844 4365 919 4415 Rom.

142 4451 187 4496 tur
220 4460 269 4511 per
298 4444 391 4510 plures
419 4442 589 4503 Sacerdotes,
618 4440 664 4506 qui
750 4439 805 4489 ⁹0.
839 4441 870 4489 14
900 4439 964 4492 Jau.
997 4442 1072 4507 1898,
1101 4459 1127 4496 ιι.
1159 4445 1233 4497 3975,

142 4523 196 4573 sibi
219 4520 334 4573 invicem
355 4519 513 4583 succedunt,
534 4521 664 4581 tanquam
713 4519 738 4580 S.
757 4516 781 4567 2.
