2804 4890
161 634 223 698 548
315 644 403 711 ΔΡΡ.
426 646 452 701 1.
493 645 806 702 DEMONSTRATIO
829 646 1092 705 DEFECTUUM.

200 811 250 872 83.
273 806 405 873 Sumere
431 807 569 872 Calicem
594 810 761 890 strependo
787 809 880 874 labiis
905 814 963 877 aut
985 810 1088 875 oculis
1115 812 1268 891 sublatis,

157 906 216 967 aut
231 902 349 966 sensim
365 904 398 965 et
414 900 541 965 similia.

200 997 250 1058 84.
273 993 399 1058 Pallam
418 998 549 1076 patenae
571 995 730 1075 imponere
751 1002 921 1077 antequam
939 1000 1083 1062 transeat
1104 998 1141 1061 in
1161 1019 1266 1063 cornu

157 1086 318 1169 Epistolae
341 1088 382 1150 ad
404 1088 619 1167 accipiendam
639 1088 844 1167 ablutionem,
866 1096 923 1153 aut
944 1110 1015 1155 eam
1038 1092 1266 1171 purificatorio

157 1181 342 1263 abstergere.

199 1278 249 1338 85.
271 1272 464 1354 Accipiendo
477 1273 730 1356 purificationem
743 1294 859 1356 ponere
873 1276 1010 1340 Calicem
1025 1296 1122 1357 super
1135 1276 1264 1355 Altare,

156 1371 214 1432 aut
233 1371 322 1431 extra
344 1367 453 1431 Altare
476 1366 567 1428 illum
587 1368 734 1431 ministro
755 1368 915 1449 porrigere
937 1369 1026 1433 nulla
1049 1376 1185 1453 cogente
1207 1393 1262 1437 ne

155 1460 308 1523 cessitate.

198 1556 248 1615 86.
271 1552 441 1632 Extergere
460 1552 543 1615 labia
560 1557 617 1616 aut
634 1574 667 1615 cs
684 1554 795 1633 digitis
812 1556 879 1634 jam
897 1554 1014 1617 ablutis
1033 1554 1108 1617 vino
1123 1560 1159 1618 et
1177 1574 1261 1637 aqua

154 1648 324 1727 antequam
348 1644 564 1725 purificatorio
589 1648 802 1725 extergantur.

197 1741 247 1800 87.
271 1736 439 1819 Corporale
466 1736 653 1817 complicare
681 1738 763 1801 elato
792 1740 826 1800 in
854 1738 956 1802 altum
984 1738 1096 1816 Caliei,
1125 1740 1260 1804 bursam

155 1849 270 1911 ponere
296 1850 360 1892 non
388 1850 473 1892 versa
500 1837 574 1893 ente
599 1834 708 1910 pectus
734 1834 882 1910 apertura
907 1833 987 1912 ejus,
1015 1838 1048 1895 et
1074 1831 1259 1914 relinquere

155 1922 259 1987 velum
278 1942 315 1985 ex
334 1926 423 2003 parte
442 1920 592 1985 anteriori
612 1922 781 1987 sublatum.

197 2018 246 2078 88.
271 2014 381 2078 Sinera
402 2018 440 2077 ut
463 2013 619 2093 minister,
644 2034 834 2097 quamquam
858 2014 1008 2093 Clericus,
1032 2018 1136 2081 multo
1162 2022 1259 2100 pejus

154 2109 182 2171 si
202 2108 300 2170 laicus
321 2109 373 2184 sit,
395 2107 534 2172 Calicem
554 2108 712 2189 cooperiat
731 2113 763 2172 et
783 2107 1003 2172 accommodet.

196 2204 245 2264 89.
269 2200 397 2265 Missale
413 2220 478 2263 non
494 2199 648 2276 claudere,
664 2206 702 2263 ut
718 2199 952 2281 praescribitur,
968 2207 1000 2265 et
1017 2202 1257 2267 conclusionem

153 2294 285 2356 ultimae
306 2292 457 2357 orationis
477 2292 632 2355 absolvere
653 2292 805 2356 veniendo
825 2294 865 2357 ad
885 2294 1026 2357 medium
1045 2294 1168 2359 Altare.

196 2389 245 2447 90.
270 2386 309 2450 Sc
336 2386 488 2450 inclinare
513 2386 553 2448 ed
578 2384 732 2467 populum
757 2385 890 2450 dicendo
914 2386 965 2451 Ite
992 2384 1087 2451 naisso
1112 2394 1171 2461 eat,
1199 2394 1256 2452 aut

153 2479 285 2542 dicendo
303 2479 530 2542 Benedicamua
547 2476 684 2541 Domino
701 2498 733 2541 se
752 2478 904 2542 inclinare
919 2481 959 2541 ad
977 2479 1087 2544 Altare
1104 2486 1164 2545 aut
1181 2504 1256 2545 con-

153 2577 272 2635 vertere
291 2572 332 2635 ad
354 2572 516 2653 populum.

194 2668 244 2727 81.
267 2664 307 2726 In
332 2664 469 2727 discessu
491 2665 530 2727 de
555 2661 660 2726 Alteri
684 2665 823 2745 accipere
848 2665 983 2729 biretum
1007 2669 1180 2746 antequam
1207 2690 1254 2731 re-

152 2759 323 2821 verentiam
345 2758 393 2820 vel
414 2755 665 2837 genuflexionem
685 2756 806 2831 efficiat,
827 2763 882 2819 aut
906 2757 984 2819 illud
1005 2759 1063 2820 sibi
1086 2760 1125 2821 de
1146 2764 1254 2841 capite

152 2850 314 2913 detrahere
350 2849 533 2930 priusquam
569 2848 777 2912 reverentiam
811 2851 922 2913 feeerit
954 2851 994 2912 ad
1030 2850 1167 2915 Crucem
1205 2854 1253 2917 sel

151 2942 322 3023 imaginem
345 2943 545 3022 praeeipuam
570 2940 716 3004 Sacrarii.

193 3038 242 3097 92.
267 3034 455 3097 Pararnenta
486 3035 654 3096 acervatim
686 3034 840 3115 deponere
872 3035 905 3097 in
936 3036 1077 3098 exuendo
1107 3058 1151 3107 se.
1185 3060 1251 3101 non

150 3127 283 3191 osculari
314 3127 436 3203 stolam,
465 3126 672 3207 manipulam,
700 3128 863 3203 amictum,
892 3132 947 3191 aut
974 3128 1033 3190 sibi
1061 3127 1167 3193 albam
1199 3133 1253 3196 de

149 3222 273 3284 trahere
290 3240 329 3283 ex
349 3220 484 3283 adverso.

193 3316 241 3376 93.
267 3313 431 3376 Sermones
452 3332 611 3375 conserere
632 3316 662 3375 et
685 3310 881 3374 confabulari
902 3313 935 3374 in
959 3312 1113 3389 Sacrario,
1133 3322 1194 3380 aut
1213 3340 1253 3382 ex

150 3407 205 3471 illo
221 3411 252 3470 et
268 3405 407 3469 Ecclesia
424 3405 580 3469 discedere
598 3406 674 3485 quin
690 3410 814 3484 tempus
831 3404 1017 3468 conveniens
1034 3406 1253 3474 intercesserit

148 3521 206 3581 pro
224 3500 330 3564 debita
347 3500 523 3581 gratiarum
542 3498 673 3562 actione.

190 3687 230 3749 N.
260 3688 297 3750 B.
342 3684 451 3761 Quoad
483 3685 623 3765 defectus
653 3683 686 3745 in
716 3681 851 3745 rubricis
880 3682 1076 3761 generalibus
1107 3692 1251 3767 notatos,

147 3779 234 3845 vide:
256 3778 332 3860 Cap.
353 3776 433 3843 XII.
453 3778 552 3858 huius
572 3775 743 3856 Compend.
770 3776 818 3856 (n.
841 3776 1016 3856 111-114).
