2804 4890
286 661 340 718 DE
361 664 666 719 BENEDICENDIS
689 665 851 720 NUPTIIS
870 666 1090 723 JUanms.
1170 661 1232 722 489

137 833 333 913 propositum
354 852 511 909 renovare,
532 833 736 914 permanendi
757 855 829 896 cum
850 854 924 915 paee
945 834 1053 897 divina
1073 853 1170 914 usque
1190 833 1230 897 sd

137 932 269 987 mortem
294 926 329 987 in
353 927 498 988 societate
524 926 682 989 connubii.

179 1020 207 1078 2.
231 1017 253 1078 J
256 1017 359 1080 unctis
378 1018 452 1080 dein
469 1019 641 1098 conjugum
659 1019 778 1082 dextris
796 1018 953 1083 benedicit
969 1040 1020 1083 eas
1038 1018 1187 1081 dicendo:

177 1109 362 1173 Benedictio
376 1111 439 1172 Dei
454 1111 688 1192 ornoipotentis‚
704 1111 812 1174 Patris
829 1115 877 1188 -Ι-,
894 1117 924 1175 ct
939 1111 1026 1184 Fitii,
1043 1116 1072 1174 at
1089 1109 1230 1192 Spiritus

138 1203 259 1276 Sancti,
284 1203 448 1266 descendat
473 1225 644 1285 supervos
668 1210 697 1267 et
722 1209 846 1267 maneat
869 1224 1001 1285 semper.
1046 1203 1083 1265 R.
1117 1204 1229 1266 Aaron.

178 1296 264 1359 Asrr.
306 1296 386 1359 Ecca
405 1296 452 1359 sio
473 1296 673 1359 benedicetur
693 1299 795 1368 bonro,
818 1298 872 1379 qni
894 1297 983 1359 timet
1004 1293 1188 1359 Dominum.

180 1389 326 1451 Psalmus
352 1388 524 1450 CXXVII.
572 1388 663 1452 Beati
689 1408 805 1461 orienes,
832 1389 886 1471 qui
912 1389 1023 1451 timent
1046 1387 1231 1460 Dominum,

139 1481 194 1562 qui
213 1482 377 1544 ambutant
397 1480 432 1543 in
454 1481 512 1544 ciis
535 1482 613 1562 eius.

179 1575 315 1636 Labores
340 1595 491 1635 mannum
518 1579 643 1637 tuorum
669 1572 743 1656 qaia
767 1574 979 1647 manducabis,
1005 1575 1113 1637 beatus
1136 1595 1176 1646 es,
1201 1576 1232 1636 et

140 1668 214 1729 bene
238 1665 297 1728 tibi
318 1667 386 1730 on't.

184 1760 270 1821 Uror
291 1764 353 1830 trra,
372 1760 455 1823 sicut
474 1759 548 1822 citis
565 1759 738 1833 aboridans,
758 1759 792 1822 in
811 1760 960 1823 lateribus
978 1760 1090 1822 domus
1110 1765 1189 1822 tuae.

181 1851 260 1913 Filii
280 1851 328 1913 tui
346 1850 429 1913 sicut
450 1853 587 1914 norrattae
609 1853 772 1924 olivarum,
793 1851 829 1914 in
850 1851 984 1915 circuita
1006 1872 1129 1915 mensae
1151 1856 1231 1914 tuoe.

182 1944 273 2015 Ecce,
296 1943 341 2005 sic
366 1945 565 2006 benedicetur
587 1946 689 2016 tremo,
713 1944 768 2025 qai
791 1944 879 2006 timet
901 1944 1085 2008 Dominum.

182 2034 353 2098 Benedicat
370 2035 428 2096 tibi
442 2034 599 2098 Dominus
615 2057 652 2098 ec
669 2036 746 2097 Sion
752 2059 765 2107 ;
783 2041 813 2098 et
829 2036 934 2098 videas
950 2038 1031 2098 bona
1045 2037 1232 2114 Jerusalem,

142 2127 288 2190 omnibus
311 2127 420 2188 diebus
444 2127 523 2190 citae
549 2132 628 2197 tuae,
652 2133 681 2189 et
705 2127 809 2189 rideas
831 2128 913 2207 filios
933 2128 1072 2207 fitiorum
1096 2132 1234 2202 tuorum,

142 2240 249 2299 pocern
272 2240 366 2298 super
389 2219 496 2280 Israel.
544 2217 650 2280 Gloria
672 2219 765 2280 Patri
787 2224 844 2282 etc.

185 2311 270 2372 Anr.
289 2311 369 2373 Ecce
389 2310 435 2371 sic
457 2309 657 2373 benedicetur
678 2312 779 2381 traina,
802 2312 856 2391 pai
878 2312 967 2375 timet
987 2310 1172 2376 Dominam.

185 2404 224 2464 V.
247 2402 382 2465 Domine
401 2400 515 2464 ecorrdi
532 2406 589 2463 etc.
632 2401 669 2464 R.
687 2402 729 2463 du
751 2403 867 2465 clamor
886 2423 972 2466 meurs
991 2405 1049 2465 etc.

185 2496 225 2558 V.
247 2493 404 2557 Dominus
425 2492 593 2556 vobiscum.
634 2493 672 2556 R.
693 2493 737 2556 st
758 2514 828 2557 curn
849 2493 965 2575 spiritu
986 2499 1050 2560 tao.

615 2679 758 2744 Oramus.

186 2807 394 2889 Omnipotens
416 2805 604 2886 sempiterne
627 2803 722 2876 Deus,
746 2801 864 2886 respice
886 2803 1044 2888 propitias
1064 2827 1160 2890 saper
1181 2807 1237 2872 nos

145 2903 281 2981 famulos
313 2904 391 2971 tuas,
422 2898 463 2961 od
494 2899 646 2979 temptum
677 2903 820 2960 sanctum
855 2903 944 2961 taam
975 2920 1031 2980 pro
1062 2900 1235 2981 pretiorum

146 2994 266 3057 actione
290 2993 386 3055 tactos
408 2991 598 3062 accedentes,
620 2995 649 3053 et
673 2995 806 3072 praesto,
828 2995 864 3054 nt
886 2997 957 3074 post
977 2994 1057 3056 bone
1078 2992 1174 3056 eitam
1196 2993 1239 3057 ad

146 3091 289 3149 aeternae
326 3080 531 3147 beatitudinis
566 3081 680 3162 paud-ia
720 3082 808 3161 (cum
842 3084 929 3165 prole
963 3085 1037 3163 sno)
1076 3085 1238 3167 pervenire

147 3181 334 3239 mereantur.
376 3176 438 3236 Per
460 3175 620 3237 Christum
641 3179 700 3238 etc.

190 3268 330 3331 Tandem
354 3266 511 3346 adspergit
533 3287 585 3329 eos
606 3288 691 3330 more
712 3268 813 3332 solito.

191 3366 219 3423 3.
243 3361 340 3423 Missa
363 3359 425 3421 diei
448 3360 564 3439 poterit
589 3358 627 3422 de
650 3359 711 3433 die,
735 3365 792 3423 sut
813 3362 917 3424 votiva
940 3363 976 3424 B.
1001 3362 1045 3426 Μ.
1069 3365 1109 3426 V.
1134 3364 1159 3425 si
1184 3382 1239 3442 per

149 3453 288 3517 rubricas
305 3451 388 3514 ticet.
431 3451 496 3513 Sub
514 3450 608 3514 tinem
629 3450 701 3514 eddi
723 3451 838 3531 poterit
860 3453 903 3515 Te
924 3451 1035 3525 Deum,
1057 3474 1127 3516 cum
1149 3474 1237 3518 versu

149 3553 180 3611 et
198 3546 347 3609 Oratione
365 3544 443 3624 “pro
459 3544 632 3625 gratiarum
651 3543 817 3607 setioue.”⁸

179 3685 272 3736 ⁸'1'ots
291 3688 346 3735 rste
363 3683 526 3745 benedictio,
545 3681 668 3748 qrrsmvis
718 3682 825 3733 nonnisi
859 3685 981 3735 honestis
1013 3685 1179 3752 conjugibus
1212 3693 1240 3740 et

145 3761 242 3811 nullibi
266 3760 446 3825 praescripta,
468 3760 577 3810 omnino
601 3759 666 3810 ritui
716 3757 902 3810 Matrimoniis
955 3759 1097 3811 catholicis
1148 3778 1240 3815 conee-

146 3839 266 3887 Romano
307 3838 490 3886 consentaneo
529 3838 580 3900 est,
620 3833 668 3886 ssd
719 3834 816 3886 denda.
