2804 4890
403 698 456 753 DE
481 697 703 754 ORDINIBUS
727 696 1020 754 consensuum.
1190 685 1252 748 479

162 869 266 949 vigore
289 870 438 934 Pontifici
461 870 595 932 facultas
616 868 798 932 conceditur
821 865 1007 944 ordinandi3
1029 866 1143 948 quibus
1165 862 1254 926 lectis

162 961 240 1026 dicit
258 962 423 1025 Pontifex:
441 955 507 1026 Dea
524 961 686 1043 praeeesse

197 1055 280 1118 Ante
293 1056 534 1129 ordinationem,
545 1076 585 1117 sc.
601 1056 784 1137 priusquam
797 1055 994 1137 singulorum
1007 1054 1136 1119 nomina
1149 1051 1253 1132 appel·

161 1147 277 1223 lentur,
297 1148 471 1229 Episcopus
491 1150 616 1228 “palam
637 1147 798 1211 interdicit
819 1168 874 1230 per
894 1167 994 1209 unum
1012 1167 1050 1210 ex
1070 1147 1135 1208 suis
1160 1144 1201 1225 [e.
1222 1163 1252 1225 g.

162 1240 458 1321 Archidiaconuml,
472 1263 510 1304 ne
522 1242 592 1321 quis
603 1240 729 1304 accedat
742 1241 924 1322 irregularis
936 1240 1015 1304 etc.’'
1034 1236 1253 1319 (Reverendr‘s-

160 1335 259 1396 simus
277 1334 312 1396 in
331 1334 455 1397 Glanate
474 1340 563 1417 paler
580 1335 686 1413 etos),
701 1334 826 1397 etiamsi
844 1353 925 1395 unus
946 1333 978 1394 in
997 1332 1108 1395 sacello
1127 1331 1251 1412 Episco-

161 1425 225 1506 pali
251 1426 438 1490 ordinetur.⁸

204 1523 232 1582 5.
253 1520 317 1584 Suo
331 1526 469 1601 tempore
485 1520 733 1585 Archidiaconns
748 1520 863 1584 inritat
877 1519 1078 1595 ordinandas,
1094 1518 1253 1581 Accedant

161 1616 237 1687 etc.;
263 1613 414 1677 Notarius
437 1614 575 1694 appellat
599 1613 740 1694 singulos
764 1614 891 1676 nominc
914 1618 946 1676 ct
971 1611 1166 1693 cognomine,
1190 1618 1256 1672 non'

160 1707 365 1785 praemittens
386 1706 515 1768 titulum
538 1705 735 1767 “Dominus''
756 1726 812 1769 nec
833 1707 931 1768 alium
953 1703 1153 1786 quemquam⁹
1180 1703 1253 1783 (pro

161 1798 367 1879 Regularibus
394 1800 611 1879 praemittitur
639 1800 752 1861 Frater
781 1799 855 1878 N).
908 1798 1034 1878 Singuli
1064 1796 1255 1880 respondent·

161 1892 292 1962 ildoino,
309 1891 555 1972 progrediuntur
573 1912 678 1954 versus
693 1891 802 1954 Altare
818 1898 849 1955 et
865 1890 1081 1971 genuflectunt
1091 1911 1099 1965 ;
1116 1888 1156 1952 ad
1175 1888 1252 1951 Sub-

161 1983 361 2045 diaconatnm
376 2005 447 2046 vero
459 1982 662 2065 promovendi
682 1982 887 2062 (saeculares)
907 1989 993 2047 stant
1009 1984 1093 2046 intra
1107 1981 1252 2045 monitio

161 2095 233 2137 nem
286 2076 350 2151 Illi,
372 2077 425 2156 qui
449 2075 649 2149 Subdiaconi,
671 2073 803 2138 Diaconi
826 2097 862 2138 ac
885 2076 1061 2154 Presbyteri
1085 2071 1251 2139 ordinandi

161 2173 245 2243 sunt,
260 2189 291 2230 se
305 2173 518 2248 prosternunt,
533 2168 610 2230 dum
624 2169 797 2230 recitantur
812 2168 957 2230 Litaniae
969 2175 999 2231 et
1016 2169 1190 2248 Episcopus
1202 2186 1253 2230 cos

160 2259 324 2322 benedicit.
368 2259 501 2322 Sabbata
522 2260 637 2322 Sancto
655 2259 804 2322 dicendae
823 2267 898 2323 sunt
914 2260 1058 2323 Litaniae
1079 2261 1110 2322 in
1131 2258 1252 2321 Misseli

160 2371 217 2432 pro
238 2352 289 2415 die
310 2352 523 2431 assignatae.¹⁰

202 2448 229 2505 6.
253 2444 303 2505 Ad
321 2445 496 2505 Tonsorem
513 2444 644 2525 quilibet
660 2446 752 2507 simul
771 2466 842 2507 cum
860 2446 1014 2526 Episcopo
1030 2445 1126 2508 dicit:
1142 2446 1241 2510 Danai

160 2559 220 2600 nrm
233 2558 306 2618 pars
320 2535 523 2599 baereditatis
537 2540 622 2599 etc.¹¹
650 2536 711 2599 Ubi
730 2536 915 2601 Pontifieale
931 2538 1114 2619 praescribit
1128 2558 1239 2619 respon

160 2629 297 2691 (lendum
321 2631 424 2691 Amen
451 2629 485 2691 in
509 2627 680 2691 traditione
707 2629 988 2693 instrumentorum
1015 2632 1061 2694 vel
1090 2630 1238 2693 indumen

162 2738 276 2793 torum,
291 2723 348 2785 lroc
362 2723 455 2801 juxta
468 2720 726 2784 consuetudinem
742 2723 780 2784 ab
796 2720 971 2785 ordinando
987 2722 1154 2786 dicendum
1169 2723 1253 2786 est.¹²

162 2814 299 2877 Proinde
312 2815 415 2877 Amen
431 2812 619 2894 respondent
633 2814 779 2892 Acolytlri
796 2815 835 2876 ad
851 2813 997 2879 candelae
1012 2821 1043 2879 et
1058 2816 1252 2879 urceolorunr

161 2908 406 2988 porrectionem3
433 2905 621 2969 Subdiaconi
648 2907 686 2969 ad
712 2908 856 2979 amictus,
882 2908 1049 2988 manipuli,
1072 2909 1198 2972 tunicae
1222 2912 1253 2973 et

161 3000 251 3075 libri3
276 2999 406 3063 Diaconi
431 2999 469 3061 ad
494 2997 601 3071 stolae,
625 2998 821 3073 dalmaticae,
844 3001 916 3061 libri
943 3001 1060 3082 Evang.
1086 3002 1253 3083 porrectio·

160 3113 250 3165 nem3
271 3091 435 3170 Presbyter
454 3092 492 3153 ad
513 3089 635 3154 casulae
654 3090 864 3155 induitionem
885 3094 962 3156 dicit
981 3093 1047 3158 Deo
1066 3095 1194 3175 pretias,
1214 3094 1253 3157 ad

161 3186 340 3248 unctionem
360 3204 511 3246 manuum
529 3188 559 3246 et
578 3185 805 3264 porrectionem
824 3184 929 3247 calicis
946 3187 1059 3250 Areten.

204 3281 231 3339 t.
255 3277 544 3339 Instnrmentornm
560 3274 691 3339 traditio
709 3277 853 3358 pluribus
871 3277 1055 3340 ordinandis
1073 3281 1165 3344 simul
1186 3282 1251 3344 lieri

161 3376 271 3450 potest.
310 3369 348 3430 In
365 3368 562 3429 ordinatione
576 3390 648 3432 vero
665 3367 920 3447 Presbyterornm
937 3371 1065 3434 cuilibet
1082 3371 1254 3435 tradendas

161 3467 206 3524 cst
227 3461 316 3523 calix.
355 3459 499 3538 Acolytlri
521 3466 653 3539 tangant
674 3460 786 3541 pollice
805 3462 1037 3533 candelabrum,
1059 3463 1161 3528 indice
1182 3486 1251 3526 can-

162 3555 281 3619 delam:
306 3554 572 3616 “instrumentum
597 3552 691 3632 bugia
715 3553 753 3617 de
776 3552 905 3616 candela
928 3557 1064 3617 serviens
1090 3558 1254 3639 Episcopis

161 3648 198 3709 ad
221 3646 337 3708 librum
356 3666 419 3707 non
440 3647 627 3723 potestesse
647 3646 779 3708 materia
801 3646 929 3708 Ordinis
950 3647 1166 3727 acolythorum
1188 3649 1254 3714 loco

193 3836 322 3887 orontis.
729 3840 816 3897 cante,
837 3836 964 3887 l'icarins
983 3837 1152 3904 capitularis
1171 3841 1252 3906 dcpn·

195 3913 249 3963 ⁷V.
280 3912 396 3974 Pontis,
427 3917 491 3965 ante
520 3928 579 3979 cep.
609 3911 680 3964 “De
729 3914 813 3970 tetus.
866 3912 916 3963 sub
967 3915 1253 3969 excommonicationis

158 3989 260 4041 (terico
289 3987 455 4040 faciendo.”
499 3988 546 4039 Fit
572 3988 680 4039 nomine
731 4001 818 4051 poena
846 3989 990 4055 praecipit,
1018 3990 1101 4041 etc.''
1147 3990 1180 4044 D.
1212 3994 1251 4044 19.

158 4066 286 4132 Episcopi
305 4064 455 4127 Ordinarii,
471 4065 523 4119 etsi
542 4064 680 4116 ordinatio
732 4061 807 4127 Sept.
827 4065 901 4124 1883,
919 4080 944 4116 n.
962 4066 1039 4117 3593.
1059 4068 1081 4117 1.

158 4144 193 4193 ab
212 4143 346 4208 Episcopo
363 4145 492 4193 extraneo
509 4141 678 4193 dat—Tem·
766 4137 821 4191 ⁸1).
839 4140 916 4192 3006.
935 4142 959 4192 4.

158 4235 222 4284 pore
239 4218 312 4269 aedis
328 4217 453 4269 vacantis
470 4216 628 4268 “inhibitio
644 4215 679 4267 le·
766 4216 964 4270 tllnrtinueci.

159 4297 247 4356 gendo
265 4299 307 4345 est
327 4293 434 4344 nomine
452 4293 555 4345 Vicarii
575 4293 680 4358 capitu·
768 4298 793 4331 ¹⁰
803 4291 835 4342 D.
853 4295 894 4344 20.
912 4294 978 4346 Mai.
998 4296 1074 4360 1890,
1090 4311 1116 4348 rt
1133 4296 1210 4350 3731.
1228 4300 1244 4350 6

158 4373 225 4422 laris
245 4367 514 4435 [Administretoris]
534 4369 608 4421 bisce
623 4383 680 4421 ver·
768 4375 791 4407 ¹¹
804 4367 836 4419 D.
853 4370 954 4422 26823.

158 4448 215 4498 bie:
235 4446 483 4498 Reverendissimns
498 4444 588 4498 Domlr
804 4443 836 4496 D.
853 4446 928 4498 2682.
944 4449 968 4498 6.

160 4524 194 4577 N.
224 4523 308 4588 liujus
339 4522 506 4589 Dimenses,
538 4518 564 4571 fl*
