2804 4890
157 689 198 751 64
283 697 337 753 DE
359 696 599 766 QUIBUSDAM
621 698 756 754 MISSIS
779 696 823 752 IN
844 697 1124 756 Pannoniam.

380 957 415 1018 B.
438 956 482 1019 ne
498 955 577 1018 Ritu
591 955 627 1016 in
641 954 805 1018 tinctione
821 954 1025 1018 observando.

533 1093 560 1155 1.
579 1093 620 1155 In
643 1093 763 1157 dissitis
784 1093 871 1157 locis.

199 1241 248 1304 38.
272 1240 426 1316 “Quando
451 1239 600 1303 Sacerdos
625 1239 732 1302 eadem
756 1239 807 1303 die
831 1240 908 1303 duas
934 1241 1047 1304 Missas
1069 1241 1191 1305 dissitis
1214 1241 1248 1305 in

157 1336 233 1399 locis
256 1335 409 1398 celebrare
431 1332 553 1409 debet,’'

204 1431 254 1507 (o)
283 1429 343 1488 “ln
360 1428 473 1509 prima,
489 1429 567 1490 dum
583 1427 736 1489 Divinum
754 1427 947 1509 Sanguinem
964 1429 1072 1506 sumit,
1088 1449 1161 1494 eum
1176 1429 1249 1492 dili-

156 1523 337 1603 gentissime
355 1522 485 1585 sorbeat.
531 1521 654 1583 Exinde
671 1543 764 1602 super
782 1523 940 1603 corporale
957 1529 1055 1603 ponat
1070 1523 1200 1586 calicem
1217 1526 1249 1586 et

157 1617 240 1696 palla
261 1619 355 1695 tegat,
376 1637 411 1678 ac
431 1616 550 1695 junctis
571 1615 716 1677 manibus
738 1617 770 1677 in
791 1616 894 1678 medio
915 1616 1020 1679 Altari
1040 1616 1136 1692 dicat,
1158 1618 1250 1695 Quod

157 1731 207 1773 ore
220 1709 422 1791 europenses,
436 1715 505 1785 etc,
519 1714 550 1771 et
563 1709 694 1771 subinde
708 1709 834 1772 admoto
847 1729 945 1789 aquae
959 1710 1117 1787 vasculo,⁹
1131 1710 1249 1792 digitos

156 1804 248 1879 lavet,
262 1803 384 1865 dicens:
410 1803 531 1884 Corpus
547 1806 635 1864 tuum
650 1803 795 1874 Domine,
810 1806 879 1877 etc,
894 1808 926 1866 et
939 1803 1107 1885 abstergat,
1152 1804 1249 1869 Hisce

156 1898 290 1978 peractis
316 1897 444 1959 calicem
470 1917 564 1978 super
588 1896 740 1976 corporali
768 1902 947 1959 manentem
974 1897 1086 1971 adhuc,
1113 1898 1249 1962 deducta

154 1991 239 2072 palla
261 1992 428 2072 cooperiat,
451 2013 508 2054 ceu
529 1992 626 2053 moris
648 1992 706 2067 est,
729 1990 849 2056 scilicet
872 1990 1012 2072 primum
1035 1991 1251 2073 purificatorio

155 2083 291 2158 linteo,¹⁰
311 2084 424 2146 deinde
442 2092 556 2164 patena
574 2105 609 2144 ac
628 2083 713 2164 palla
730 2090 761 2145 et
781 2084 908 2145 demum
927 2083 1025 2148 vel0.”

203 2178 254 2257 (b)
283 2177 381 2240 “Post
405 2180 478 2241 haec
504 2178 634 2239 Missam
659 2183 874 2259 prosequatur,
898 2183 930 2242 et
953 2178 1108 2259 completo
1132 2178 1247 2241 ultimo

156 2271 336 2352 Evangelio,
357 2292 465 2333 rursus
485 2277 546 2333 stet
567 2274 599 2333 in
619 2271 722 2335 medio
742 2271 872 2347 nitaris,
891 2276 923 2334 et
942 2272 1064 2335 detecto
1083 2272 1179 2335 calice
1200 2272 1247 2334 in-

155 2367 268 2447 spiciat
288 2387 328 2428 an
348 2365 467 2445 aliquid
490 2365 598 2426 Divini
622 2365 793 2445 Sanguinis
815 2385 911 2429 necne
931 2365 971 2428 ad
992 2365 1092 2426 imum
1113 2386 1144 2428 se
1167 2385 1247 2428 rece·

155 2462 247 2541 perit,
274 2460 355 2540 quod
383 2461 565 2539 plerumque
593 2459 786 2538 contingit.¹¹
833 2460 867 2520 Si
896 2460 1000 2539 itaque
1029 2458 1138 2521 Divini
1168 2460 1247 2523 San·

154 2556 260 2634 guinis
277 2558 370 2633 gutta
388 2552 539 2633 quaedam
557 2553 693 2631 supersit
711 2552 823 2629 adhuc,
841 2573 877 2614 ea
895 2572 1004 2615 rursus
1022 2573 1057 2615 ac
1076 2551 1247 2633 diligenter

155 2648 324 2722 sorbeatur,
346 2652 377 2708 et
397 2647 522 2727 quidem
542 2667 579 2709 ex
600 2646 707 2706 cadem
728 2652 826 2726 parte,
846 2667 906 2726 qua
928 2646 981 2708 ille
1001 2646 1141 2726 primum
1162 2666 1246 2709 sum-

154 2746 228 2820 ptus
248 2745 302 2803 est.
349 2741 435 2814 Quod
458 2740 632 2801 nullimode
653 2740 864 2801 omittendum
885 2742 942 2815 est,
962 2740 1035 2820 quia
1056 2739 1246 2802 sacrificium

154 2834 316 2897 moraliter
341 2835 445 2910 durat,
471 2839 503 2896 et
529 2834 829 2914 superexistentibus
855 2833 957 2896 adhuc
982 2833 1048 2895 vini
1075 2833 1246 2913 speciebus,

153 2947 190 2988 ex
207 2927 314 2990 divino
332 2934 495 3008 praecepto
512 2928 659 3007 compleri
679 2926 777 2989 debet.
819 2925 1024 2989 Postmodum
1043 2926 1195 2990 Sacerdos
1211 2928 1245 2991 in

154 3021 258 3102 ipsum
274 3021 401 3082 calicem
419 3025 545 3083 tantum
562 3021 673 3082 saltem
689 3040 786 3100 aquae
799 3021 823 3054 ²²
841 3020 967 3096 fundat,
984 3024 1139 3100 quantum
1157 3021 1245 3101 prius

154 3116 217 3176 vini
243 3121 397 3194 posucrat,
420 3135 549 3195 eamque
571 3117 793 3178 circumactam
815 3136 852 3178 ex
874 3115 981 3178 eadem
1003 3120 1102 3195 parte,
1126 3134 1187 3194 qua
1211 3115 1243 3176 S.

155 3208 347 3287 Sanguinem
368 3208 499 3284 biberat,
520 3212 553 3272 in
575 3215 719 3291 paratum
742 3231 793 3273 ras
815 3210 971 3273 demittat.
1015 3208 1152 3271 Calicem
1175 3209 1244 3271 sub-

151 3303 225 3365 inde
242 3304 343 3383 ipsum
361 3303 576 3383 purificatorio
591 3305 689 3368 linteo
703 3305 872 3383 abstergat,
887 3325 922 3366 ac
937 3303 1065 3366 demum
1079 3302 1247 3383 cooperiat,

151 3396 201 3458 uti
223 3396 300 3457 alias
323 3397 368 3470 lit,
391 3405 482 3475 atque
505 3398 542 3457 ab
565 3397 668 3458 Alteri
692 3396 844 3458 recedat.¹⁷

199 3490 248 3569 (c)
276 3489 457 3571 “Depositis
482 3493 576 3553 sacris
601 3492 737 3556 vestibus
761 3496 792 3556 et
817 3491 992 3572 gratiarum
1016 3490 1138 3553 actione
1162 3509 1243 3552 com-

151 3584 245 3664 pleta,
274 3604 353 3663 aqua
381 3607 397 3647 c
425 3584 520 3647 calice
547 3587 680 3647 (lenussa
709 3607 765 3666 pro
794 3607 897 3648 rerum
926 3584 1097 3662 adjunctis,
1127 3583 1174 3645 rel
1203 3582 1242 3644 ad

152 3679 324 3740 crastinum
341 3683 490 3752 seruetur,
513 3680 554 3757 (si
573 3699 684 3758 nempe
700 3701 734 3741 eo
751 3700 859 3740 rursus
877 3678 1026 3741 Sacerdos
1043 3677 1149 3741 redeat
1167 3676 1242 3740 Mis·

150 3792 216 3835 sanr
234 3772 416 3851 habiturus)
440 3773 523 3835 etin
541 3773 676 3834 secunda
694 3772 912 3852 purificatione
931 3773 964 3832 in
983 3771 1110 3833 calicem
1130 3770 1242 3833 demit·

186 3958 362 4008 ⁹l'asculum
396 3974 480 4023 propa
510 3958 671 4008 tabernacu-
760 3967 784 3997 ¹⁰
804 3959 906 4010 Caveat
930 3973 963 4009 ne
989 3957 1055 4008 iilud
1081 3957 1108 4006 in
1133 3955 1245 4007 calicem

149 4034 204 4083 lum
229 4033 363 4084 ablutioni
388 4035 536 4095 digitorum
562 4034 670 4084 inservi·
724 4035 871 4100 imprimat.

150 4124 198 4160 ens
218 4109 341 4162 adhiberi
363 4114 462 4175 potest..
501 4111 543 4159 Ne
565 4109 670 4160 ablutio
759 4120 780 4151 ¹¹
804 4111 866 4161 Nisi
899 4115 985 4175 post
1023 4108 1244 4161 distributionem

149 4201 181 4236 ex
201 4186 337 4237 oblivione.
357 4192 488 4247 sumatur,
509 4202 526 4237 a
545 4187 670 4237 ministro
722 4187 923 4237 communionis
950 4187 1125 4251 prolixiorem
1152 4189 1244 4252 guttu-

152 4262 242 4312 vinum
276 4266 303 4312 et
338 4278 409 4327 aqua
442 4263 584 4314 afferenda
616 4277 668 4312 non
722 4265 764 4315 las
778 4280 792 4314 e
807 4264 889 4315 calice
904 4263 1048 4314 sorbuerit.

150 4344 221 4401 siant,
249 4341 290 4391 vel
317 4341 352 4391 ad
381 4339 559 4390 Offertorium
587 4340 671 4402 hujus
759 4347 783 4378 ¹2
803 4340 864 4389 Non
892 4339 991 4391 vinum.
1018 4337 1062 4390 (ll.
1089 4354 1133 4393 no.
1159 4341 1203 4406 65,
1229 4340 1244 4392 3

149 4417 251 4468 Missae
270 4431 347 4466 omna
366 4416 502 4481 ampullae
520 4415 612 4467 vinum
632 4416 669 4467 in·
722 4416 784 4467 adn.
805 4416 829 4467 6.
1053 4418 1058 4431 ’

151 4491 230 4543 tundi
250 4495 348 4558 potest.
