2804 4890
349 655 418 723 ‚DE
441 655 638 708 Puluillus·
662 655 1038 711 nuo-suusnDOTUM.
1176 649 1235 711 483

186 827 213 883 2.
238 822 396 884 Sacerdoti
418 821 598 885 solemnitor
616 824 717 904 prima
736 825 800 887 rice
820 824 988 886 celebranti
1007 822 1150 886 assistere
1169 825 1234 904 poe

143 921 190 976 est
213 915 377 993 Presbyter
403 915 635 995 superpelliceo,
659 917 778 977 ainictu
800 923 830 978 et
854 916 985 996 pluviali
1009 917 1122 996 absque
1146 915 1235 993 stola,

147 1006 298 1082 irulutuS,²
324 1008 493 1069 durnnunlo
515 1007 639 1071 assistat
663 1014 788 1070 tanturn
813 1009 852 1069 ad
878 1008 1002 1070 librum.

187 1099 362 1175 Celebrans,
387 1122 448 1162 non
475 1122 546 1162 roro
571 1101 729 1162 desistens
755 1102 786 1161 in
815 1100 979 1162 llonrinica
1004 1100 1236 1181 adspersionem

144 1212 240 1272 nmine
261 1194 406 1272 porliccro
426 1194 524 1255 delict.
567 1194 617 1253 nu
638 1193 824 1268 lliaoonum,
845 1214 907 1256 non
929 1214 1000 1257 vero
1019 1195 1058 1256 ad
1080 1193 1235 1255 Assisten-

145 1290 217 1355 tem,
239 1287 375 1365 pertinet
397 1286 612 1347 Celebrantcrn
635 1287 793 1348 irncnsare
812 1291 843 1348 ct
865 1286 1009 1347 fidelibus
1031 1306 1101 1348 curn
1122 1292 1236 1365 patena

144 1378 333 1453 ministrare,
358 1379 478 1457 quotics
503 1376 720 1439 Eurlruristica
745 1378 933 1439 Cornmuuio
959 1378 1154 1439 instituenda
1179 1381 1233 1439 est.

144 1470 184 1530 In
206 1471 266 1533 fine
289 1471 401 1533 Missae
424 1472 466 1534 'l'c
487 1473 598 1533 Deum.

186 1567 213 1624 3.
240 1563 389 1625 Summus
410 1564 560 1624 Pontifex
583 1563 769 1626 “concedere
793 1564 942 1644 dignatus
965 1568 1022 1640 cst,
1045 1564 1174 1626 servatis
1197 1563 1235 1623 de

142 1657 213 1734 jure
239 1657 408 1732 servandis,
435 1656 673 1736 Indulgentiarn
701 1657 881 1719 Plenariam
909 1656 1070 1719 Sacerdoti
1096 1655 1234 1737 primum

145 1748 276 1810 Sacrum
309 1749 438 1810 facienti
470 1748 599 1828 ejusque
632 1749 872 1828 consanguineis
902 1749 942 1812 ad
973 1747 1105 1810 tertium
1136 1766 1233 1826 usque

142 1842 276 1920 gradum
301 1842 460 1917 inclusive,
486 1842 539 1921 qui
564 1841 667 1922 primo
692 1842 792 1905 eidem
821 1843 915 1905 Sacro
941 1839 1165 1915 interfuerint;
1188 1860 1234 1902 ce-

143 1933 218 1994 teris
240 1954 312 1995 vero
335 1933 612 1995 (luisti-fidelibus
634 1934 832 1996 adstantibus
855 1934 1094 2014 Indulgentiam
1116 1937 1233 2013 septem

143 2044 297 2086 annorum
326 2025 517 2104 totidemque
546 2025 862 2105 quadragenarurn.”³

185 2121 213 2178 4.
239 2118 315 2178 Tres
342 2117 454 2178 Missae
476 2117 514 2178 ab
539 2118 693 2197 Episcopo
719 2118 885 2182 ordinante
911 2120 1084 2200 impositae,
1109 2140 1172 2181 una
1197 2119 1235 2180 de

145 2209 268 2289 Spiritu
290 2212 407 2282 sancto,
428 2208 526 2271 altera
548 2209 586 2271 dc
608 2210 644 2269 B.
668 2210 711 2270 M.
735 2211 786 2282 t',
808 2212 901 2273 tertia
922 2231 978 2290 pro
999 2211 1169 2285 defunctis,
1190 2230 1235 2272 se·

143 2306 284 2380 quuntur
303 2300 424 2379 regulas
444 2301 613 2361 Missurum
632 2300 818 2376 votivorum,
837 2307 868 2365 ct
888 2302 1000 2365 debent
1019 2303 1093 2377 dici,
1110 2301 1235 2382 quando

143 2395 235 2472 juxta
255 2392 405 2453 Rubricas
424 2392 503 2454 licet
517 2391 630 2454 Missas
650 2394 769 2455 votivas
787 2395 924 2474 privatas
944 2395 1105 2457 celebrare.
1138 2394 1235 2455 Missa

143 2504 201 2565 pro
221 2484 380 2546 defunctis
402 2485 462 2546 erit
484 2483 668 2564 quotidiana
689 2505 762 2546 cum
784 2486 985 2547 Orationibus
1007 2487 1048 2548 ibi
1073 2486 1235 2567 positia.-

145 2577 218 2640 Sola
249 2576 363 2638 Missae
393 2576 538 2655 qrralitas,
568 2598 632 2638 non
662 2598 734 2640 vero
764 2576 918 2639 Sacrificii
949 2578 1118 2658 applicatio
1148 2597 1235 2657 prae·

143 2670 270 2750 cipitur.
318 2669 368 2746 (S.
391 2668 497 2749 Alplr,
519 2671 594 2747 etc.)

186 2767 214 2825 5.
235 2761 418 2825 Benedictio
438 2783 456 2823 a
477 2761 781 2825 Neo-Sacerdotibus
799 2763 857 2825 hac
877 2763 1013 2827 formula
1035 2764 1104 2826 dari
1125 2767 1235 2844 potest.

186 2857 327 2919 (iremus.
376 2854 471 2918 Deua.
501 2853 556 2934 qrri
583 2854 745 2917 charitatis
774 2855 856 2918 done
882 2876 938 2938 per
962 2857 1096 2935 prolirm
1125 2857 1237 2920 Sancti

145 2947 285 3029 Spiritus
311 2952 436 3010 tuorum
459 2946 602 3026 fidelium
628 2945 774 3010 cordibus
795 2947 964 3029 infudisti·
990 2950 1028 3010 do
1052 2949 1184 3029 famulis
1207 2953 1238 3013 et

143 3043 321 3120 famulabus
354 3039 416 3102 tuis
445 3062 501 3121 pro
533 3038 645 3120 quibus
677 3044 763 3101 tunm
794 3040 997 3121 deprecamur
1027 3043 1235 3113 clementium,

144 3136 274 3196 sulutem
293 3131 452 3195 mentiret
470 3130 616 3213 corporis.
634 3136 669 3194 ut
689 3138 717 3195 le
735 3138 800 3195 totu
818 3133 933 3198 uirtute
950 3135 1097 3213 ddipnnt,
1112 3141 1142 3200 et
1160 3157 1236 3218 quae

147 3225 204 3288 tibi
228 3224 344 3305 placito
368 3229 452 3295 erint,
481 3229 547 3287 tote
572 3222 738 3287 dilectione
765 3225 937 3306 perficient.
987 3229 1048 3291 Per
1073 3228 1235 3292 Christum

146 3317 317 3379 Dominum
341 3321 494 3379 nostrum.
539 3317 576 3378 R.
601 3315 713 3379 Amen.
763 3317 819 3393 (ln
843 3318 995 3398 singulari
1021 3341 1079 3401 pro
1101 3341 1165 3384 uno
1189 3321 1235 3384 rel

146 3409 255 3481 nouit
306 3407 417 3471 Postea
450 3407 585 3470 dicitur:
616 3408 799 3472 Benedictio
830 3410 891 3472 Dei
920 3411 1146 3492 omnipotentis
1179 3415 1236 3474 Pn-

147 3501 204 3564 trio
225 3505 273 3577 ψ,
293 3506 323 3565 et
342 3497 428 3570 Filii,
448 3505 479 3563 et
497 3498 639 3580 Spiritus
658 3500 778 3567 Sancti,
798 3501 963 3565 descendat
982 3524 1077 3584 super
1096 3524 1149 3568 vos
1173 3504 1234 3584 (vel

144 3616 239 3676 super
266 3594 311 3666 tel
344 3597 375 3655 et
401 3595 525 3656 moueat
549 3612 680 3674 semper.
730 3594 855 3656 elmon.¹⁵

178 3743 232 3793 2Ι),
252 3745 274 3793 l.
290 3740 355 3792 Dec.
375 3741 450 3805 1882,
466 3757 492 3792 u.
510 3741 587 3794 3564.
605 3743 628 3794 2.
750 3743 852 3794 ⁴0rat.
876 3744 910 3795 ad
934 3744 1042 3797 diversa
1068 3746 1130 3809 (30)
1157 3747 1236 3815 “pro

181 3819 232 3869 ³8.
248 3818 276 3868 C.
294 3817 355 3868 Iud.
369 3820 399 3868 et
413 3814 462 3867 SS.
477 3817 536 3869 Bel.
552 3818 584 3869 16
599 3817 665 3870 Jan.
715 3817 821 3869 devotis
835 3817 968 3870 amieis.'’

146 3896 220 3947 1886.
750 3892 848 3944 ⁶Haec
865 3892 1019 3946 benedictio
1035 3896 1094 3947 sola
1110 3897 1217 3951 suffieit
