2804 4890
533 718 587 774 DE
609 717 816 787 EXEQUIIS.
1161 715 1222 777 501

129 888 161 946 et
178 882 428 947 Caeremoniario
442 883 601 946 fimbriam
614 883 763 966 pluvialis
780 887 917 960 tanente,
931 881 1116 947 “incensum
1131 878 1222 962 ponit

130 977 164 1037 in
186 975 414 1052 tlruribuluur,''
438 975 637 1039 benedicens:
657 977 706 1040 Ab
728 976 784 1039 illo
806 975 997 1040 benedicaris
1017 980 1075 1040 etc.

172 1073 200 1132 6.
224 1068 332 1134 Finito
354 1069 570 1150 ltesponsorio,
591 1090 610 1132 a
632 1070 724 1132 choro
745 1069 863 1132 dicitur
885 1069 932 1133 vel
954 1072 1102 1132 cantatur
1120 1067 1220 1148 Kyme

130 1161 245 1225 cleison
257 1167 315 1225 etc.
354 1162 475 1226 Deinde
492 1161 641 1225 Sacerdos
657 1165 764 1225 cantat
779 1162 826 1226 vel
842 1161 941 1225 “dicit
957 1161 1022 1225 alta
1037 1182 1108 1224 voce
1124 1161 1223 1224 t’otcr

131 1261 244 1330 riostcr,
264 1260 294 1317 ct
315 1260 431 1317 secreto
451 1254 569 1316 dicitur
587 1256 625 1317 ab
645 1255 800 1331 omnibus,
820 1260 851 1318 et
872 1255 937 1336 ipse
958 1254 1087 1317 interim
1106 1252 1221 1332 accipit

129 1370 147 1409 a
177 1347 315 1410 lliacono
343 1349 390 1410 vel
418 1347 592 1427 acolytho,'’
619 1347 686 1410 sine
714 1346 837 1424 osculis,
866 1347 1095 1427 “aspersorium
1124 1364 1221 1426 aquae

131 1440 318 1516 benedictae,
338 1446 368 1503 ct
388 1441 472 1502 tacta
491 1440 651 1522 protunda
670 1440 875 1503 inclinatione
896 1438 1001 1516 Cruci,
1021 1459 1099 1520 quae
1118 1444 1165 1501 est
1184 1457 1221 1499 ex

129 1532 266 1608 aclucrso,
287 1533 425 1595 Diacono
446 1553 500 1594 seu
517 1533 664 1595 ministro
684 1531 922 1613 genuflectente,
939 1536 973 1596 et
992 1531 1133 1595 fimbrias
1152 1530 1221 1612 plu-

130 1626 219 1687 tialis
235 1624 445 1701 sublevante,''
463 1626 541 1689 facit
559 1627 765 1687 reverentiam
782 1625 899 1687 Altari⁴
919 1624 1127 1686 “circumiens
1143 1624 1221 1684 tere

129 1724 214 1780 trnrn
248 1719 291 1797 (si
319 1719 435 1782 transit
461 1723 534 1781 ante
565 1719 813 1794 Sacramentum,
840 1717 1057 1800 genuflectit),
1083 1715 1221 1797 aspergit

129 1832 240 1891 corpus
263 1810 437 1886 defuncti,''
462 1810 615 1890 incipiens
637 1833 655 1875 a
678 1811 816 1873 sinistris
839 1809 977 1892 corporis
985 1829 995 1887 3
1018 1808 1222 1890 praecedente

131 1904 391 1979 t'acrernoniario,
412 1904 438 1964 si
458 1904 551 1980 adsit,
573 1907 606 1966 ct
626 1905 795 1965 comitante
817 1901 956 1965 Diacono
973 1923 996 1965 -a
1018 1903 1155 1979 dextris3
1175 1922 1221 1965 as-

129 2015 260 2076 pergens
291 2002 338 2060 tcr
370 1997 402 2057 in
433 2016 554 2076 quaque
584 1999 672 2076 parte
703 1996 836 2058 laterali.
890 1995 971 2057 Cum
1001 1993 1118 2059 transit
1147 1997 1221 2058 ante

131 2089 273 2163 Crucem,
301 2109 332 2152 sc
361 2087 501 2151 totaliter
530 2088 568 2149 ad
597 2086 685 2149 illam
712 2089 806 2149 vertit
834 2093 865 2150 et
893 2086 1050 2168 profunde
1078 2085 1221 2160 inclinat,

131 2180 288 2242 Diaconos
307 2187 338 2244 et
361 2180 630 2242 Cacrcmoniarius
648 2178 874 2259 genuflectunt.
918 2179 1060 2242 “Deinde
1082 2197 1222 2241 reversus

130 2274 167 2334 ad
189 2274 291 2336 locum
311 2271 424 2333 suurn''
446 2271 602 2333 Diaconos
622 2271 736 2351 accipit
756 2270 964 2348 thuribulum,
984 2276 1015 2334 et
1034 2272 1119 2334 facta
1139 2289 1220 2334 reve-

130 2367 231 2428 rentia
259 2365 298 2426 ad
327 2365 446 2439 Altarc,
475 2362 651 2438 t'clebrans,
679 2362 839 2424 “Diacono
866 2363 1078 2440 ministrante,
1107 2363 1221 2443 accipit

132 2457 328 2520 thuribulum
355 2462 385 2519 ct
411 2455 518 2518 codem
544 2454 636 2517 modo
660 2456 773 2518 circuit
800 2457 953 2517 teretrum
979 2460 1010 2518 et
1035 2475 1147 2536 corpus
1174 2455 1220 2516 in-

130 2557 244 2620 censat,
264 2556 297 2611 ut
316 2547 533 2628 asperserat.'’⁶
572 2547 706 2610 “Postea
723 2551 810 2610 stans
828 2549 862 2609 in
880 2548 945 2609 loco
963 2546 1050 2623 su0,'’
1069 2546 1221 2609 Diacono⁸

131 2644 177 2706 rel
197 2643 359 2722 “acolytho
379 2662 432 2704 scu
453 2641 515 2704 alio
535 2640 682 2702 ministro
701 2642 827 2702 tenente
848 2639 964 2702 librum
986 2644 1129 2721 apertum
1149 2644 1222 2702 ante

130 2758 171 2812 sc,
187 2737 281 2797 dicit:
299 2735 341 2797 Et
359 2756 397 2797 ne
414 2753 471 2796 nos
486 2732 618 2796 iudaeos
632 2736 690 2796 etc.
708 2751 782 2795 cum
798 2731 968 2795 Oratione''
984 2736 1022 2797 ut
1038 2733 1073 2794 in
1090 2729 1222 2807 Rituali,

129 2828 275 2892 manibus
300 2827 429 2907 junctis.

171 3014 242 3078 309.
264 3013 309 3075 De
334 3012 513 3091 Sepultura.
548 3012 678 3074 “Finita
704 3010 854 3076 Oratione
878 3030 990 3094 corpus
1015 3010 1158 3076 defertur
1183 3009 1222 3073 ad

132 3105 362 3187 sepulchrum.'’
406 3106 519 3168 Clerici
540 3125 612 3166 curn
632 3103 796 3167 thuribulo
816 3108 848 3167 et
868 3105 992 3168 vasculo
1013 3124 1111 3184 aquae
1133 3102 1222 3166 bene·

132 3200 233 3261 dictae
250 3198 423 3278 procedunt
442 3204 516 3261 ante
536 3197 747 3269 Cruciterum,
766 3197 819 3276 qui
840 3195 981 3277 procedit
999 3197 1121 3259 medius
1141 3196 1224 3257 inter

132 3291 350 3361 ceroferarios3
370 3290 482 3352 deinde
502 3289 614 3369 reliqui
632 3288 737 3351 cleriei
755 3294 786 3351 et
807 3288 974 3351 Celebrans
993 3309 1064 3351 cum
1085 3288 1223 3351 Diacono

133 3392 204 3446 ante
224 3403 336 3464 corpus
357 3383 388 3444 in
410 3383 526 3445 feretro
545 3381 592 3444 uel
613 3402 706 3443 curru
728 3381 875 3462 positum.

175 3481 202 3540 2.
228 3475 261 3537 Si
289 3475 455 3538 Celebrans
480 3495 550 3535 curn
577 3473 668 3537 Clero
693 3474 791 3535 funus
816 3494 913 3554 usque
940 3474 978 3535 ad
1004 3471 1222 3537 coemeterium

132 3592 194 3632 non
214 3570 392 3638 comitetur,
409 3570 476 3630 tota
495 3566 686 3628 caeremonia
705 3564 879 3646 completur
899 3568 932 3628 in
951 3565 1098 3627 Ecclesia.
1140 3564 1223 3624 Dum

134 3664 230 3724 funus
254 3661 293 3724 ad
317 3664 439 3740 portam
465 3659 617 3731 deterior,
641 3661 787 3721 cantatur
811 3659 886 3721 Ant.
911 3659 951 3720 In
976 3659 1168 3739 paradisum.
1193 3662 1224 3719 et

133 3757 273 3836 ‹leposito
295 3754 410 3817 feretro
429 3751 469 3814 ad
490 3755 624 3832 portam,
646 3751 720 3813 unt.
742 3750 810 3829 Epo
828 3770 909 3823 sam,
930 3755 1013 3814 cant.
1036 3750 1225 3813 Benedictus

132 3855 162 3912 et
185 3848 301 3928 reliqua
325 3845 443 3908 cantari
467 3849 497 3907 ct
520 3843 587 3906 fieri
608 3847 747 3923 possunt.

168 3943 252 4004 Usus
275 3935 454 4002 absolvendi
479 3935 584 4000 omnia
610 3935 643 3997 in
669 3934 767 4015 priori
790 3934 857 3998 loco
881 3935 914 3997 in
940 3935 1042 3997 medio
1068 3934 1224 3998 Ecclesiae

163 4159 289 4223 ⁴Quae
344 4153 497 4207 reverentia
551 4150 651 4202 srrttlcit
703 4149 808 4213 Altare,
838 4148 903 4214 qrria
933 4149 1017 4201 solam
1049 4149 1159 4202 (turcam
1189 4167 1221 4201 ax

129 4236 230 4299 absque
255 4232 367 4298 praevia
393 4231 448 4281 ista
473 4228 651 4280 inclinatione
701 4226 815 4277 adverso
853 4228 970 4276 stantcm
1010 4225 1037 4276 in
1077 4230 1221 4292 conspectu

129 4313 163 4362 ad
179 4312 298 4361 Crucem.
319 4305 497 4361 (Martinucci
512 4308 540 4356 et
556 4303 628 4363 alii.)
703 4300 802 4352 habere
825 4305 853 4351 et
880 4301 953 4351 illam
978 4301 1096 4353 transire
1117 4311 1223 4352 censan-

164 4386 214 4436 ὅθί
232 4399 329 4449 corpus
344 4384 380 4433 sit
397 4380 562 4437 sacerdotis.
577 4379 649 4431 (kla-
699 4380 752 4430 tur.
788 4376 829 4429 De
847 4377 946 4440 Hardt,
966 4378 1021 4430 ΙΙΙ.
1040 4379 1100 4434 261.

127 4465 210 4513 brana
227 4466 254 4511 et
272 4460 410 4511 Diaconos
428 4458 559 4507 omittunt
577 4471 648 4507 reve·
734 4453 844 4505 onuba.
863 4452 894 4505 M

126 4538 244 4593 rentiam
279 4550 326 4590 seu
363 4532 577 4602 genuflexionem
613 4532 650 4585 ad
