2804 4890
168 633 231 699 382
355 644 409 700 DE
433 642 557 700 HORIS
580 641 796 699 CANONICIS
820 640 1074 698 suerranum.

620 815 734 886 Anu.
759 814 804 886 V.

239 1007 551 1061 OBSERVATIONES
571 1006 775 1057 SPECIALES
795 1007 845 1056 DE
869 1003 1123 1056 LacumNIBus
1144 1003 1192 1054 ET

642 1098 801 1149 HYMNIS.

208 1261 285 1326 242.
329 1264 370 1327 In
398 1263 559 1328 Matutino
587 1265 735 1327 lectiones
762 1264 858 1345 primi
888 1263 1045 1327 Nocturni
1075 1261 1262 1343 regulariter

168 1363 337 1419 sumuntur
359 1357 397 1420 de
420 1357 451 1419 S.
477 1357 642 1438 Scriptura
663 1361 854 1432 oecurrente,
876 1357 902 1417 si
923 1355 1059 1418 officium
1082 1357 1124 1420 sit
1145 1354 1262 1436 duplex

174 1452 265 1530 (maj.
293 1450 339 1513 vel
367 1451 461 1528 min.)
492 1454 547 1511 aut
573 1448 785 1529 semiduplex;
812 1453 982 1511 sumuntur
1008 1468 1079 1511 vero
1105 1448 1143 1511 de
1170 1447 1262 1510 Com-

168 1543 258 1604 muni
288 1542 335 1603 vel
365 1543 512 1605 lectiones
542 1542 686 1622 propriae
716 1545 842 1604 tantum
871 1542 905 1602 in
934 1541 1112 1622 duplicibus
1141 1540 1263 1621 primae

153 1628 215 1697 ,vel
241 1635 394 1697 secundae
418 1633 542 1709 classis3
569 1633 633 1696 illis
660 1633 844 1696 lectionibus
872 1634 1019 1713 exceptis,
1046 1652 1123 1712 quae
1149 1652 1261 1713 appro-

167 1726 256 1788 batae
279 1729 345 1808 jam
368 1727 490 1789 fuerint
512 1726 559 1788 vel
583 1727 616 1787 in
640 1726 800 1788 Breviario
823 1726 978 1789 habentur
1001 1744 1058 1806 pro
1082 1725 1262 1806 duplicibus

167 1839 221 1881 seu
242 1819 414 1898 majoribus
435 1839 489 1881 seu
511 1818 703 1893 minoribus;
726 1819 773 1881 vel
796 1817 877 1894 aliis,
899 1838 974 1898 quas
996 1837 1054 1899 pro
1075 1817 1261 1899 specialibus

167 1911 342 1974 rationibus
362 1914 418 1974 aut
438 1910 599 1990 adjunctis
622 1910 654 1974 S.
677 1911 714 1976 R.
737 1910 772 1973 0.
795 1910 966 1992 approbare
986 1909 1132 1992 deinceps
1153 1929 1261 1973 censu-

165 2004 250 2067 erit.¹
783 2049 789 2060 .

209 2098 237 2158 2.
283 2095 318 2158 Si
365 2096 458 2159 initia
503 2095 656 2161 librorum
705 2094 736 2158 S.
786 2095 968 2177 scripturae
1020 2095 1173 2178 (Incipit)
1227 2097 1260 2158 in

166 2188 218 2253 die
247 2189 405 2270 assignata
435 2189 500 2252 sint
530 2188 692 2270 impedita,
723 2189 757 2250 in
787 2194 968 2268 sequentem
998 2189 1082 2252 diem
1112 2188 1261 2251 similiter

165 2302 229 2346 non
250 2282 434 2362 impeditam
457 2282 704 2357 transferuntur,
724 2286 755 2344 et
776 2281 924 2344 lectiones
944 2280 1019 2344 huie
1038 2281 1102 2343 diei
1123 2282 1261 2361 assigna-

165 2381 215 2438 tae
244 2376 446 2445 omittuntur,
474 2375 519 2437 vel
547 2393 619 2436 cum
647 2374 860 2454 superioribus
888 2373 1074 2436 lectionibus
1102 2373 1261 2453 leguntur.

167 2468 201 2530 Si
227 2470 289 2529 tria
315 2468 408 2530 initia
433 2467 496 2528 dici
520 2468 672 2546 oporteat,
698 2467 790 2528 unica
817 2466 908 2529 lectio
934 2467 1085 2546 cujusque
1110 2465 1195 2528 initii
1222 2466 1260 2528 de

166 2566 331 2641 praecepto
351 2566 477 2623 tantum
495 2559 627 2622 dicenda
646 2561 716 2633 est‚²
736 2559 815 2622 aliae
836 2564 942 2621 autem
961 2558 1109 2622 lectiones
1129 2558 1169 2620 ad
1189 2559 1260 2621 libi-

164 2658 235 2715 tum
253 2653 358 2717 omitti
376 2653 422 2714 vel
441 2652 582 2716 dicendis
600 2651 734 2731 adjungi
753 2654 893 2733 possunt.

207 2749 235 2807 3.
282 2745 316 2807 Si
338 2745 403 2808 dies
425 2747 457 2806 in
478 2745 586 2807 eadem
606 2744 799 2806 hebdomada
819 2764 875 2824 pro
896 2745 989 2808 initio
1010 2745 1140 2825 legendo
1162 2745 1259 2808 libera

165 2858 230 2901 non
255 2838 400 2917 supersit,
424 2841 481 2899 aut
506 2837 538 2898 in
564 2837 706 2916 sequenti
732 2837 812 2899 feria
837 2835 923 2899 aliud
952 2838 1080 2899 initium
1107 2845 1260 2911 occurrat,

165 2936 242 2993 tunc
279 2930 409 2992 initium
445 2931 477 2990 in
516 2928 713 3008 praecedenti
751 2929 892 3009 ejusdem
930 2929 1140 2993 hebdomadae
1180 2932 1260 2994 feria

165 3022 313 3084 similiter
332 3044 394 3084 non
416 3021 566 3101 impedita
584 3027 631 3086 est
650 3021 898 3102 anticipandum.

207 3119 236 3175 4.
281 3113 400 3176 Eodem
422 3113 524 3186 modo,
545 3119 581 3176 ut
603 3115 707 3189 initia,
729 3114 950 3177 tranferuntur
974 3116 1021 3178 vel
1043 3117 1261 3197 anticipantur

165 3207 313 3270 lectiones
334 3207 428 3287 primi
451 3207 606 3269 Nocturni
628 3205 811 3269 Derninieae
833 3209 865 3267 in
889 3207 1086 3288 Sexagesima
1108 3216 1136 3272 et
1161 3209 1259 3284 Quin-

165 3300 355 3380 quagesima.
390 3301 484 3379 (quae
512 3300 675 3362 continent
704 3299 842 3379 insignes
870 3307 902 3363 et
929 3301 966 3363 ab
995 3301 1065 3363 aliis
1093 3303 1259 3365 distinctas

164 3393 311 3455 historias
341 3392 407 3454 Noe
436 3398 467 3455 et
494 3392 678 3470 Abrahae);
707 3391 820 3454 deinde
848 3393 880 3454 in
911 3414 1016 3457 mense
1046 3394 1173 3457 Octobri
1204 3414 1260 3474 pro

165 3485 296 3547 historia
319 3485 588 3562 Macchabaeorum,
610 3487 657 3546 uti
682 3487 715 3547 in
740 3485 875 3548 Robrica
897 3486 994 3549 feriae
1016 3487 1055 3548 V.
1080 3488 1164 3550 infra
1188 3489 1259 3551 heb-

165 3577 330 3640 domadam
360 3578 417 3639 IV.
448 3578 599 3640 Octobris.

206 3674 234 3732 5.
280 3668 342 3732 Pro
364 3691 447 3732 noua
470 3668 600 3734 lectione
624 3669 755 3750 legenda
778 3675 827 3734 est
848 3670 979 3736 homilia
1002 3672 1186 3737 Dominicae
1211 3675 1256 3738 vel

164 3762 261 3824 feriae
284 3765 340 3824 aut
364 3763 499 3843 vigiliae,
523 3762 647 3842 quando
671 3762 806 3826 officium
831 3763 864 3826 in
889 3764 1001 3827 iisdem
1025 3765 1133 3829 diebus
1159 3767 1194 3829 fit
1220 3768 1259 3831 de

164 3854 244 3917 festo
273 3874 345 3916 cum
373 3855 667 3917 commemoratione
696 3853 890 3930 nominasse,
920 3857 1017 3920 feriae
1046 3859 1092 3920 vel
1122 3859 1258 3939 vigiliae.

163 3966 240 4025 quae
257 3948 417 4027 propriam
434 3947 597 4009 homiliam
614 3947 823 4022 hobent3—id
841 3954 887 4010 est
905 3950 937 4010 in
955 3969 1075 4029 quaque
1093 3951 1258 4015 Dominiea

169 4037 248 4117 (nisi
267 4037 430 4118 “meat')‚
448 4040 482 4101 in
502 4038 590 4101 feriis
611 4038 883 4120 Quadragesimae,
904 4041 1046 4115 Quatuor
1065 4044 1257 4124 Temporum

165 4131 327 4193 ,ulventus
351 4136 382 4194 et
407 4130 609 4211 Septembris,
632 4132 730 4195 feriae
756 4133 800 4194 ΙΙ.
828 4133 1048 4213 Rogatianum,
1074 4138 1106 4198 in
1131 4137 1259 4219 vigiliis,

200 4284 253 4334 ll).
269 4285 310 4335 30.
326 4285 413 4346 Junii,
431 4286 506 4348 1896,
521 4301 547 4336 n.
564 4286 641 4351 3923,
656 4290 684 4337 et
771 4287 826 4339 ²D.
845 4289 921 4340 2002.
940 4289 965 4342 2.

163 4358 232 4409 ch.
255 4361 338 4411 Rubr.
362 4360 384 4411 I.
406 4363 430 4411 4.
