2804 4890
514 702 754 762 INSTRUCTIO
773 705 829 761 1111
850 706 890 762 X.
1185 695 1245 761 183

189 866 223 917 In
240 867 348 933 pompis
362 870 442 918 extra
457 867 586 931 templum
605 867 641 918 ab
658 867 804 917 Ordinatio
822 867 945 932 permitti
962 871 1053 934 potest
1069 866 1241 933 symphonia-

154 958 245 994 corum
274 946 400 995 catervae
429 943 616 1008 participatio,
646 943 789 993 dummodo
819 958 851 994 ne
879 944 974 1008 quovis
1003 945 1081 994 modo
1109 943 1242 1009 profanos

151 1022 254 1087 psallat
271 1025 376 1072 cantus
413 1021 570 1086 Optandum
589 1025 639 1085 cst,
659 1027 689 1071 ut
707 1022 852 1086 spirituale
871 1024 981 1086 aliquod
999 1023 1135 1073 canticum
1154 1022 1241 1072 mode-

152 1103 254 1148 rentur.

191 1174 214 1223 7.
234 1173 392 1234 Litarpiooo
411 1173 530 1224 musicae
548 1174 708 1236 amplitudo.
746 1174 860 1224 Minime
879 1174 951 1238 licet,
970 1178 1067 1225 cantus
1086 1174 1142 1225 aive
1160 1187 1243 1223 sonus

152 1266 243 1315 causa,
270 1252 435 1302 sacerdotem
463 1252 497 1301 ad
525 1252 612 1302 altare
640 1252 714 1302 ultra
740 1257 847 1317 tempus
873 1252 1019 1302 immorari.
1065 1252 1098 1303 V.
1125 1251 1243 1302 Sanctae

154 1330 220 1377 ante
239 1326 475 1377 “elevationem”
495 1325 676 1376 absolvendus
695 1329 751 1390 est;
774 1341 935 1391 quamquam
955 1328 1081 1378 sacerdos
1100 1331 1241 1377 cantorum

156 1405 288 1455 rationem
310 1404 408 1455 babere
428 1405 516 1455 debet.
555 1405 648 1454 Gloria
669 1409 697 1456 et
717 1404 803 1455 Credo
823 1405 858 1456 ad
880 1405 1065 1470 Gregorianae
1086 1405 1246 1456 traditionis

153 1497 273 1533 normam
294 1483 419 1533 breviora
437 1486 525 1532 sunto.
564 1482 680 1532 Nonnisi
701 1497 767 1547 pars
786 1483 915 1547 liturgiae
935 1483 1038 1532 musica
1057 1483 1103 1546 sit,
1124 1482 1241 1533 humilis·

155 1572 206 1622 que
222 1558 285 1620 cjus
301 1558 408 1607 ancilla

190 1636 215 1684 8.
234 1634 311 1684 Modi
323 1635 359 1684 ad
373 1649 428 1685 rem
441 1635 624 1695 exequendam
634 1636 784 1698 praecipui.
823 1634 950 1701 Episcopi
966 1637 993 1685 in
1006 1635 1063 1685 suis
1075 1634 1243 1686 dioecesibus

155 1716 261 1762 coctum
278 1710 396 1761 virorum
414 1711 562 1761 instituant
579 1711 708 1760 musicam
725 1726 830 1761 sacram
848 1711 1013 1774 callentium,
1030 1711 1130 1776 quibus
1146 1725 1243 1760 nrunus

152 1789 326 1840 committant
341 1789 494 1853 inquirendi
511 1790 537 1838 in
552 1790 655 1839 musica
668 1805 759 1854 opera,
773 1805 842 1853 quae
857 1795 999 1852 canantur,
1014 1794 1041 1839 et
1056 1793 1087 1839 ut
1102 1794 1241 1841 cantorum

155 1864 253 1915 virtuti
270 1864 452 1929 respondeant
471 1868 553 1928 atquc
570 1865 672 1928 optimc
690 1865 877 1915 exhibeantur.

190 1942 224 1992 In
246 1942 399 1993 seminariis
422 1947 505 2007 atque
527 1943 718 1992 ecclesiasticis
742 1942 864 2007 collegiis
887 1958 946 1993 cum
971 1943 1117 2007 diligentia
1139 1943 1246 1994 colatur

153 2018 339 2084 Gregorianus
357 2026 461 2069 cantus.
499 2018 576 2069 Inter
594 2018 706 2068 clericos
727 2018 839 2068 Sclroloc
860 2018 1008 2068 Cauiorum
1028 2019 1166 2070 institutio
1186 2034 1244 2085 pro·

152 2096 267 2146 vehatur
295 2095 330 2146 ad
358 2110 463 2146 sacram
500 2094 692 2159 polyphoniam
731 2095 881 2159 bonamque
920 2095 1049 2145 nursicanr
1087 2095 1243 2160 liturgicum

152 2171 255 2237 optime
271 2173 461 2236 exequendam.

193 2246 225 2295 ln
245 2246 393 2297 ordinariis
412 2247 651 2312 praeceptionibus
672 2247 808 2310 liturgiae,
829 2247 947 2309 moralis,
967 2248 1039 2310 juris
1059 2246 1191 2310 canonici,
1210 2259 1244 2296 ea

155 2338 190 2374 ne
208 2323 380 2386 omittantur,
399 2337 468 2386 quae
488 2324 522 2373 ad
544 2325 680 2387 principia
701 2324 825 2386 legesque
844 2324 962 2373 urusicue
981 2338 1075 2373 sacrae
1094 2322 1241 2387 accedaut5

156 2416 191 2453 ue
203 2401 294 2451 clerici
308 2417 323 2452 e
336 2401 491 2452 seminariis
505 2401 680 2450 dimittantur
696 2403 790 2451 harum
805 2401 990 2465 cognitionum
1008 2401 1104 2464 ignari.

190 2480 272 2545 Apud
301 2480 404 2544 templa
431 2479 580 2544 praecipua
608 2479 721 2530 Salaciae
750 2480 897 2528 Catulorum
926 2479 1115 2530 restituantur.
1162 2479 1245 2531 Haud

156 2559 248 2606 tamen
270 2554 392 2605 studioso
414 2554 485 2603 clero
509 2553 617 2605 difficile
639 2555 689 2602 crit
714 2554 819 2603 scholas
841 2554 890 2602 has
913 2554 939 2601 in
963 2552 1071 2618 templis
1093 2553 1244 2603 minoribus

156 2632 278 2682 condere.

192 2708 352 2773 Superiores
374 2709 492 2757 musicae
515 2722 608 2757 sacrae
632 2708 738 2756 sclrotae
762 2708 949 2757 sustineantur
973 2711 1055 2771 atque
1077 2708 1241 2771 evehantur;

154 2786 201 2836 ubi
224 2801 276 2836 non
299 2786 363 2849 sint,
386 2787 420 2836 ad
442 2801 489 2835 cas
512 2786 716 2834 constituendus
739 2801 806 2849 opus
828 2786 995 2836 conferatur.
1037 2785 1150 2836 Maximi
1173 2786 1244 2837 enim

157 2861 286 2911 momenti
305 2863 355 2923 cst,
376 2860 523 2910 Ecclesiam
547 2861 631 2924 ipsam
651 2860 686 2909 ad
706 2875 814 2908 sitorum
835 2860 1036 2923 magistrorum,
1055 2859 1244 2924 organicorum

155 2940 185 2988 et
196 2940 338 2988 cantorum
351 2936 552 2985 institutionem
566 2935 718 2985 incumbere
730 2935 813 2997 juxta
825 2949 889 2985 vera
901 2936 971 2985 artis
983 2950 1077 2987 sacrae
1090 2940 1244 3002 praecepta

997 3011 1084 3062 Plus
1101 3013 1157 3065 PP.
1174 3012 1210 3066 X.

193 3094 227 3144 22
246 3092 316 3142 Nov.
338 3091 412 3143 1903.
