2804 4890
166 671 224 734 148
510 681 564 735 Du
586 681 707 735 Missa
729 679 931 765 ΒΟΙΕΜΝΙ.Ι

276 870 401 914 ‘remia
826 869 986 912 micantia.

213 965 308 1022 Credo
326 965 358 1019 in
376 981 466 1020 onam
590 965 635 1021 16.
657 964 747 1020 Stans
763 969 842 1020 retro
859 967 927 1033 post
943 961 1013 1019 cem,

287 1043 391 1096 Deum.
590 1040 662 1096 Iucl.
679 1048 732 1096 etc.
751 1046 782 1095 ut
799 1039 836 1096 ad
854 1040 963 1097 Gloria.

183 1119 225 1172 Et
247 1119 417 1172 incarnatus
442 1124 493 1172 eet.
590 1115 655 1181 Gli..
669 1134 773 1172 manus
786 1115 884 1172 Altari
899 1133 956 1172 non
970 1113 1135 1185 applicans.
1159 1112 1261 1172 Finito

552 1192 690 1263 Symbolo
705 1192 737 1248 fit
753 1191 842 1248 sessio
857 1196 911 1247 etc.
928 1196 960 1247 ut
974 1190 1011 1247 ad
1028 1192 1136 1248 Gloria.

173 1347 215 1401 Et
229 1347 409 1400 incarnatus.
425 1349 502 1400 cant.
589 1346 633 1400 17.
654 1344 741 1400 lncl⁹

252 1421 424 1491 Crucifixus.
590 1419 700 1489 Surgit,
717 1421 834 1476 bursam
848 1418 946 1485 sumit,
962 1437 1048 1490 quam
1064 1420 1204 1476 elevatam
1220 1418 1259 1476 ad

551 1496 735 1552 altitudinem
758 1496 856 1551 vultus
878 1494 984 1563 defert,
1006 1502 1147 1565 apertura
1169 1494 1206 1551 ad
1228 1513 1259 1550 se

552 1572 647 1643 ipsum
658 1589 806 1628 conversa.
846 1571 918 1627 Incl.
931 1567 972 1641 Gi,
983 1577 1010 1627 et
1021 1571 1109 1628 choro
1120 1569 1159 1627 ad
1168 1588 1259 1627 cornu

552 1648 647 1719 Epist.
671 1648 736 1703 dein
762 1648 875 1718 Evang.
899 1647 947 1716 gfl.
971 1646 1000 1703 iu
1025 1646 1124 1704 infimo
1146 1645 1256 1717 gradu3

550 1724 692 1796 expandit
724 1725 876 1794 corporale
908 1741 998 1794 super
1029 1723 1140 1780 Allare.
1192 1720 1258 1793 Gn,

550 1800 626 1856 redit
645 1800 692 1856 via
710 1799 845 1869 breviori,
864 1799 930 1855 incl.
949 1795 991 1870 Οἱ,
1009 1798 1098 1855 sedet.

182 1880 222 1933 Et
249 1879 341 1935 vitum
367 1879 491 1934 venturi.
589 1874 691 1947 Surgit
703 1881 756 1933 etc.
770 1882 802 1931 ut
815 1875 852 1932 ad
867 1877 977 1932 Gloria.

235 2104 284 2167 87.
306 2107 438 2163 Oramus.
587 2105 614 2161 1.
634 2103 774 2161 Ascendit
792 2104 830 2161 ad
847 2104 995 2161 dexteram
1015 2100 1069 2161 0¹¹.

586 2332 713 2390 Calicem
732 2331 851 2403 detegit,
870 2337 1009 2404 patenam
1028 2329 1062 2390 0¹
1080 2332 1171 2391 tradit
1190 2351 1255 2391 eum

269 2412 402 2483 Suscipe.
548 2409 646 2466 osculo
680 2408 763 2480 prius
796 2415 929 2480 patenae,
963 2409 1030 2466 dein
1063 2428 1167 2466 manus
1201 2406 1255 2466 C⁵⁸.

555 2484 713 2557 (Pyxidem
739 2484 849 2555 detegit
876 2491 907 2542 et
934 2485 1085 2556 paululum
1113 2485 1254 2543 elevatam

547 2563 651 2619 dextra
671 2568 757 2632 tenet,
777 2563 844 2619 dein
863 2570 1032 2635 coopertam
1050 2567 1119 2635 post
1138 2563 1256 2620 calicem

547 2639 593 2695 vel
607 2656 622 2695 e
636 2638 726 2695 latere
740 2639 849 2710 pouit.)

584 2792 612 2848 2.
631 2790 771 2849 Infuudit
786 2791 896 2849 vinum.

232 2946 321 3014 Deos,
340 2945 391 3016 qui
406 2945 435 3002 lt.

583 3095 736 3166 Abstergit
770 3100 870 3167 guttas
904 3114 1020 3168 cuppae
1055 3096 1254 3167 adhaerentes,

546 3171 673 3243 porrigit
692 3171 808 3229 calicem
830 3169 862 3228 Ci
881 3173 1016 3231 osculans
1034 3172 1137 3244 pedem
1156 3172 1255 3230 calicis

546 3253 575 3305 et
589 3266 706 3304 manum
723 3245 777 3305 Cn·
813 3247 938 3304 Calicem
955 3245 987 3304 Ci
1002 3249 1062 3311 dat.
1078 3253 1106 3305 et
1122 3248 1254 3305 dextram

545 3325 599 3381 sub
621 3323 722 3394 pedem
743 3323 841 3380 calicis
861 3342 982 3394 ponens,
1001 3324 1123 3381 sinistra
1142 3321 1254 3395 pectori

545 3398 851 3533 tttlttttltitt
865 3396 1254 3547 lt⁰lss¹t..i‘i‹3‘itl·⁵tt

547 3555 607 3616 tibi,
628 3558 681 3609 etc.

753 3652 1228 3985 uso-

941 3944 1089 3986 -xx
1118 3920 1157 4020 52⁹

936 4005 953 4053 ⁸
1057 3991 1158 4148 m

167 4193 193 4236 n
206 4193 350 4238 incensatio
359 4191 400 4236 ci·
722 4193 749 4237 18
762 4194 851 4244 credo.
860 4195 943 4239 Sessio

197 4277 258 4324 ⁹Si
275 4290 327 4324 non
343 4276 464 4337 sericam,
480 4275 590 4324 flectunt
608 4281 677 4323 utro·
736 4284 764 4325 et
796 4277 1024 4326 annuntiationis
1059 4276 1116 4335 (vel
1148 4277 1174 4324 iu
1208 4276 1253 4325 die

162 4366 214 4415 que
239 4366 308 4413 genu
335 4352 360 4399 in
386 4366 435 4401 ora
459 4352 625 4416 suppedanci
651 4355 679 4402 et
736 4351 941 4415 translationis)
961 4355 1079 4418 surgunt
1096 4352 1129 4404 de
1146 4351 1209 4402 sede
1223 4353 1252 4402 ct

163 4427 224 4481 incl.
250 4427 283 4478 lu
297 4427 378 4479 festia
392 4427 558 4480 Natiuitatis
571 4428 680 4479 Domini
735 4427 781 4495 gt.
