2804 4890
180 709 239 771 128
337 721 391 775 DE
413 722 662 777 ASPERSIONE
685 723 820 791 AQUAE
844 721 1112 777 BENEDICTAE.

630 1086 744 1156 ART.
770 1085 821 1157 ΙΙ.

512 1285 563 1337 DE
577 1286 668 1338 RITU
683 1284 940 1338 ASPERSIONIS.

224 1472 274 1536 81.
297 1473 469 1539 “Sacerdos
491 1473 733 1550 celebraturus,”
756 1475 888 1538 minime
909 1495 980 1538 vero
1002 1475 1116 1551 alius,¹
1139 1475 1271 1538 indutus

182 1567 311 1644 amictu,
338 1568 418 1643 alba,
445 1566 582 1648 cingulo,
609 1568 689 1631 stola
715 1571 747 1630 et
774 1569 905 1648 pluviali
932 1569 1044 1631 eoloris
1071 1569 1195 1644 Missae,
1224 1569 1269 1631 vel

182 1661 296 1741 absque
319 1660 460 1740 pluviali,
484 1662 510 1722 si
533 1681 597 1724 non
619 1662 781 1737 habeatur,
805 1662 945 1725 “accedit
968 1662 1008 1724 ad
1031 1661 1162 1726 Altare’'
1186 1683 1271 1724 more

184 1754 286 1829 solito,
309 1754 432 1816 medius
456 1754 539 1817 inter
563 1754 737 1817 Diaconum
762 1760 794 1818 et
820 1755 1063 1830 Subdiacenum,
1087 1757 1141 1837 qui
1166 1757 1271 1819 induti

184 1845 361 1909 dalmaticis
387 1848 501 1927 absque
526 1853 631 1909 tamen
658 1848 839 1927 manipulis,
867 1848 1006 1911 fimbrias
1032 1849 1180 1930 pluvialis
1206 1869 1272 1910 sus-

183 1941 322 2003 tinent.²
369 1940 565 2003 Praeeedunt
589 1941 812 2003 thuriferarius
837 1942 884 2004 vel
909 1942 989 2004 alius
1014 1942 1176 2023 acolythus
1199 1962 1272 2005 curn

184 2055 253 2097 vase
272 2055 369 2115 aquae
389 2035 568 2098 benedictae
587 2040 618 2096 ct
638 2035 700 2097 duo
720 2036 900 2098 ceroferarii
920 2036 1105 2100 candelabra
1125 2037 1271 2100 ferentes.

184 2128 235 2191 Ad
260 2129 391 2208 januam
416 2148 528 2208 aquam
554 2128 749 2191 benedictam
775 2149 839 2190 non
865 2129 1033 2209 accipiunt.
1082 2129 1269 2192 Ceroferarii

184 2220 370 2285 candelabra
387 2242 480 2302 super
495 2221 687 2284 credentiam
704 2221 875 2302 deponunt.

225 2319 253 2378 2.
294 2315 405 2396 Capite
422 2315 553 2391 detecte,
572 2316 605 2378 in
624 2316 733 2377 infimo
750 2316 850 2395 gradu
868 2315 989 2379 Altaria
1006 2318 1099 2379 “cum
1116 2317 1272 2379 ministris

182 2409 376 2491 genuflexus,
406 2409 502 2471 etiarn
532 2415 671 2489 tempore
701 2410 849 2489 paschali,
879 2411 993 2490 accipit
1022 2430 1040 2472 a
1070 2409 1210 2473 Diacono
1240 2430 1271 2471 a·

183 2501 404 2584 spersorium,’'
431 2509 462 2566 et
488 2495 665 2584 “incipiens
691 2505 908 2583 Antiphonam
934 2506 1089 2585 Asperpea
1116 2505 1196 2576 ma,''
1225 2504 1271 2566 rel

186 2605 324 2677 tempore
338 2597 487 2677 paschali,
501 2599 521 2659 i.
536 2618 562 2659 c.
577 2597 726 2677 usquead
742 2598 944 2659 Pentecosten
959 2596 1043 2672 incl,
1060 2598 1135 2659 Vidi
1148 2619 1271 2679 operam,

184 2691 293 2753 statim
317 2691 386 2753 “ter
410 2692 548 2771 aspergit
572 2690 701 2753 Altare’'
726 2711 779 2752 seu
804 2691 873 2770 ejus
897 2691 1075 2766 scabellum,
1100 2691 1133 2753 in
1159 2691 1272 2760 medio,

184 2804 289 2845 rersus
306 2805 403 2846 comu
421 2784 595 2864 Evangelii,
614 2789 682 2845 turn
700 2784 878 2864 Epistolae;
895 2784 1027 2847 “deinde
1044 2806 1086 2860 se,
1104 2789 1135 2848 et
1152 2790 1273 2850 erectus

181 2877 364 2939 ministros''
387 2876 575 2958 genuflexos
641 2877 704 2940 Dat
727 2877 935 2958 aspersorium
960 2877 1109 2953 Diacono,
1132 2881 1164 2941 et
1189 2877 1272 2938 facta

186 2972 359 3034 reverentia
394 2970 509 3045 Altari,
544 2971 689 3033 omnibus
722 2971 817 3033 etiam
853 2972 886 3032 in
920 2971 1013 3034 choro
1048 2970 1273 3051 surgentibus,³

185 3064 307 3126 medius
334 3065 417 3126 inter
443 3085 544 3127 sacros
571 3065 767 3138 ministros,⁴
795 3063 997 3144 praecedente
1023 3065 1228 3128 thuriferario
1255 3083 1274 3126 a

185 3157 304 3220 dextris
316 3156 459 3232 Diaconi,
473 3157 673 3238 progreditur
686 3159 788 3237 capite
799 3164 908 3238 aperto
920 3159 958 3219 ad
972 3159 1111 3219 chorum.
1125 3159 1137 3192 ⁶

228 3254 256 3312 3.
281 3251 385 3325 Quum
404 3251 601 3331 pervenerint
620 3251 657 3312 ad
678 3250 816 3313 medium
835 3252 947 3324 chori,⁰
966 3252 1106 3313 salutant
1125 3251 1274 3331 utrinque

184 3345 333 3415 chorales,
368 3344 534 3406 celebrans
568 3351 692 3424 accepto
726 3344 898 3424 aspersorio
931 3345 1019 3424 prius
1050 3348 1171 3424 partem
1205 3343 1273 3425 dig-

185 3439 305 3501 niorem
333 3439 480 3518 aspergit,
508 3459 570 3499 non
599 3438 748 3515 singulos,
777 3439 837 3498 nisi
866 3438 931 3501 sint
958 3438 1060 3516 pauci,
1087 3437 1139 3500 sed
1168 3437 1273 3518 plures

185 3532 280 3593 simul
306 3533 391 3611 quasi
418 3533 451 3592 in
475 3532 612 3609 gyrum.⁷
660 3531 747 3591 ldcnr
773 3534 911 3610 praestat
938 3530 970 3591 in
997 3532 1173 3611 aspersione
1197 3532 1273 3595 alte·

186 3627 252 3689 rius
273 3627 372 3706 partis
392 3627 477 3686 ‹hm-i
500 3626 584 3686 iacta
604 3625 637 3685 in
660 3623 797 3686 transitu
818 3623 921 3685 Alteri
944 3625 1126 3687 reverentia.
1171 3624 1273 3689 Chore

222 3814 286 3865 ¹D.
317 3817 393 3864 268⁴.
426 3817 471 3877 113
506 3816 582 3864 3039.
613 3816 644 3877 5;
676 3819 703 3865 et
756 3812 860 3875 Altera,
887 3815 1033 3865 (letelrrans
1060 3830 1119 3865 curn
1146 3829 1167 3864 a
1195 3814 1276 3864 Mini-

183 3893 260 3942 3055.
755 3889 820 3937 stris
842 3890 973 3940 transibit
997 3892 1031 3941 ad
1056 3891 1130 3941 illum
1153 3907 1168 3941 e
1190 3892 1276 3942 latere

220 3969 398 4020 ²Iteflciente
420 3969 522 4034 phu-aii
544 3985 565 4018 s.
588 3970 625 4019 M.
648 3970 701 4020 dal·
756 3965 905 4030 Epistulae,
928 3967 1029 4017 redibit
1051 3969 1086 4018 ad
1109 3969 1206 4019 Altara
1228 3983 1276 4034 per

184 4046 292 4095 maticis
312 4061 364 4095 non
384 4051 506 4095 utrmtnr.
755 4044 828 4092 latus
843 4044 995 4106 Evangelii.

220 4121 703 4188 ³Cf.llariinucciltpsr.17.
790 4121 871 4172 ruer
908 4124 971 4172 “ad
1009 4125 1082 4173 latus
1117 4123 1163 4172 ubi
1200 4125 1276 4175 sedet

219 4198 293 4248 *Ad
326 4199 498 4263 Episcopum,
529 4201 551 4249 si
582 4201 703 4261 assistat,
755 4199 902 4262 dignior.'’
936 4201 1108 4252 Martinueei.

184 4273 330 4325 Celebrans
354 4276 426 4324 sotus
452 4291 510 4324 cum
536 4276 703 4326 Caeremoni·
794 4277 954 4328 ⁷Canouiei
973 4280 999 4328 in
1017 4294 1068 4331 sua
1085 4280 1207 4331 Ecclesia
1223 4281 1277 4330 sin·

184 4351 242 4401 ario
258 4356 285 4402 et
302 4352 426 4402 ministro
443 4368 529 4416 aquae
546 4353 703 4403 benedictae
758 4355 814 4417 grrli
839 4360 1022 4421 asperguntur
1045 4373 1104 4411 eum
1127 4358 1189 4413 incl.
1213 4363 1278 4418 anta

186 4428 291 4480 accedit
305 4428 382 4494 alque
397 4430 578 4493 aspersorium
595 4430 686 4481 offert.
758 4436 784 4482 et
804 4439 873 4501 post.

219 4504 280 4557 ³Si
306 4508 403 4559 chorus
430 4507 500 4559 situs
527 4508 614 4560 tuerit
642 4512 704 4577 post
