2804 4890
186 690 435 750 CONSPECTUS
453 691 652 764 florianum
665 690 956 747 CANONICARUM
971 689 1186 746 SPECIALIS.
1207 678 1269 741 367

185 861 232 923 vel
254 860 334 924 festo
354 859 479 936 redunt,
500 880 610 941 nempe
632 860 712 921 teria
735 859 795 921 IV.
820 859 970 921 Cinctum
993 864 1024 922 et
1045 877 1152 923 omnes
1173 856 1270 918 feriae

185 953 314 1034 majoris
338 952 566 1017 Hebdomadas.

225 1045 334 1110 Fariae
365 1047 497 1126 majorca
527 1067 589 1108 noo
619 1046 836 1128 priviteqiotoc
867 1050 944 1109 sunt
975 1043 1056 1121 illae,
1086 1043 1125 1107 de
1157 1042 1270 1124 quibus

185 1159 304 1222 semper
325 1139 362 1202 fit
382 1140 644 1214 commemoratio,
665 1138 806 1220 quamvis
828 1139 943 1201 festum
967 1157 1078 1202 novem
1100 1136 1270 1200 lectionum

185 1233 365 1309 admittant,
388 1254 497 1314 nempe
522 1233 657 1312 reliquae
681 1232 777 1294 leriae
801 1231 974 1305 Adventus,
999 1229 1269 1310 Quadragesimae,

186 1325 326 1402 Quatuor
341 1326 530 1407 Temporunr
546 1323 738 1406 Septembris
752 1328 784 1388 et
801 1322 936 1388 secunda
952 1323 1171 1404 Rogationum.

226 1423 255 1483 3.
278 1420 414 1501 Vigiliae
435 1419 658 1502 privilegiatae,
682 1438 759 1497 quae
782 1417 863 1478 nulli
887 1418 968 1480 sesto
991 1417 1123 1478 cedunt:
1148 1413 1268 1477 Nativi-

184 1512 260 1577 tatis
287 1512 425 1588 Domini,
453 1518 484 1575 et
511 1513 724 1585 Pentecostes;
754 1509 875 1589 Vigilia
902 1509 1098 1590 Epiphaniae
1126 1508 1270 1587 aequipa-

184 1610 272 1668 ratur
287 1606 384 1670 officio
399 1604 589 1666 Dominieae.

225 1703 254 1761 4.
278 1699 393 1762 Octava
411 1703 457 1760 est
476 1698 549 1760 testi
567 1695 745 1777 prorogatio
766 1716 821 1776 per
840 1699 909 1759 acto
928 1695 1012 1770 dies3
1033 1696 1149 1758 retinet
1168 1693 1271 1774 digni·

184 1797 281 1855 tatem
307 1793 389 1854 testi.
417 1791 550 1853 Octavae
576 1789 817 1869 distinguuntur
841 1788 1067 1870 privilegiatae,
1093 1806 1272 1849 communes

184 1889 215 1946 et
233 1884 397 1964 simplices,
439 1881 670 1962 Pricilepiotoc,
692 1879 861 1962 dequibus
882 1882 918 1943 tit
938 1881 1072 1945 officium
1092 1881 1139 1943 vel
1160 1879 1271 1942 saltem

184 1978 435 2040 commemoratio
458 1995 649 2056 quocumque
673 1975 755 2039 testo
777 1977 967 2050 occurrente,
992 1979 1083 2035 sunt:
1110 1973 1272 2034 Paschatis

184 2075 215 2133 et
237 2070 450 2135 Pentecosten:
475 2068 671 2149 Epiphaniae
695 2072 725 2130 et
751 2066 898 2147 Corporis
924 2066 1061 2141 Christi3
1087 2065 1272 2128 Natiuitatis

183 2167 214 2226 et
229 2163 427 2226 Ascensionis
442 2161 579 2224 Domini.
618 2161 806 2223 Communes
821 2165 896 2222 sunt
911 2158 1103 2238 reliquorum
1120 2157 1272 2219 festorum

186 2260 213 2319 1.
231 2256 268 2318 cl.
287 2253 453 2336 Simplices
471 2260 545 2316 sunt
562 2255 715 2315 festorum
733 2256 761 2314 2.
780 2252 818 2314 ol.

618 2439 732 2508 ART.
758 2437 831 2508 III.

202 2609 461 2669 CONSPECTUS
484 2612 688 2670 HORARUM
711 2611 1011 2669 CANONICARUM
1031 2609 1254 2669 SPECIALIS.

223 2732 294 2797 23⁷.
316 2735 545 2799 Praenotanda.
588 2738 674 2799 Nova
693 2738 858 2818 dispositio
876 2736 1044 2800 Pontificio
1061 2738 1143 2800 circa
1161 2733 1272 2796 llubri-

182 2848 232 2891 cas
256 2830 408 2892 Breviarii
432 2831 589 2911 duplicem
613 2830 778 2894 constituit
800 2830 929 2892 modum
952 2830 1105 2893 recitandi
1130 2829 1273 2892 Officium

184 2922 268 2985 Festi
295 2923 439 3004 Duplicis
465 2925 510 2985 rol
539 2923 772 3003 Semiduplicis,
797 2923 863 2986 scil.
890 2922 1019 2986 modum
1046 2923 1215 2987 solemnem
1241 2928 1273 2986 et

183 3015 312 3078 modum
330 3015 535 3078 ordinarium.

223 3108 259 3169 M
261 3109 354 3171 adum
371 3111 546 3172 Solemacm
565 3115 755 3189 sequuntur:

231 3204 281 3281 (u)
310 3203 458 3282 Cujusvis
480 3203 561 3264 ritus
582 3204 662 3265 festa
684 3203 824 3281 Domini,
847 3205 883 3266 B.
907 3203 1026 3267 Mariae
1048 3205 1202 3283 Virginis,
1227 3203 1273 3265 Ss.

185 3295 388 3374 Angelorum,
415 3297 447 3358 S.
472 3296 606 3358 ,Ioannis
632 3297 735 3377 Bapt,
762 3298 794 3359 S.
820 3298 949 3378 Joseph,
976 3298 1023 3360 Ss.
1050 3298 1272 3379 Apostolorum

184 3392 214 3449 et
234 3387 515 3468 Evangelistarum.

231 3481 283 3559 (b)
312 3481 422 3544 Cetera
440 3482 519 3543 testa
541 3485 567 3543 1.
585 3487 618 3544 et
637 3484 665 3544 2.
684 3481 723 3544 cl.

232 3576 280 3653 (c)
309 3573 454 3654 Integrae
489 3573 622 3636 Octarae
656 3575 821 3638 Fastorum
855 3574 984 3636 Domini
1017 3575 1172 3638 Ecclesiae
1205 3577 1275 3637 uni-

186 3666 320 3729 versalis.

235 3761 289 3839 (d)
317 3760 455 3840 Vigiliae
486 3759 695 3841 Epiphaniae,
728 3760 926 3821 Pentecostes
958 3764 989 3822 et
1021 3759 1207 3821 Natiuitatis
1244 3760 1278 3839 (a

187 3853 303 3929 Laud.)
323 3858 354 3917 et
371 3853 462 3915 Feria
479 3856 506 3914 6.
525 3855 597 3916 ante
615 3853 829 3916 Pentecosten.

230 3946 477 4028 Completorium
501 3947 642 4026 sequitur
666 3947 819 4025 Vesperas
845 3947 983 4025 integras
1005 3947 1052 4009 rel
1077 3968 1095 4009 a
1122 3947 1278 4028 Capitulo.

230 4043 257 4101 2.
280 4039 395 4102 Modus
415 4039 604 4102 Ordinoriue
620 4038 803 4101 adhibetur:

236 4134 287 4210 (o)
315 4132 353 4193 In
372 4131 509 4212 quolibet
529 4132 621 4194 Festo
640 4130 768 4210 Duplici
788 4132 907 4209 majore
925 4134 971 4195 rel
992 4133 1113 4195 minore
1130 4137 1161 4196 et
1182 4134 1279 4195 Serni-

189 4225 319 4305 duplici‚
333 4224 413 4304 quod
430 4244 492 4287 non
508 4230 553 4286 est
568 4223 708 4293 Domini,
725 4228 782 4285 etc.
799 4230 942 4305 utsupra
961 4230 974 4286 l
1000 4227 1074 4299 tul:

238 4320 289 4393 (hl
315 4318 375 4379 Per
392 4338 498 4378 ornnes
519 4317 660 4385 (lt-taras.
678 4337 755 4397 quac
772 4337 834 4377 non
854 4324 927 4380 sunt
947 4320 1111 4381 Fortinum
1130 4319 1194 4381 Dni
1229 4320 1283 4382 Ec-

191 4412 255 4473 clae
274 4410 466 4472 universalis.

235 4505 384 4568 Attamen
404 4504 529 4588 siquod
551 4505 678 4565 Festum
698 4504 904 4566 ordinarium
923 4505 1065 4589 proprias
1088 4506 1296 4586 Autiplxonas
