2804 4890
152 697 213 762 556
254 705 340 765 APP.
364 706 406 764 11.
445 706 499 764 DE
523 707 717 764 VESTIBUS
741 709 879 765 saonis
903 707 1160 766 SAOERDOTIS.

152 882 229 946 quas
246 862 449 928 fabricatores
472 865 573 945 (inter
591 886 641 929 eos
660 866 765 943 etiam,
783 868 860 948 proh
879 867 985 930 dolor!
1026 867 1159 947 Judaei)
1184 885 1252 928 non

152 976 222 1021 raro
252 957 440 1039 excogitant.
491 958 656 1040 Imprimis
687 961 897 1040 reprobandae
928 964 1003 1023 sunt
1033 959 1143 1036 Albae,
1173 977 1251 1039 qua·

151 1070 224 1112 rum
249 1050 419 1115 reticulum
444 1051 624 1115 coniectum
650 1058 707 1129 est,
734 1074 798 1115 non
822 1075 840 1116 e
866 1054 942 1130 lino,
968 1053 1021 1116 sed
1048 1074 1065 1116 e
1091 1053 1250 1133 gossypio.

153 1142 244 1208 Certe
268 1145 365 1208 etiam
389 1143 496 1208 minus
521 1147 667 1209 convenit
690 1147 802 1210 habere
827 1146 996 1210 reticulum
1020 1166 1092 1209 cum
1114 1145 1252 1225 obiectis

151 1238 198 1300 vel
223 1237 334 1319 figuris
358 1239 465 1316 sacris,
489 1239 673 1320 praesertim
698 1241 732 1301 in
757 1238 902 1303 inferiori
925 1245 1015 1321 parte
1039 1238 1148 1314 Albae,
1175 1239 1251 1318 quia

152 1329 208 1393 hae
228 1331 347 1412 figurae
369 1332 404 1394 in
425 1331 662 1413 genuflectendo
684 1332 909 1395 conculcantur
931 1332 1014 1414 quod
1035 1330 1250 1394 indecentiam

151 1423 243 1504 sapit.

195 1520 242 1579 11.
267 1516 428 1592 Quatenus
460 1517 566 1598 agitur
600 1516 638 1581 de
671 1517 839 1596 symbolica
873 1517 1104 1599 significatione
1137 1517 1250 1581 Albae.

151 1609 335 1690 praecipuae
361 1611 637 1689 interpretationes
664 1616 739 1673 sunt
766 1616 944 1690 sequentes:

198 1703 249 1782 (a)
277 1700 358 1764 Alba
383 1702 541 1782 significat
565 1703 748 1783 puritatem,
775 1704 933 1782 imprimis
960 1725 1030 1767 vero
1057 1702 1250 1784 pudicitiam

151 1798 183 1857 et
206 1792 396 1855 munditiem
418 1793 521 1856 cordis
542 1799 573 1858 et
597 1797 827 1876 corporisque
852 1795 966 1859 Clerici
990 1816 1111 1877 semper
1133 1795 1252 1858 debent

150 1906 216 1950 esse
238 1886 354 1950 induti.
398 1887 521 1950 Nomen
542 1891 575 1950 et
596 1888 681 1950 color
704 1888 736 1949 id
760 1890 952 1969 exprimunt.

198 1979 251 2060 (b)
278 1978 370 2055 Alba,
385 1980 565 2061 quoniame
581 1980 647 2042 lino
660 1980 836 2057 conficitur,
852 1987 958 2045 monet
975 1981 1143 2057 clericum,
1160 1982 1250 2063 puri-

151 2075 249 2136 tatem
267 2073 390 2136 animae
410 2093 472 2134 non
492 2092 580 2154 posse
600 2073 735 2135 obtineri
755 2073 816 2135 nisi
837 2094 892 2154 per
910 2076 1092 2137 continuam
1113 2074 1250 2137 mortifi-

151 2167 315 2229 cationem.
363 2165 456 2243 Nam,
479 2168 743 2245 argumentantur
767 2165 943 2246 scriptores,
968 2169 1069 2230 linum
1095 2189 1111 2229 e
1137 2166 1251 2247 planta

150 2278 207 2322 sua
234 2256 396 2339 originali⁹
423 2259 648 2340 perfectionem
676 2262 708 2322 et
732 2259 918 2321 emicantem
947 2259 1155 2350 albitudinem
1183 2280 1251 2322 non

152 2351 354 2426 nanciscitur,
373 2352 433 2413 nisi
452 2352 584 2430 repetita
604 2351 749 2413 tunsione
766 2356 798 2413 ct
817 2372 930 2432 magno
951 2352 1052 2413 labore
1072 2351 1249 2413 accedente.

199 2445 248 2523 (c)
276 2445 366 2520 Alba,
390 2445 464 2524 qnia
486 2449 533 2507 est
555 2444 648 2505 vestis
672 2443 777 2523 ampla
802 2450 832 2507 ct
857 2445 1002 2525 spatiosa,
1027 2450 1098 2525 apte
1124 2465 1250 2524 reprac-

152 2541 255 2601 sentut
274 2537 449 2600 libertatem
472 2537 608 2597 filiorum
632 2536 701 2611 Dei,
722 2538 775 2616 qui
797 2557 891 2615 supra
913 2538 1066 2599 desideria
1086 2538 1251 2598 mundana

151 2630 274 2704 elevati,
299 2650 362 2691 non
389 2631 420 2690 in
448 2631 597 2690 servitute
623 2630 726 2690 carnis
751 2629 925 2703 ambulant,
951 2632 1003 2691 sed
1031 2630 1095 2692 lleo
1119 2637 1152 2691 et
1178 2631 1251 2706 ojus

151 2723 279 2787 servitio
299 2741 330 2784 se
351 2721 472 2785 dedunt
492 2740 611 2783 necnon
635 2723 754 2783 laetitia
778 2742 892 2802 magna
914 2723 1075 2783 fruuntur.

199 2815 252 2893 (d)
280 2814 371 2888 Alba,
389 2817 542 2894 quatenus
559 2815 598 2874 ad
617 2815 694 2876 talos
714 2818 758 2877 vel
780 2814 872 2894 pedes
891 2815 1053 2894 pertingit,
1070 2813 1252 2891 spnnbolum

151 2912 199 2973 est
221 2908 468 2988 perseverantiae
490 2912 521 2969 et
545 2925 725 2987 progressus
748 2907 892 2971 continui
916 2909 950 2969 in
972 2908 1121 2972 exercitio
1145 2907 1252 2973 diver-

151 3019 257 3064 sarum
281 2999 446 3063 virtutum.

593 3201 708 3273 Anu.
733 3201 805 3273 ΙΙΙ.

573 3383 623 3435 DE
648 3383 822 3436 CINGULO.

193 3555 264 3621 alo.
288 3556 461 3637 Cingulum
484 3561 531 3620 est
554 3555 716 3618 funiculus
739 3556 783 3617 vol
809 3553 946 3627 cordula,
969 3556 1061 3634 cujus
1084 3577 1142 3637 ope
1168 3559 1254 3622 Alba

151 3654 273 3731 corpori
298 3650 477 3731 adaptatur,
502 3651 558 3711 “ut
582 3650 709 3710 honeste
733 3649 905 3728 dependeat
930 3655 960 3712 et
985 3654 1069 3730 tegat
1095 3656 1195 3713 uestes
1221 3659 1254 3714 et

151 3743 190 3806 ad
217 3742 418 3806 latitudinem
447 3744 553 3821 digiti¹
583 3744 629 3805 vel
659 3741 783 3803 circitor
811 3761 903 3821 super
931 3748 1047 3804 terram
1074 3744 1255 3823 aequaliter

151 3834 275 3900 fluat.'’²

194 3931 221 3992 2.
246 3928 478 4007 Congrricntins
501 3953 517 3990 c
542 3929 607 3989 lino
631 3927 806 4003 conficitur,
830 3928 881 3991 sed
907 3925 1003 3989 oliam
1028 3927 1089 3988 alia
1113 3932 1255 3993 materia

150 4020 291 4084 adbiberi
314 4026 425 4101 potest,
445 4022 536 4081 siculi
560 4021 642 4095 lana,
663 4021 843 4098 gossypium
863 4020 910 4083 vel
931 4019 1083 4095 sericum3
1104 4025 1136 4082 et
1158 4022 1192 4083 iu
1217 4045 1256 4086 eo

150 4133 223 4177 casu
240 4135 301 4175 non
319 4113 409 4176 debet
426 4134 489 4175 esse
507 4113 566 4173 albi
586 4112 706 4175 coloris.
746 4113 794 4173 Ad
813 4113 962 4174 dubium:
979 4112 1052 4174 “An
1070 4113 1256 4192 cingulum.

150 4208 280 4271 tertium
302 4205 520 4267 indumentum
539 4205 737 4275 sacerdotale.
755 4206 852 4286 possit
870 4227 934 4270 esse
952 4205 1064 4269 coloris
1082 4226 1256 4286 paramen-

150 4303 267 4374 torum,
288 4298 333 4361 vel
356 4299 526 4361 necessario
548 4298 656 4361 debeat
677 4317 741 4361 esse
763 4299 868 4361 album
877 4297 911 4361 ?'’
936 4300 966 4362 S.
991 4300 1122 4362 Rituum
1148 4301 1256 4385 Cong.

183 4455 262 4506 ⁰'l'ha
280 4455 398 4517 original
416 4453 479 4506 flax.
709 4455 813 4506 ²Bubr.
830 4456 964 4507 Celebrat.
980 4457 1081 4507 Missae
1097 4454 1120 4505 1.
1137 4456 1162 4508 3.

179 4530 262 4588 ¹0na
282 4531 353 4586 inob.
