2804 4890
308 672 395 728 APP.
421 673 446 729 1.
492 671 805 728 DEMONSTRATIO
829 671 1086 727 DEFECTUUM.
1183 662 1245 723 545

151 854 170 894 a
200 832 322 893 rubrica
351 831 584 912 praescribitur,
612 836 721 893 eontra
749 834 855 892 autem
882 829 1025 893 attollere
1054 847 1152 908 quum
1180 845 1244 887 uon

152 924 384 1003 praescribitur.

195 1022 244 1077 39.
267 1017 317 1078 Ad
343 1017 466 1079 blanda
490 1037 542 1079 cor
568 1036 671 1079 meum
697 1015 799 1078 dicere
823 1016 906 1079 Jube
931 1015 1054 1079 Domue
1079 1035 1136 1096 pro
1161 1013 1245 1076 Jubc

153 1108 298 1182 Domino,
316 1114 371 1172 aut
390 1110 524 1172 osculari
543 1109 652 1172 Altare
671 1114 741 1191 post
761 1110 840 1171 hanc
861 1108 1081 1189 precationem.

195 1206 245 1264 40.
268 1201 415 1264 Manibus
431 1203 573 1264 insistere
589 1201 693 1264 Altari
707 1201 747 1264 ad
761 1201 795 1263 Μ
798 1201 885 1264 uada
898 1221 951 1264 cor
964 1219 1080 1273 meum,
1093 1199 1133 1262 ad
1148 1202 1246 1261 Sono-

155 1300 204 1357 tus
221 1300 253 1358 et
271 1295 311 1357 ad
330 1295 441 1375 Aptius
460 1292 529 1358 Dei.

195 1391 244 1448 41.
268 1386 454 1467 Incipiendo
480 1387 687 1469 Evangelium
712 1405 843 1450 manum
867 1386 1030 1449 sinistram
1056 1405 1120 1447 non
1147 1387 1245 1465 impo-

153 1501 226 1543 nere
255 1480 386 1557 llissali,
412 1486 448 1543 ut
476 1479 586 1542 Crucis
613 1481 741 1560 signum
768 1499 862 1559 super
890 1484 1011 1543 textum
1038 1477 1152 1559 signet,
1179 1496 1246 1552 nec,

154 1593 250 1653 quum
265 1594 296 1634 sc
311 1573 422 1654 pollice
436 1571 585 1654 signabit,
599 1592 730 1636 manum
742 1572 884 1635 eamdem
899 1572 985 1635 intra
1000 1575 1109 1653 pectus
1122 1588 1246 1652 ponere,

154 1685 209 1728 nec
228 1666 344 1745 digitos
363 1671 467 1730 tenere
485 1670 636 1730 extensos.

194 1763 244 1820 42.
267 1758 512 1821 Inclinationem
533 1760 634 1822 facere
656 1777 761 1821 versus
783 1758 916 1821 Crucem
935 1759 970 1820 in
991 1756 1122 1839 legendo
1144 1757 1246 1818 Evan-

152 1852 244 1932 gelio,
273 1857 330 1914 aut
356 1851 563 1932 genuflectere
595 1851 729 1915 Crucem
757 1870 822 1914 non
853 1851 970 1913 librum
1001 1870 1117 1927 versus,
1149 1868 1246 1929 quum

152 1944 329 2024 genuflexio
353 1945 544 2025 praescripta
567 1945 619 2007 sit.

195 2041 244 2097 43.
268 2036 319 2098 Ad
334 2037 377 2098 Et
392 2038 572 2100 incorrectus
586 2036 795 2117 genuflectere
809 2040 941 2117 utroque
956 2056 1050 2118 genu,
1066 2037 1114 2099 vel
1129 2035 1246 2098 morari

154 2131 188 2191 in
210 2129 436 2209 genuflexione,
458 2135 515 2192 aut
536 2132 630 2209 caput
652 2130 749 2191 etiam
771 2129 932 2191 inclinare.

195 2227 245 2284 44.
269 2222 419 2284 lnchoare
445 2220 556 2282 Crucis
580 2221 707 2299 signum
731 2221 821 2300 prius
845 2240 938 2300 quam
965 2221 1057 2284 verba
1080 2220 1124 2283 st
1148 2220 1244 2283 vitam

154 2315 279 2378 verituri
299 2313 425 2377 saeculi.

195 2412 244 2468 45.
269 2406 419 2487 Detegere
431 2405 569 2468 Calicem
582 2405 659 2467 dum
673 2404 824 2468 recitatur
838 2404 938 2468 Credo
951 2410 1008 2468 aut
1019 2423 1117 2486 quum
1130 2405 1247 2484 legitur

154 2499 369 2580 Offcrlorium.

195 2597 244 2655 46.
269 2593 410 2655 Recitare
428 2590 562 2655 eundem
579 2611 701 2654 versum
719 2590 856 2654 extensis
873 2590 1028 2653 manibus.

195 2690 244 2748 47.
268 2685 353 2747 Dum
370 2683 502 2747 Hostiae
516 2685 571 2747 fiet
587 2683 703 2748 oblatio
719 2684 838 2746 intueri
855 2683 999 2761 Crucem,
1015 2689 1071 2747 aut
1086 2688 1150 2746 tres
1165 2684 1246 2764 digi-

153 2785 200 2842 tos
222 2779 386 2842 inferiorcs
406 2779 462 2839 sub
482 2782 594 2858 patena
615 2797 678 2839 non
699 2776 874 2839 extendere.

194 2876 244 2934 48.
268 2871 397 2935 Detecto
430 2869 545 2945 Calice,
575 2870 680 2932 velum
711 2874 784 2950 post
813 2868 921 2951 ipsum
948 2873 1108 2952 utcunque
1140 2869 1245 2952 impli-

152 2985 230 3028 care.

195 3061 245 3120 49.
269 3058 405 3120 Calicem
436 3061 555 3136 tergere
585 3055 745 3132 violenter,
774 3060 830 3118 aut
858 3055 935 3118 dum
963 3077 981 3120 e
1008 3056 1112 3120 medio
1141 3054 1246 3118 Altari

153 3150 300 3214 transibit
327 3152 359 3210 in
386 3169 482 3211 cornu
512 3148 689 3228 Epistolae:
715 3148 852 3229 incipere
879 3149 1052 3212 orationem
1079 3149 1166 3212 Deua
1192 3148 1247 3230 qui

154 3246 308 3306 harmanno
331 3242 524 3304 substantiae
549 3242 626 3303 dum
651 3241 760 3303 vinum
785 3242 817 3302 in
844 3242 981 3303 Calicem
1006 3242 1166 3318 infundet,
1190 3245 1246 3305 aut

154 3338 336 3416 priusquam
355 3333 527 3413 ampullam
547 3333 611 3393 vini
632 3333 777 3413 deponat.

196 3433 244 3489 50.
269 3428 421 3488 Patenam
444 3445 515 3487 curn
540 3425 654 3486 Hostia
676 3424 723 3486 rel
748 3423 886 3488 Calicem
909 3427 945 3488 in
967 3426 1128 3491 offertorio
1150 3427 1246 3489 nimia

153 3522 282 3590 elevare
303 3523 358 3581 aut
378 3522 547 3596 utrumque
565 3516 698 3579 demisse
718 3517 815 3578 nimis
834 3518 997 3582 sustinere.

196 3618 245 3675 51.
269 3612 427 3674 Inclinare
450 3615 544 3691 caput
568 3608 755 3690 proferendo
777 3629 891 3672 nomen
912 3611 991 3674 Jesu
1014 3617 1046 3675 et
1068 3613 1188 3676 blaciae
1213 3611 1246 3675 in

154 3708 294 3769 oratione
320 3703 450 3784 Srrscipc
477 3703 593 3767 alatreta
622 3700 772 3773 Trinitas,
798 3703 934 3784 itemque
960 3705 993 3766 in
1021 3705 1149 3787 reliquis
1174 3708 1247 3768 anta

153 3800 405 3862 communionem
427 3794 630 3859 orationibus.

197 3897 245 3954 52.
270 3890 380 3954 Crucis
408 3891 498 3968 signa
526 3908 620 3968 super
648 3888 794 3952 Hostiam
822 3893 854 3953 et
883 3888 1018 3954 Calicem
1047 3891 1164 3956 efficere
1192 3896 1247 3954 aut

155 3985 306 4048 flectendo
321 3984 438 4059 digitos
453 3982 650 4045 inducendis
666 3983 757 4045 lineis
772 3982 812 4044 ad
829 3983 881 4045 illa
898 3983 1067 4059 efficienda,
1082 3988 1137 4048 aut
1150 4005 1246 4048 manu

154 4080 219 4141 fere
239 4079 353 4151 clariss,
374 4074 419 4138 rel
439 4074 545 4138 eadcm
566 4074 725 4138 efficiendo
745 4074 917 4137 saltuatim.

197 4176 244 4233 53.
269 4171 360 4231 illata
380 4189 451 4230 voce
470 4168 572 4231 dicere
594 4168 688 4230 Orate
707 4169 834 4247 fratres,
853 4173 989 4233 autnon
1009 4175 1126 4233 secreto
1145 4172 1247 4233 dicere

154 4271 190 4326 ut
207 4285 321 4331 niciam,
339 4265 407 4337 cte,
426 4266 481 4323 aut
498 4260 664 4323 subsistere
681 4264 790 4324 contra
808 4261 959 4341 populum
979 4261 1138 4342 praedicta
1156 4266 1246 4328 verba

155 4354 334 4437 proferendi
357 4354 477 4431 gratia;
502 4352 686 4432 respondere
709 4353 822 4419 Amen.
846 4358 901 4416 aut
923 4355 1107 4419 continuare
1130 4361 1248 4423 secreta

155 4449 336 4534 priusquam
362 4445 520 4527 responsio
544 4444 702 4526 Suscipiut
726 4466 744 4508 a
768 4445 915 4511 ministro
938 4446 1140 4533 compleatur.
