2804 4890
161 678 223 743 448
368 690 423 747 Du
445 690 712 750 SACRAMENTO
734 694 1044 754 POENITENTIAE.
1122 732 1126 743 ›

554 1363 745 1442 CAPUT
778 1366 866 1443 ΙΙΙ.

338 1545 395 1601 ns
421 1547 708 1604 sacaauauro
736 1548 1071 1606 Poaurrauman

199 1714 270 1780 282.
294 1717 475 1794 “Sacerdos
495 1717 678 1800 priusquam
699 1719 738 1782 ad
759 1717 953 1782 audiendum
972 1719 1108 1796 accedat,
1128 1720 1155 1782 si
1174 1722 1251 1781 tern-

158 1828 217 1890 pus
231 1814 387 1891 suppetat,
403 1812 546 1872 divinum
559 1812 714 1873 auxilium
729 1811 793 1893 piis
806 1810 950 1893 precibus
966 1812 1156 1893 implorabit.
1180 1859 1187 1874 .
1211 1859 1219 1874 .
1242 1859 1250 1873 .

159 1901 391 1983 Superpelliceo
405 1908 436 1965 et
452 1903 533 1966 stola
546 1904 673 1966 violacei
690 1903 802 1966 coloris
817 1907 937 1980 utatur,
953 1909 1048 1985 prout
1063 1910 1187 1986 tempus
1203 1902 1250 1965 vel

158 1993 297 2057 locorum
316 1995 396 2058 feret
412 1994 635 2058 consuetudo.''
676 1997 708 2058 S.
730 1997 765 2058 R.
788 1996 1014 2077 Congregatio:
1034 1997 1251 2059 “Conveniens

157 2090 214 2162 est,
228 2092 265 2149 ut
279 2089 313 2149 in
328 2087 466 2150 Ecclesia
480 2088 665 2151 adhibeatur
679 2088 803 2149 stole.”l
841 2089 876 2150 Ο.
892 2088 940 2151 Pl.
958 2090 1040 2153 Balt.
1058 2089 1103 2150 II.
1120 2089 1249 2151 statuit:

158 2179 229 2241 “Ad
249 2180 390 2243 tribunal
410 2201 532 2242 sacrum
552 2180 699 2243 accedens
722 2181 950 2258 Confessarius,
971 2181 1193 2263 superpelliceo
1214 2201 1250 2242 ac

157 2272 236 2337 stola
252 2273 396 2349 violacea,
412 2273 451 2336 ad
467 2273 695 2355 praescriptum
711 2273 848 2335 Ritualis
865 2273 999 2338 Romani
1015 2275 1057 2336 sit
1074 2272 1250 2336 indutus.''²

157 2365 376 2428 Confessioucs
392 2370 479 2428 extra
496 2364 667 2428 Ecclesiam
687 2366 733 2427 vel
749 2365 974 2429 confessionele
992 2366 1123 2428 audiens
1139 2367 1249 2429 saltem

156 2459 268 2521 stolam
292 2457 492 2521 laudabiliter
515 2457 651 2520 adhibet.
697 2458 870 2519 Mulierum
894 2458 1111 2521 Confessiones
1136 2461 1249 2540 absque

156 2552 339 2614 necessitate
356 2571 515 2630 nunquam
535 2550 598 2612 nisi
615 2571 670 2631 per
688 2557 788 2612 crates
807 2551 1007 2630 interpositas
1026 2552 1135 2614 audire
1153 2552 1249 2613 licet.³

157 2643 326 2723 Regulares
340 2643 542 2717 Confessarii,
557 2645 583 2705 si
598 2643 663 2704 sint
677 2642 822 2704 monaehi
837 2647 892 2704 aut
907 2643 1021 2706 fratres
1036 2643 1249 2706 mendicantes

155 2755 219 2797 non
233 2736 359 2815 quidem
374 2735 643 2815 superpelliceum,
659 2735 712 2796 sed
727 2740 832 2798 tamen
847 2735 959 2796 stolam
974 2735 1120 2798 adhibere
1136 2737 1249 2798 debent

155 2847 248 2908 super
263 2828 407 2890 habitum
425 2831 472 2890 sui
492 2826 639 2901 Ordinis3
658 2827 713 2888 alii
731 2825 836 2889 clerici
855 2827 1013 2907 regulares
1026 2828 1124 2892 etiam
1143 2849 1249 2909 super·

155 2919 320 3001 pelliceum
338 2920 483 2983 adhibere
502 2919 639 2980 debent.⁴

197 3014 225 3072 2.
249 3012 466 3074 confessarius
483 3012 695 3092 poenitentem
713 3011 910 3075 accedentem
933 3013 1041 3091 (juxta
1058 3013 1248 3075 laudabilem

155 3104 429 3177 consuetudinem)
449 3103 615 3178 benedicit,
628 3103 751 3166 dicens:
768 3103 925 3166 Dominus
937 3104 979 3168 sit
995 3105 1028 3167 io
1044 3105 1133 3169 corde
1151 3110 1203 3170 tuo
1218 3111 1248 3168 et

154 3197 187 3260 in
203 3198 293 3259 lobiis
308 3197 380 3261 evae.
396 3195 502 3258 etrite
518 3195 695 3275 confitearis
708 3195 815 3259 ovinia
826 3198 953 3279 peccalo
969 3203 1031 3260 luo.
1066 3199 1084 3259 I
1087 3222 1107 3262 n
1121 3199 1248 3261 tremine

155 3289 312 3364 Potrial-‚
332 3294 389 3353 etc.

197 3386 224 3445 3.
248 3382 356 3457 Quoad
373 3380 576 3444 absolutionis
591 3382 725 3442 formam
742 3381 931 3444 illicerentur
946 3383 995 3445 tui
1008 3387 1065 3446 etc.
1081 3384 1120 3446 ad
1135 3385 1155 3444 I
1157 3383 1247 3446 udul-

154 3475 292 3555 peutiom
311 3479 368 3537 etc.
390 3475 569 3537 “dexteram
589 3493 695 3535 uersus
715 3474 927 3553 poenitentem
945 3474 1075 3552 elevet,”
1096 3476 1163 3539 loeo
1183 3497 1247 3538 ma-

154 3588 213 3629 nus
242 3568 452 3648 impositionis
480 3565 657 3646 antiquitus
686 3565 838 3642 usitatae3
864 3567 996 3647 proinde
1025 3569 1181 3645 convenit,
1210 3570 1247 3630 nt

153 3661 257 3742 palma
278 3661 489 3739 poenitentem
509 3659 665 3739 respiciat.

194 3757 223 3814 4.
248 3752 283 3814 Si
304 3752 465 3832 poenitens
487 3773 547 3815 nen
568 3752 755 3820 absolvatur,
776 3750 994 3814 Confessarius
1014 3774 1085 3818 voce
1106 3753 1246 3834 aliquan-

151 3846 255 3909 tulum
271 3852 386 3909 secreta
400 3847 483 3906 lente
496 3844 597 3905 (licere
612 3847 712 3924 potest
729 3843 763 3904 Μ
769 3843 919 3904 iaorcolur
930 3849 999 3920 ete,
1014 3850 1043 3907 et
1059 3846 1172 3909 deinde
1187 3846 1247 3910 ele-

153 3942 224 4001 vata
237 3958 332 3999 manu
351 3936 584 4017 ludialpeutiam
603 3943 672 4004 etc„
690 3936 779 3998 illum
797 3936 829 3998 in
847 3937 908 3999 ture
924 3937 1087 4012 signando,
1103 3939 1169 4000 sine
1185 3959 1246 4018 qua

152 4031 321 4092 elevatione
335 4050 447 4091 manus
463 4035 492 4092 et
510 4027 724 4090 benedictione
740 4029 848 4090 nullus
864 4030 1027 4109 poenitens
1043 4031 1247 4111 quantumvis

153 4122 358 4202 indispositus
386 4121 506 4182 dimitti
538 4122 664 4201 potest,⁶
692 4121 886 4200 praesertim,
916 4121 943 4184 si
973 4121 1198 4186 confessionale
1227 4144 1246 4187 a

152 4219 239 4294 parte
260 4213 409 4277 anteriori
431 4215 473 4277 sit
492 4213 621 4275 omnino
643 4215 795 4291 apertum.

185 4367 240 4421 11).
256 4369 332 4420 3158.
350 4369 374 4419 2.
757 4367 931 4419 ⁴Catalanus
954 4371 1006 4421 etc.
1030 4368 1114 4434 juxta
1137 4371 1245 4436 praxim

186 4445 285 4495 ²lleer.
311 4446 370 4494 293.
722 4445 824 4496 areles
843 4443 929 4495 Urbis
946 4447 997 4497 ete.

182 4518 277 4573 slbtd
297 4536 323 4573 n.
345 4522 404 4575 295.
754 4520 899 4581 ⁵Baruff.;
915 4521 1056 4588 Catalan.;
1071 4522 1182 4579 Forniei
1194 4525 1245 4581 ete
