2804 4890
351 675 404 733 DE
427 676 700 734 COMMUNIONE
723 676 858 734 BXTRA
879 677 1043 736 MISSAM.
1181 668 1243 735 455

152 845 225 903 ante
250 838 534 904 Communicandos
557 842 691 905 linteum
715 841 891 904 mundum”
915 842 978 904 albi
1001 840 1113 903 coloris
1137 839 1242 901 exten·

151 951 231 1007 sum,
249 934 341 1013 cujus
360 935 428 997 loco
445 954 510 997 non
529 934 602 997 licet
620 935 670 997 uti
690 936 756 997 velo
774 934 890 1012 calicis,
909 933 1118 1013 manutergio,
1137 928 1242 994 casula

151 1030 208 1087 etc.

186 1119 214 1180 2.
239 1117 389 1181 Sacerdos
405 1125 478 1183 ante
493 1120 610 1201 gradus
625 1119 756 1197 Altaria,
773 1120 914 1202 deposito
931 1120 1042 1195 bireto,
1059 1115 1243 1200 genuflectit

151 1209 185 1271 in
205 1209 309 1290 plano,
331 1231 460 1292 surgens
480 1214 595 1276 iterum
615 1213 799 1294 genuflexus
819 1217 951 1294 utroque
971 1232 1054 1293 genu
1077 1212 1111 1273 in
1133 1209 1243 1272 infimo

149 1303 250 1383 gradu
269 1324 438 1385 parumper
456 1308 543 1380 orat3
562 1306 703 1369 ascendit
720 1306 761 1370 ad
780 1305 900 1382 Altare,
919 1304 1053 1385 explicat
1073 1302 1242 1384 corporale,

150 1395 252 1475 aperit
273 1395 520 1474 tabernaculum,
542 1398 755 1478 “genuflectit,
776 1398 914 1461 extrahit
933 1397 1080 1478 pyxidem
1101 1402 1133 1459 et
1155 1394 1241 1456 illam

151 1507 244 1567 super
259 1489 417 1568 corporale
433 1490 607 1571 depositam
622 1491 809 1571 discooperit
818 1512 827 1568 ;
843 1491 969 1554 etfacit
982 1487 1241 1571 genuflexionem.

151 1580 299 1643 Minister
312 1582 444 1662 genibus
458 1582 546 1644 flexis
559 1585 686 1646 nomine
700 1585 808 1666 populi
822 1584 862 1648 ad
877 1602 974 1646 cornu
990 1582 1150 1662 Epistolae
1165 1579 1243 1642 facit

150 1673 376 1737 confessionem
403 1675 579 1756 generalem
607 1677 730 1738 dicens:
759 1676 919 1756 Confiteor
942 1673 1022 1738 etc.”
1070 1672 1242 1736 Deficiente

150 1767 278 1829 omnino
297 1768 444 1829 ministro
463 1766 584 1844 idoneo,
602 1773 667 1850 ipse
687 1768 836 1831 Sacerdos
855 1773 1024 1849 antequam
1041 1766 1152 1830 Altare
1171 1785 1242 1828 con·

150 1858 277 1922 scendet
298 1859 332 1921 in
352 1860 461 1922 infimo
481 1860 582 1941 gradu
604 1860 748 1923 recitabit
770 1860 952 1939 Confiteor.e

193 1956 221 2014 3.
244 1953 349 2013 “Tum
370 1951 519 2015 Sacerdos
542 1954 656 2015 iterum
676 1952 880 2033 genuflectit''
905 1951 985 2032 (nisi
1006 1953 1151 2015 minister
1171 1971 1242 2013 con·

151 2043 318 2105 sessionem
344 2045 411 2124 jam
438 2044 478 2106 ad
505 2045 739 2126 praecedentem
766 2044 1016 2125 genuflexionem
1044 2044 1242 2124 perfecerit),

151 2136 202 2198 “et
219 2136 365 2197 manibus
382 2138 502 2215 junctis
521 2144 593 2199 ante
611 2142 719 2217 pectus
738 2138 831 2198 vertit
849 2155 880 2199 se
897 2136 938 2198 ad
955 2136 1118 2216 populum,
1136 2137 1241 2198 adver-

151 2232 230 2303 tens,
246 2247 285 2289 ne
303 2234 390 2307 terga
406 2233 506 2291 vertat
523 2229 734 2304 Sacrarncnto,
751 2234 781 2291 et
799 2229 833 2289 in
849 2249 946 2290 cornu
965 2228 1129 2307 Evangelii
1147 2228 1241 2288 dicit:

150 2319 339 2382 illicerentur
360 2320 455 2381 vestri
477 2319 566 2393 etc.,'’
588 2339 709 2399 sempor
731 2320 845 2401 plurali
867 2340 1008 2384 numero.
1051 2320 1115 2382 “Et
1135 2319 1241 2381 addit:

150 2412 386 2492 indulgentiam
407 2415 463 2473 etc.
483 2413 611 2490 signans
630 2411 946 2474 Communicamus?

191 2508 220 2566 l.
244 2503 386 2568 “Deinde
405 2503 444 2565 ad
464 2503 573 2565 Altare
592 2524 623 2566 se
640 2503 803 2580 convertit,
821 2503 1016 2584 genuflectit,
1035 2524 1131 2566 manu
1151 2504 1242 2566 sinis·

149 2601 198 2658 tra
221 2595 368 2676 pyxidem
391 2595 575 2678 prelrendit3
597 2601 629 2657 et
651 2596 772 2657 duobus
794 2596 915 2674 digitis,
938 2595 1051 2677 pollice
1073 2601 1106 2659 et
1128 2596 1241 2670 indice,

150 2690 389 2751 Sacramentum
405 2689 576 2768 accipitet
593 2687 723 2762 elevat,''
740 2708 803 2750 uno
821 2688 867 2751 rel
884 2688 1005 2752 duobus
1022 2689 1133 2769 digitis
1149 2707 1242 2769 super

149 2781 272 2861 pyxidis
291 2781 419 2856 labium,
436 2781 681 2860 “conversusque
699 2781 738 2842 ad
758 2781 909 2861 populum
928 2781 960 2842 in
979 2781 1082 2844 medio
1100 2778 1241 2843 Altaris’'

154 2875 274 2953 (coram
294 2871 499 2935 Sanctissimo
516 2873 655 2951 exposito
672 2873 706 2934 in
723 2891 820 2935 cornu
838 2871 1020 2951 Evangelii)
1042 2871 1141 2935 “dicit
1158 2871 1241 2934 clara

149 2986 236 3028 voce:
258 2966 337 3028 Ecce
359 2965 471 3045 Agnos
493 2964 563 3039 Dei,
585 2985 651 3027 cccc
674 2964 728 3045 qai
748 2963 831 3027 tollit
853 2968 979 3046 peccota
1001 2965 1121 3028 mundi.
1166 2965 1240 3028 Mox

148 3058 270 3120 subdit:
291 3057 426 3119 Domine
450 3077 512 3119 raon
532 3076 604 3119 sum
623 3055 738 3136 dignas
759 3062 816 3119 etc.
839 3057 921 3136 quod
942 3057 1069 3133 iteruin,
1090 3077 1125 3120 ac
1146 3057 1240 3119 tertio

148 3149 282 3230 repetit’'
302 3149 408 3213 omnia
428 3169 499 3212 voce
520 3147 612 3210 clara.

190 3247 217 3302 5.
241 3240 404 3316 “Postea’'
438 3260 501 3303 non
533 3241 631 3322 prius,
665 3239 725 3301 “ad
758 3241 1056 3305 communicandum
1088 3241 1239 3317 accedit,”

148 3354 268 3414 semper
290 3353 345 3414 per
365 3332 482 3413 gradus
503 3333 684 3408 anteriores,
707 3331 882 3411 “incipiens
904 3334 941 3396 ab
964 3334 1005 3396 iis
1026 3335 1081 3415 qui
1103 3333 1238 3397 suntad

147 3434 269 3507 partem
296 3425 473 3505 Epistolae3
500 3424 553 3488 sed
579 3424 692 3505 primo,
718 3425 745 3485 si
774 3423 1004 3502 Sacerdotibus,
1030 3427 1079 3491 vel
1105 3427 1176 3489 aliis
1202 3447 1239 3489 ex

147 3519 238 3582 (tlcro
258 3518 363 3581 danda
383 3518 425 3580 sit
447 3516 645 3590 Communio,
667 3516 706 3577 iis
726 3516 765 3578 ad
787 3517 903 3596 gradus
924 3517 1045 3579 Altaria
1066 3517 1239 3598 genuflexis

146 3611 340 3693 praebeatur,
366 3610 411 3672 vel
441 3609 467 3670 si
494 3608 655 3671 commode
680 3608 748 3668 fieri
776 3612 888 3688 potest,
917 3610 1001 3672 intra
1028 3610 1237 3690 sepimentum

145 3704 265 3766 Altaria
280 3703 346 3765 sint
359 3723 378 3764 a
391 3698 480 3763 laicis
494 3699 647 3762 distincti.
687 3699 868 3762 Sacerdotes
883 3721 955 3766 vero
970 3722 1042 3764 cum
1060 3704 1140 3766 stola
1156 3725 1237 3767 com-

145 3795 327 3858 municent''
344 3794 456 3857 coloris
471 3791 614 3873 ejusdem
633 3812 694 3872 quo
713 3792 816 3855 utitur
836 3793 984 3855 Sacerdos
1003 3797 1056 3874 qui
1077 3797 1236 3858 ministrat

145 3891 190 3953 vel
210 3888 322 3952 coloris
338 3885 410 3962 albi,
430 3886 561 3948 Diaconi
581 3905 652 3947 curn
671 3884 750 3947 stola
769 3906 861 3965 snpcr
880 3890 996 3949 cottam
1016 3888 1236 3951 transversa.'’²

186 3986 214 4045 6.
237 3979 408 4044 “Sacerdos
427 3977 597 4058 unicuique
615 3978 778 4058 porrigens
799 3981 1047 4056 Sacramentum,
1066 3986 1097 4043 et
1118 3982 1237 4044 faciens

143 4096 214 4139 cum
229 4096 264 4139 eo
278 4076 404 4153 signum
419 4071 529 4134 Crucis
542 4090 635 4150 super
648 4070 827 4151 pyxi‹lenr‚”
841 4071 880 4132 acl
896 4072 1141 4137 benedicendum
1154 4095 1235 4139 com-

143 4170 389 4240 municaturum,
410 4163 525 4226 “simul
546 4163 641 4226 dicit:
664 4164 786 4244 Corpus
805 4163 937 4226 Domini
956 4164 1036 4227 etc.''
1056 4171 1087 4228 et
1106 4169 1236 4248 propius

143 4262 310 4325 admovens
331 4276 461 4320 manum
483 4261 514 4318 et
536 4253 693 4337 pyxidem,
714 4276 777 4316 non
799 4276 870 4318 vero
892 4264 956 4320 tam
977 4278 1073 4340 prope
1095 4264 1131 4322 ut
1153 4280 1234 4323 com·

143 4356 306 4417 municans
330 4353 454 4414 ineam
478 4349 543 4412 lere
567 4347 697 4418 inhalat,
722 4348 856 4427 imponit
880 4349 1118 4416 Sacramentum
1142 4373 1234 4434 super

174 4499 229 4548 ssll.
248 4498 323 4546 3488.
342 4496 367 4546 3.
749 4491 803 4542 ⁷1).
823 4492 899 4543 3499.
921 4495 934 4544 l
953 4498 982 4545 et
998 4495 1022 4545 2.
