2804 4890
147 666 190 732 40
365 672 419 732 DE
442 670 638 731 PARTIBUS
662 668 808 730 MISSAE
831 666 1065 730 MOBILIBUS.

588 910 702 979 Anu.
728 909 800 979 ΙΙΙ.

294 1073 344 1123 nr
373 1072 557 1123 sersaoni
586 1072 707 1135 usous
736 1071 787 1121 an
815 1070 1094 1122 orruurouruu.

193 1209 243 1272 23.
257 1209 332 1271 Post
347 1208 532 1289 Epistolam,
545 1213 577 1271 et
590 1207 737 1272 similiter
750 1206 874 1288 quando
886 1207 1037 1287 leguntur
1048 1205 1156 1287 plures
1168 1204 1241 1269 Iec-

152 1306 252 1367 tiones
270 1309 340 1384 post
359 1303 498 1382 singulas
517 1303 635 1364 dicitur
652 1303 717 1366 Deo
738 1301 871 1377 Grotius,
890 1306 1108 1381 praeterquam
1129 1301 1163 1361 in
1182 1299 1241 1360 fine

152 1399 279 1478 quintae
294 1397 453 1458 Lectionis
470 1395 611 1457 Danielis
628 1396 659 1456 in
678 1395 768 1458 Sabb.
784 1400 804 1454 4
819 1396 929 1474 Temp.
945 1399 977 1458 et
993 1396 1026 1456 in
1043 1393 1105 1457 fine
1121 1393 1241 1455 Lectio

151 1511 228 1552 num
247 1492 343 1554 feriae
362 1491 389 1551 V
393 1490 418 1549 I.
438 1491 470 1551 in
489 1490 656 1551 Parasceve
673 1495 704 1552 et
722 1488 848 1550 Sabbati
869 1489 986 1550 Sancti.

194 1587 222 1646 2.
248 1585 402 1647 (leudaste
432 1604 553 1663 semper
580 1583 708 1658 dicitur,
737 1582 873 1662 exceptis
903 1581 1037 1644 Sabbata
1067 1581 1185 1645 Sancto
1212 1586 1242 1644 et

153 1685 291 1758 tempore
316 1679 453 1758 paschali
478 1698 496 1738 a
523 1676 656 1738 Sabbsto
683 1678 715 1737 in
739 1676 829 1738 Albis
854 1696 950 1757 usque
975 1675 1015 1737 ad
1039 1676 1160 1738 festum
1185 1675 1241 1737 SS.

152 1773 322 1833 Trinitatis
331 1793 340 1847 3
367 1777 442 1832 tunc
468 1773 537 1851 ejus
563 1770 629 1834 loco
655 1770 806 1832 dicuntur
832 1771 894 1833 duo
920 1791 1025 1834 versus
1051 1776 1083 1833 et
1109 1775 1243 1851 quatuor

152 1865 301 1943 Alleluja.

194 1964 222 2021 3.
248 1961 380 2021 Tractus
408 1961 557 2039 jungitur
585 1959 736 2021 Graduali
764 1979 782 2020 a
812 1959 1049 2039 Septuagesima
1077 1979 1176 2039 usque
1203 1957 1242 2020 ad

153 2054 272 2115 Pascha
288 2054 433 2114 omnibus
452 2053 626 2113 Dominicis
642 2060 673 2114 et
690 2054 723 2112 in
741 2052 847 2114 Missis
864 2053 986 2114 festivis
1002 2058 1095 2133 atque
1112 2053 1243 2126 votivis3

153 2148 228 2209 item
243 2148 387 2210 omnibus
401 2147 489 2208 feriis
506 2147 548 2206 ΙΙ.
565 2146 622 2206 IV.
638 2151 668 2208 ct
687 2146 741 2207 Vl.
758 2146 1043 2227 Quadragesimae.¹
1088 2147 1243 2208 “Tractus

154 2241 267 2303 Missae
294 2239 507 2303 conventualis
534 2241 654 2318 integre
681 2240 839 2302 canendus
866 2260 963 2320 quum
991 2240 1154 2320 Organum
1179 2260 1243 2303 non

152 2333 327 2415 pulsatur.’'
340 2337 352 2368 ²

194 2433 223 2490 4.
246 2428 417 2509 Sequentia
444 2449 497 2491 seu
527 2428 623 2490 Pross
650 2427 825 2489 omittenda
853 2431 899 2490 est
925 2428 960 2488 in
987 2427 1093 2488 Missis
1120 2428 1242 2490 votivis.

153 2522 237 2583 Dum
254 2528 401 2584 cantatur
418 2543 435 2584 a
454 2522 567 2596 Chore,
584 2523 736 2584 recitatur
753 2521 905 2582 submissa
924 2541 995 2584 voce
1012 2541 1030 2583 a
1050 2521 1243 2596 Celebrante,

153 2636 216 2676 non
234 2637 304 2677 vcro
320 2616 502 2677 alternatim
518 2636 589 2677 cum
607 2636 630 2676 s.
649 2616 831 2676 Ministris.³

196 2714 223 2770 5.
246 2709 454 2788 Evangelimo
487 2709 601 2770 Missae
633 2709 818 2788 respondere
850 2709 940 2770 debet
971 2708 1120 2770 homiliae
1151 2708 1243 2772 officii

153 2804 215 2864 diei
226 2824 234 2878 ;
252 2803 277 2864 si
297 2804 413 2864 festum
432 2804 547 2864 liabens
566 2805 728 2883 propriam
749 2803 954 2880 Evangelinm
975 2803 1009 2864 in
1028 2801 1125 2864 Missa
1144 2808 1244 2865 trans·

154 2898 276 2957 feratur
291 2896 330 2957 ad
349 2900 472 2976 tempus
490 2897 642 2976 paschale,
662 2898 717 2958 boc
735 2896 817 2958 idem
836 2896 1044 2975 Evangeliam
1061 2897 1123 2959 erit
1139 2897 1244 2961 dicen-

153 2990 342 3064 ‹lum‚secus
359 2990 572 3051 decommum
590 2989 676 3050 illins
692 2991 842 3070 temporis
864 2990 906 3067 (e.
923 3010 952 3069 g.
971 2990 1150 3069 Martyrum
1168 2996 1244 3052 tem·

154 3104 227 3163 pore
246 3084 415 3162 paschali).

196 3180 223 3238 6.
246 3178 429 3256 Synrbolum
447 3198 500 3238 seu
517 3177 616 3240 Credo
630 3177 723 3238 certis
739 3177 848 3238 (liebus
863 3178 1013 3238 recitatur
1028 3177 1151 3240 ratione
1164 3197 1244 3258 mys·

155 3272 236 3345 terii,
257 3273 303 3332 vel
325 3271 495 3342 doctrinae,
518 3271 563 3331 rel
586 3270 784 3332 celebritatis.

201 3366 251 3442 (o)
272 3365 402 3425 {latione
417 3365 557 3441 austerii
573 3367 603 3425 iu
619 3363 724 3426 ecalcm
739 3366 889 3435 colliculi,
903 3370 940 3427 at
953 3366 984 3425 in
1001 3364 1090 3426 testis
1104 3363 1245 3437 Domini,

153 3459 265 3538 quibus
280 3458 505 3519 adnumeratur
524 3457 684 3518 lledicatio
700 3457 864 3530 Ecclesiae,
881 3459 913 3518 in
929 3459 1017 3519 testis
1032 3459 1067 3519 B.
1084 3458 1128 3519 M.
1145 3458 1196 3532 V,
1211 3459 1245 3519 in

156 3552 329 3614 Dominicis
358 3552 412 3628 (ob
436 3552 617 3613 memoriam
644 3551 890 3612 Resurrectionis
915 3551 1076 3630 Domini).

201 3647 253 3723 (b)
284 3647 415 3707 {latione
437 3645 596 3707 doetrinae
619 3644 709 3705 verbo
732 3651 762 3705 et
785 3645 901 3724 scripto
923 3647 1131 3709 annuntiatae
1152 3652 1243 3727 atque

154 3741 299 3812 traditae,
328 3747 361 3800 ut
391 3741 423 3799 in
453 3739 541 3800 lestis
569 3738 791 3817 Apostolorum
819 3745 848 3801 et
880 3738 1061 3813 Doctorum,
1089 3748 1182 3820 atque
1212 3740 1243 3801 S.

155 3833 273 3895 Mariae
297 3832 511 3910 Magdalenae,
535 3851 612 3910 quae
636 3831 720 3893 “tuit
743 3832 967 3911 Apostolorum
989 3831 1150 3913 Apostola,
1173 3854 1243 3897 cum

155 3927 253 3988 fuerit
275 3927 416 3986 omnium
440 3925 553 4005 prima,
576 3943 654 4003 quae
678 3924 924 3989 Resurrectionis
945 3926 1099 4005 gaudium
1122 3946 1244 3990 annun·

154 4021 247 4084 tiarit
264 4018 453 4099 Apostolis.”
466 4020 478 4051 ⁴

191 4159 296 4209 1Nota
317 4158 462 4207 Rubricam
485 4157 512 4207 in
535 4157 673 4206 Communi
726 4159 864 4209 omittitur
894 4160 1039 4221 Groduate,
1069 4161 1140 4224 quod
1170 4174 1246 4224 prue-

156 4236 331 4287 Sanctorum:
382 4235 478 4283 “Post
526 4233 673 4298 Septuage-
725 4236 1113 4296 ceditl'ersuiAltetajotico.

156 4316 251 4364 simam
271 4313 378 4362 omissis
398 4312 520 4374 Alleluia
539 4317 566 4361 et
587 4312 673 4362 Versu
762 4312 824 4363 ²1).
848 4315 923 4364 3108.
950 4316 989 4365 14.

154 4406 207 4456 seq.
224 4391 325 4441 dicitur
341 4389 503 4453 Tractus;''
520 4403 571 4438 noa
590 4391 674 4452 igitar
762 4389 825 4439 Η),
854 4392 927 4441 1490.
952 4392 982 4453 2;
1009 4396 1038 4442 et
1062 4391 1138 4442 2956.
1165 4392 1189 4443 7.

762 4466 886 4517 ⁴Innoo.
910 4467 966 4519 III.
