2804 4890
390 643 444 700 Da
466 644 738 701 EXPOSITIONE
762 646 841 701 XIII
864 644 1076 705 HORARUM.
1220 640 1281 703 361

189 798 230 863 ed
247 797 397 863 aroendos
415 797 520 860 fideles
539 817 556 859 a
576 797 826 876 frequentatione
845 815 1012 877 pravorum
1031 797 1279 879 spectaculorum

190 892 468 972 indecororumque
508 890 655 953 ludorum
694 890 899 952 theatralium
937 897 969 952 et
1007 891 1047 954 ad
1087 891 1279 954 offerendam

190 985 324 1049 Divinae
347 983 508 1063 Maiestati
531 981 699 1062 aliqualem
723 982 971 1046 satisfactionem
994 1003 1051 1065 pro
1074 985 1207 1065 peccatis
1231 985 1278 1047 in·

188 1076 445 1152 numerabilibus,
467 1076 579 1157 quibus
599 1075 683 1138 hisce
704 1075 812 1139 diebus
834 1076 949 1140 offendi
972 1078 1072 1140 solet.¹

230 1173 259 1234 3.
282 1169 369 1233 Dum
394 1173 435 1232 40
462 1169 623 1232 Horarum
649 1170 750 1233 oratio
775 1170 883 1251 peragi
909 1175 1011 1251 potest
1038 1170 1176 1252 quolibet
1202 1172 1277 1234 snni

189 1270 337 1346 tempore,
352 1265 444 1327 modo
458 1265 515 1326 fiat
531 1266 565 1325 in
580 1285 644 1327 una
658 1271 784 1326 tantum
798 1264 924 1327 ecclesia
940 1284 1002 1327 uno
1018 1264 1185 1345 eodemque
1201 1269 1277 1328 tem·

188 1378 272 1439 pore,
294 1358 453 1420 Triduum
473 1359 579 1439 peragi
602 1359 675 1422 licet
697 1359 798 1421 solum
821 1359 905 1420 infra
928 1368 1050 1439 tempus
1072 1379 1090 1420 a
1111 1357 1277 1420 Dominica

189 1451 427 1532 Septuogesima
445 1472 542 1532 nsque
562 1453 599 1514 sd
621 1452 732 1515 feriam
753 1452 810 1513 IV.
832 1450 1000 1527 Cinerum3
1018 1451 1100 1514 nihil
1119 1455 1277 1532 praetereo

187 1545 299 1620 obstat,
316 1546 393 1626 quin
410 1550 579 1625 peragatur
596 1545 739 1625 pluribus
757 1547 790 1606 in
808 1546 944 1608 ecelesiis
962 1544 1066 1620 simul,
1084 1545 1142 1607 etsi
1161 1545 1226 1607 sint
1243 1546 1276 1606 in

187 1637 294 1702 eadem
312 1637 398 1700 urbe.
443 1638 623 1718 Exponitur
641 1658 711 1701 vero
732 1636 789 1698 SS.
811 1637 1049 1700 Sacramentum
1067 1637 1173 1698 “horis
1191 1636 1277 1699 diur-

187 1731 237 1794 nis
264 1734 390 1794 tantum
420 1752 438 1793 a
468 1751 558 1794 mane
588 1751 685 1811 usque
715 1731 753 1792 ad
786 1750 954 1811 vesperam,
984 1729 1023 1792 de
1052 1736 1142 1792 nocte
1171 1735 1277 1793 autem

188 1824 399 1887 reconditur.’'

228 1920 257 1979 4.
282 1918 482 1980 Observanda
510 1923 584 1980 sunt
612 1938 668 1998 pro
696 1918 780 1979 dieto
810 1917 930 1978 Triduo
959 1917 1074 1993 onmia,
1104 1935 1182 1997 quae
1210 1917 1277 1996 jam

186 2030 282 2091 supra
303 2012 350 2090 (n.
368 2014 439 2085 2:20,
456 2016 474 2072 3
491 2017 523 2074 et
539 2014 576 2085 4;
592 2017 623 2074 et
640 2031 670 2072 n.
688 2013 758 2085 221,
775 2015 793 2070 8
811 2017 841 2070 et
858 2014 893 2088 9)
916 2011 1056 2090 exposita
1072 2014 1156 2073 sunt.
1200 2008 1276 2071 Pro·

186 2105 282 2169 cessio
306 2124 406 2184 neque
432 2105 465 2165 in
491 2104 584 2165 Initio
609 2103 708 2165 tridui
733 2123 831 2183 neque
857 2105 890 2163 in
918 2103 977 2165 fine
1003 2104 1195 2184 praescripta
1220 2109 1275 2165 ost.

188 2196 369 2273 Coneiones,
388 2197 522 2259 durante
542 2196 598 2258 huc
615 2197 818 2276 expositione,
837 2216 899 2258 non
920 2199 1043 2257 tantum
1063 2217 1126 2258 non
1145 2195 1275 2258 interdi-

186 2295 311 2366 cuntur,
332 2289 386 2352 sed
408 2290 504 2351 immo
526 2289 613 2351 valde
634 2289 788 2368 optandae
809 2294 893 2363 sunt,
914 2292 945 2352 et
967 2288 1093 2368 quidem
1114 2287 1276 2351 conciones

187 2386 320 2464 majores
345 2383 545 2447 “attrahendi
571 2403 663 2445 causa
686 2381 946 2443 multitudinem”
972 2380 1159 2461 fovendique
1184 2400 1275 2443 causa

185 2477 386 2539 odoratorum
399 2496 472 2556 erga
486 2476 542 2537 SS.
559 2476 797 2538 Sacramentum
809 2475 1014 2537 devotionem.
1060 2473 1150 2536 Nihil
1163 2473 1276 2548 obstat,

186 2572 262 2650 quin
282 2570 437 2650 Vesperae
456 2569 638 2630 solemniter
655 2568 871 2643 decantentur,
891 2567 988 2631 immo
1007 2568 1112 2649 potius
1130 2567 1188 2630 hoc
1208 2567 1273 2628 fieri

186 2663 274 2727 valde
288 2661 530 2724 desiderandum
544 2666 599 2722 ost.
643 2660 813 2734 “Quotidie
828 2660 943 2742 populo
957 2660 996 2722 ad
1012 2679 1170 2740 vesperam
1186 2660 1273 2722 bene-

185 2754 363 2818 dicatur.''²

228 2853 255 2909 5.
279 2847 403 2911 Altaria
417 2848 451 2910 in
464 2849 522 2910 lroc
536 2847 656 2909 Triduo
671 2847 868 2928 privilegiata
882 2868 946 2910 esse
960 2868 1023 2910 non
1039 2847 1186 2910 videntur
1195 2868 1203 2923 ;
1217 2848 1275 2910 hoo

184 2942 268 3002 enim
282 2941 483 3022 privilegium
498 2962 516 3002 a
531 2941 588 3000 Pio
605 2940 679 3001 VH.
693 2940 889 3004 solummodo
902 2960 958 3022 pro
971 2943 1110 3021 tempore
1124 2941 1274 3004 orationis

184 3039 224 3095 40
241 3034 401 3097 Horarum
418 3055 596 3095 concessum
613 3038 668 3095 ost.

224 3132 251 3189 6.
276 3128 481 3207 Indulgentia
495 3127 635 3208 plenaria
647 3126 829 3190 conceditur
841 3128 985 3190 omnibus
999 3126 1274 3190 Cirristifidelibus.

185 3222 258 3302 “qui
278 3222 471 3303 poenitentia
489 3228 518 3282 ct
540 3221 633 3282 Sueru
654 3220 770 3300 Synuxi
790 3223 850 3282 rite
868 3221 995 3295 muniti,
1013 3220 1147 3301 singulis
1166 3220 1273 3282 diebus

184 3313 454 3395 Angustissimum
483 3314 600 3376 Christi
630 3313 751 3394 Corpus
783 3312 923 3392 [publiio
949 3312 1049 3374 cultui
1076 3311 1268 3393 expositum]

185 3408 353 3482 visitarint,
377 3407 479 3470 Deum
500 3413 624 3469 orantes
645 3408 736 3486 juxto
758 3407 902 3466 ccclesiae
925 3403 1106 3469 mentem.''³

615 3655 728 3725 ΛΒΤ.
755 3655 840 3724 ΠΙ.

403 3831 453 3881 DE
478 3829 733 3882 EXPOSITIONE
760 3830 834 3877 XIII
859 3828 1052 3881 IIORARUM.

224 4003 294 4066 229.
318 4004 381 4067 Ubi
405 4002 563 4064 Triduum
586 4000 754 4082 praedictis
777 4001 885 4063 diebus
909 4000 1013 4064 baberi
1038 4002 1157 4082 nequit,
1180 4021 1271 4082 expo

179 4098 253 4162 sitio
268 4098 325 4160 SS.
340 4096 534 4159 Sacramenti
547 4097 652 4175 peragi
667 4100 769 4175 potest
782 4096 834 4155 “in
851 4094 941 4155 Feria
956 4095 994 4157 V.
1010 4095 1094 4156 infra
1108 4093 1271 4156 hebdoma-

216 4247 225 4278 ¹
246 4239 304 4290 Cir.
321 4239 491 4290 Lambertini
507 4237 591 4288 Instr.
607 4235 698 4286 XXX.
751 4235 846 4286 -Cfn
868 4235 936 4286 Inat.
956 4240 1027 4301 pust.
1048 4237 1105 4287 Ait.
1126 4236 1168 4287 23.
1190 4235 1270 4290 Febr.

179 4334 205 4368 n.
237 4319 276 4378 17,
305 4317 405 4367 Bened.
436 4315 513 4366 XIV.
542 4314 626 4365 Instr.
658 4315 699 4378 14,
754 4315 829 4376 1880,
847 4328 873 4363 n.
894 4315 951 4376 161,
968 4317 997 4364 et
1013 4314 1053 4368 De
1071 4312 1170 4377 Herdt,
1187 4312 1211 4366 1.
1228 4313 1270 4365 31.

179 4411 204 4446 n.
224 4398 247 4446 8.
788 4397 799 4431 ³
820 4391 920 4442 Bensd.
942 4391 1019 4444 XIV.

215 4479 227 4511 ²
247 4473 346 4524 Bened.
367 4471 444 4521 XIV.
464 4474 492 4522 st
511 4469 593 4521 Clem.
613 4468 698 4519 XIII.
