2804 4890
181 687 241 750 338
519 695 573 750 DE
591 696 762 751 SABBATO
783 695 941 754 SANC‘DO.

228 872 255 932 l.
279 869 415 934 “Cereus
429 871 592 950 paschalis,
607 890 770 934 remanens
784 871 818 933 in
832 892 887 936 suo
901 871 1118 949 candelabro,''
1132 875 1166 936 in
1180 873 1276 954 plano

187 964 375 1045 Evangelii⁰
399 964 606 1026 “accendetur
629 965 662 1025 in
687 964 792 1026 Missis
814 965 847 1026 in
871 966 1016 1028 omnibns
1039 965 1216 1029 Dominicis
1239 987 1276 1028 ac

186 1058 276 1120 festis
293 1057 433 1133 Domini,
450 1063 481 1121 et
500 1058 688 1119 Sanctorum
705 1058 742 1121 de
759 1063 923 1138 praecepto
932 1057 962 1134 ;''
981 1059 1056 1121 item
1074 1060 1166 1138 juxta
1185 1059 1217 1122 S.
1237 1060 1275 1122 R.

186 1150 234 1212 (3.7
251 1151 453 1213 “accenditur
469 1150 508 1213 ad
527 1150 638 1214 Missas
654 1155 685 1213 et
703 1151 856 1230 Vesperas
872 1152 1024 1214 solemnes
1040 1153 1074 1214 in
1092 1152 1193 1215 tribus
1210 1152 1275 1214 die·

185 1245 242 1306 bus
257 1244 403 1319 Paschae,
419 1244 553 1307 Sabbato
568 1245 601 1305 in
615 1244 704 1306 Albis
717 1250 749 1306 et
763 1246 795 1306 in
810 1245 919 1308 diebus
934 1245 1109 1308 Dominicis
1122 1266 1221 1327 usque
1234 1245 1275 1308 ad

186 1338 302 1401 festum
324 1338 522 1401 Ascensionis
544 1338 685 1415 Domini,
705 1359 766 1418 quo
787 1339 838 1403 die
858 1345 983 1402 cantato
1005 1339 1177 1421 Evangelio
1203 1338 1276 1420 [per

185 1432 380 1512 acolythum]
401 1431 637 1513 extinguitur;''
654 1453 746 1513 porro
762 1453 799 1496 ex
816 1433 966 1494 laudabili
983 1433 1209 1497 consuetudine
1225 1453 1275 1494 ac-

185 1525 275 1589 cendi
290 1530 392 1605 potest
405 1545 460 1605 per
474 1532 572 1588 totam
587 1531 726 1587 octavam
743 1526 915 1601 paschatis,
931 1528 964 1588 in
979 1526 1068 1588 festis
1085 1526 1275 1588 Sanctorum

185 1618 367 1681 solemniter
386 1618 557 1693 celebratis,
579 1619 613 1679 in
635 1619 732 1681 Missa
755 1619 924 1699 parochiali
947 1619 1042 1681 etiam
1064 1639 1127 1682 non
1148 1622 1276 1682 cantata

186 1711 220 1772 in
246 1711 431 1786 Dominicis,
457 1732 619 1791 nunquam
645 1733 715 1775 vero
743 1714 774 1773 in
803 1713 908 1774 Missis
934 1712 1045 1774 eoloris
1071 1712 1199 1775 violacei
1227 1712 1276 1774 rel

186 1803 295 1885 nigri.⁸
349 1804 409 1865 “In
437 1804 488 1867 die
515 1805 714 1868 Ascensionis
744 1805 882 1880 Domini,
910 1806 1064 1885 completa
1092 1805 1201 1880 Missa,
1228 1824 1275 1866 re·

186 1901 329 1961 movetur
357 1920 373 1962 e
402 1897 596 1973 candelabr0,
626 1902 657 1962 et
686 1904 827 1960 servatur
856 1898 1070 1960 accendendus
1101 1899 1134 1959 in
1165 1897 1276 1978 vigilia

187 1991 384 2054 Pentecostes
399 1991 438 2052 ad
456 1991 711 2053 Benedictionern
726 1991 826 2054 fontis
836 1990 865 2065 ;''
881 1991 989 2052 ardere
1006 2011 1077 2052 vero
1093 2010 1156 2052 non
1173 1990 1276 2066 debet,

185 2083 261 2145 dum
279 2088 426 2146 cantatur
444 2084 541 2146 Missa
558 2085 592 2145 in
611 2084 719 2163 vigilia
738 2085 960 2146 Pentecostea⁰

493 2321 528 2382 B.
557 2321 601 2383 De
619 2320 795 2382 anotione
815 2319 961 2381 Solemni.

227 2479 297 2542 212.
322 2480 479 2543 Diaconus
499 2485 529 2542 ct
551 2480 767 2542 Sululiaeonns
788 2480 880 2540 sirnul
902 2502 972 2541 curn
995 2480 1188 2553 Celebrante‚
1209 2480 1274 2560 pla-

185 2575 476 2654 11etisdep0suis,¹⁰
500 2578 572 2635 ante
597 2574 705 2634 hltarc
731 2573 913 2652 procedunt,
938 2577 969 2635 et
992 2574 1076 2634 lacta
1101 2572 1275 2635 reverentia

182 2689 259 2747 resp.
291 2667 507 2748 genuflexione
539 2667 578 2728 ad
611 2667 753 2742 Crucem,
784 2668 1068 2746 congeniculabunt
1100 2668 1131 2728 in
1165 2667 1276 2727 intimo

183 2760 282 2839 gradu
297 2781 388 2838 seque
404 2764 615 2838 prosteruunt,
629 2758 755 2820 brachia
769 2766 801 2822 et
814 2765 907 2838 capiat
922 2762 1072 2838 ponentes
1088 2760 1120 2819 in
1136 2758 1274 2837 pulvinis

182 2876 237 2935 per
263 2855 419 2932 acolythos
447 2856 648 2934 praeparatio.
698 2855 761 2916 “ut
788 2875 894 2917 omnes
923 2856 955 2915 in
983 2855 1047 2917 suis
1075 2854 1150 2915 locis
1176 2875 1273 2934 genn·

185 2945 332 3009 flectunt:
350 2950 382 3007 et
397 2946 459 3008 dno
476 2953 616 3006 cantores
632 2944 790 3024 genuflexi
807 2951 879 3008 ante
895 2945 1063 3007 scabellum
1082 2943 1274 3005 inchoabunt

185 3041 352 3100 Litanias¹¹
379 3047 510 3117 utroque
536 3039 628 3100 choro
656 3039 737 3099 idem
763 3039 854 3101 simul
882 3037 1146 3117 respornlepte.''¹²

227 3136 254 3192 22.
278 3132 327 3192 Ad
347 3132 472 3193 uerbum
494 3133 673 3193 Peccatores·
695 3132 845 3194 Sacerdos
864 3136 894 3193 et
916 3131 1055 3193 llinistri
1076 3136 1222 3208 surgunt,
1241 3135 1273 3190 et

184 3227 268 3287 facta
312 3227 483 3287 reverentia
515 3225 553 3286 ad
589 3227 730 3297 curnem,
764 3225 1020 3306 praecedentibus
1052 3224 1204 3302 acolythis
1237 3232 1270 3285 et

182 3319 431 3381 Caerernoniario
453 3319 605 3381 accedunt
625 3320 662 3380 ad
686 3319 859 3380 sacristiam
881 3325 912 3381 et
933 3319 1071 3380 induunt
1092 3323 1276 3398 paramenta

184 3413 247 3474 albi
272 3411 382 3475 coloris
409 3432 463 3491 pro
491 3412 595 3472 Missa.
644 3411 776 3472 lnterirn
804 3410 1017 3471 accenduntur
1042 3410 1212 3471 luminaria
1238 3409 1272 3469 in

185 3506 299 3580 Altari,
317 3512 515 3567 remorentur
532 3505 646 3565 cussini
666 3508 697 3565 et
713 3502 933 3582 antipendiurn
952 3503 1133 3575 violaceum,
1151 3522 1272 3581 ponun-

183 3603 236 3660 tur
255 3599 384 3662 tabellac
403 3604 600 3661 secretarum.

228 3696 254 3754 3.
280 3692 410 3766 Quando
429 3714 447 3755 a
466 3692 558 3753 choro
578 3694 739 3752 cantatum
759 3694 805 3751 est
825 3689 948 3751 Christe
969 3692 1081 3752 eraudi
1102 3713 1165 3763 troc,
1187 3691 1272 3752 Cele-

182 3789 274 3848 brans
299 3808 367 3848 curn
394 3785 551 3848 llinistris
575 3790 606 3848 et
631 3785 758 3864 reliquis
782 3784 819 3845 ad
847 3784 955 3845 Altare
980 3787 1107 3860 accedit,
1131 3793 1161 3848 et.
1185 3792 1272 3857 tunc.

216 3929 228 3957 ⁴¹
249 3923 279 3972 l).
300 3923 375 3972 2890.
396 3923 419 3972 2.
790 3921 1014 3971 muntinolus.
1055 3922 1154 3972 Merati
1175 3927 1202 3972 et
1223 3923 1271 3973 alii

218 4000 280 4049 ⁷1).
297 4000 355 4049 235.
376 4001 414 4049 ll.
753 3999 780 4046 in
816 3998 945 4048 Ecclesiis
980 4014 1033 4049 non
1067 4000 1273 4050 cathedralibus

217 4078 291 4127 ⁸Cf.
325 4077 433 4140 Merati,
465 4075 487 4126 Ι.
519 4078 544 4138 4,
577 4078 616 4126 10.
666 4075 698 4124 In
754 4077 879 4126 Litanias
908 4077 966 4139 J'am
1000 4077 1025 4125 in
1056 4077 1225 4142 processione
1255 4094 1273 4129 a

181 4155 369 4206 benedictione
402 4169 462 4204 eum
497 4153 544 4203 SS.
579 4153 698 4203 Sacram.
754 4153 831 4204 fonte
860 4155 895 4204 ad
924 4155 1020 4205 Altare
1048 4157 1200 4205 cantandas
1227 4170 1271 4205 vo·

181 4247 335 4282 cererrsnon
352 4231 516 4282 accenditur.
540 4231 572 4281 D.
587 4231 662 4280 3479.
674 4232 698 4280 3,
753 4233 826 4289 lunt;
852 4237 881 4281 at
904 4233 1077 4295 Martinucct
1102 4233 1140 4283 II.
1164 4234 1205 4293 27,
1228 4234 1271 4297 92,

218 4310 421 4360 ⁹1).24.Nor.
440 4310 697 4371 1899‚n.404a.tu,
754 4310 964 4374 discrepantiam
1018 4312 1088 4359 inter
1140 4311 1273 4361 Rubricas

219 4397 243 4427 ¹⁰
263 4388 297 4437 Et
320 4387 474 4452 rrrarripulis,
495 4388 517 4434 si
540 4403 590 4435 uon
614 4386 698 4434 fuerit
752 4388 963 4437 Cnercurouiulia
1000 4389 1049 4452 llp.
1086 4395 1115 4438 et
1151 4389 1273 4438 blissalis

181 4467 334 4517 benedictio
364 4465 458 4515 scintis.
752 4480 804 4513 non
819 4471 914 4530 patere
928 4471 1025 4516 censet.

214 4552 239 4585 ¹¹
260 4545 334 4597 Cucr.
357 4544 407 4614 Bp.
429 4543 467 4594 ll.
489 4544 530 4610 27,
553 4545 592 4595 19.
