2804 4890
229 657 283 722 nn
306 657 495 724 sauneio.
521 659 606 724 oux
630 670 684 723 ss.
702 659 970 725 sacaxunxao
993 662 1143 726 naxos.
1179 650 1242 722 349

150 852 254 894 versus
275 853 372 894 cornu
392 832 570 913 Epistolae;
591 839 622 895 et
644 833 810 896 Celebrans
831 836 943 916 surgit,
964 836 1144 900 conscendit
1166 855 1237 915 sup-

150 925 322 1004 pedaneum
348 927 443 987 simul
469 947 540 987 eum
569 927 775 1003 subdiacone,
800 929 854 1008 qui
881 930 914 990 in
941 929 1138 992 extremitate
1163 948 1234 1008 snp-

147 1017 278 1098 pedanei
294 1017 486 1099 genuflectit.

190 1114 217 1172 5.
242 1110 408 1176 Celebrans
429 1112 527 1175 flectit
550 1114 678 1175 unicum
699 1134 781 1194 genu
803 1135 914 1176 manus
936 1116 1099 1195 imponens
1120 1115 1234 1189 Altari,

147 1205 250 1285 surgit
278 1205 373 1267 simul
402 1225 474 1267 cum
504 1205 653 1282 Diacono,
682 1208 736 1286 qui
765 1227 837 1269 cum
866 1208 996 1286 adjuvat
1026 1210 1060 1270 in
1089 1208 1234 1269 manibus

148 1298 289 1379 tegendis
316 1299 514 1362 extremitate
543 1299 601 1361 veli
629 1300 718 1380 eique
745 1300 844 1362 tradit
871 1301 1088 1364 ostensorinm.
1139 1302 1235 1363 Bene-

146 1391 294 1457 dictionis
314 1396 454 1472 tempore
475 1391 659 1473 genuflectit
681 1394 715 1454 in
736 1400 873 1457 extremo
894 1394 1092 1475 suppedaneo
1114 1399 1146 1457 et
1168 1394 1234 1454 fim-

146 1485 246 1547 briam
261 1485 422 1547 sinistram
439 1485 584 1566 pluvialis
600 1489 745 1561 sustinet,
763 1487 978 1549 subdiaconus
994 1509 1064 1550 vero
1080 1487 1233 1549 dextram.

189 1582 217 1640 6.
240 1578 463 1641 Benedictione
494 1584 619 1659 peracta
650 1579 806 1641 Diaconus
837 1581 948 1659 surgit,
978 1581 1186 1643 ostensorium
1215 1599 1234 1641 a

147 1671 329 1734 Celebrante
344 1673 466 1752 recipit,
482 1673 631 1753 ponitque
648 1675 680 1734 in
696 1673 818 1748 Altari5
835 1678 910 1736 tunc
926 1675 959 1736 in
974 1673 1182 1754 suppedaneo,
1197 1677 1234 1735 ut

146 1769 228 1841 ante,
248 1765 441 1846 genuflectit,
463 1766 559 1829 donec
582 1765 747 1827 Celebrans
769 1767 863 1827 simul
884 1787 955 1828 curu
978 1767 1175 1830 Subdiacono
1196 1767 1233 1828 dc

146 1858 249 1920 Altari
266 1859 498 1921 descenderit.²⁸
543 1860 632 1920 Tune
651 1859 808 1924 Diaconos
826 1861 938 1939 surgit,
955 1881 973 1921 a
990 1860 1086 1922 latere
1104 1860 1233 1921 unicum

144 1951 352 2032 genuflectit,
369 1956 401 2015 et
418 1953 541 2032 reponit
560 1952 812 2025 Sanctissimum,
829 1955 875 2014 uti
894 1973 988 2032 supra
1006 1974 1037 2014 n.
1056 1957 1074 2013 8
1092 1973 1149 2033 pro
1167 1953 1232 2013 solo

146 2046 328 2108 Celebraute
346 2046 522 2126 exponitur.

188 2143 215 2200 7.
237 2137 330 2202 Alius
352 2138 586 2201 Benedictionis
611 2141 737 2202 modus:
761 2138 927 2201 Celebrans
951 2160 1007 2218 per
1029 2141 1231 2218 semetipsum

144 2233 211 2296 sine
229 2233 358 2295 alterius
376 2233 551 2294 ministerio
570 2233 778 2293 ostensorium
796 2232 833 2293 ab
852 2233 971 2293 Altaria
990 2232 1099 2294 Mensa
1117 2232 1231 2311 accipit

144 2332 174 2389 et
195 2331 301 2406 postea
322 2345 414 2405 super
434 2326 522 2386 illam
543 2326 675 2405 reponit.
719 2324 950 2387 Cacrcmoniale
971 2324 1030 2404 Ep.
1052 2325 1137 2386 enim
1158 2327 1230 2386 sim·

144 2420 269 2498 pliciter
290 2420 418 2481 statuit:
442 2418 591 2482 “Acccdit
618 2416 823 2497 [Episcopus]
850 2417 889 2478 ad
911 2416 1030 2491 Altare,
1052 2422 1083 2478 et
1105 2423 1231 2497 accepto

144 2558 151 2573 .
172 2561 179 2574 .
201 2561 208 2574 .
229 2512 399 2574 ostensorio
420 2533 491 2573 eum
513 2511 569 2573 SS.
593 2512 794 2573 Sacramento
815 2509 895 2570 illud
916 2509 1064 2572 ambabus
1085 2509 1229 2571 manibus

144 2610 262 2679 tenens,
279 2612 400 2668 vertens
417 2626 448 2667 se
466 2606 504 2666 ad
522 2605 685 2685 populum,
703 2624 775 2664 cum
793 2603 847 2665 illo
865 2603 990 2682 siguum
1010 2602 1120 2664 Crucis
1137 2623 1230 2682 super

144 2699 294 2779 populum
324 2698 403 2778 [ter]
433 2697 537 2771 faciet,
562 2697 643 2758 nibil
667 2697 781 2759 diceus.
828 2696 896 2770 Quo
921 2697 1014 2770 facte,
1038 2698 1153 2758 iterum
1178 2696 1229 2758 de-

141 2793 231 2872 ponit
262 2792 318 2853 SS.
352 2792 587 2853 Sacramentum
619 2810 712 2865 super
741 2790 860 2861 Altare,
890 2789 1023 2867 deponet
1055 2790 1168 2865 veturii,
1198 2793 1230 2851 et

141 2886 339 2965 genuflectet,
363 2890 400 2946 ut
423 2882 576 2964 supra.”²⁹
601 2884 665 2944 aiut
693 2884 781 2945 iuxta
806 2883 927 2962 praxim
955 2882 1127 2944 Romanam
1155 2882 1228 2944 Dia-

141 3000 237 3041 conus
260 2979 475 3040 Osteusoriuru
497 2976 674 3038 Celebranti
698 2976 818 3037 tradere
840 2975 885 3036 vel
907 2976 944 3036 ab
965 2975 1072 3038 codem
1093 2977 1228 3055 recipere

142 3078 253 3153 potest,
272 3076 403 3151 utroque
422 3070 563 3133 stante.³⁰

183 3170 210 3229 8.
233 3165 392 3228 desistens
415 3164 580 3241 Presbyter
603 3163 648 3224 rel
673 3162 829 3225 Diaconos
852 3163 1074 3242 superpelliceo
1097 3162 1227 3223 indutus

140 3260 258 3332 eadem,
284 3278 361 3339 quae
386 3277 480 3337 supra
506 3256 663 3317 Diaconos
688 3260 815 3334 paratus
841 3256 972 3333 pcragit‚
998 3261 1031 3317 at
1056 3256 1167 3316 stolam
1194 3256 1226 3317 in

139 3353 253 3415 actuali
274 3358 397 3414 tantum
418 3350 593 3412 ministerio
612 3348 756 3413 adhibet:
775 3349 882 3408 statim
903 3355 1066 3428 postquam
1085 3349 1227 3429 exposuit

142 3447 383 3509 Sanctissimum
406 3443 453 3505 rel
476 3442 614 3523 porrexit
638 3440 826 3511 celebranti,
851 3441 936 3502 illam
961 3441 1075 3501 iterum
1098 3441 1226 3521 deponit

139 3547 168 3602 ct
192 3561 285 3620 super
306 3539 468 3599 brachium
492 3538 654 3597 sinistrum
678 3540 802 3613 portare
826 3535 935 3612 potest.

181 3638 208 3695 9.
233 3630 477 3695 anremouiurii
497 3634 543 3692 est
563 3629 737 3709 prospicere
757 3630 788 3688 et
808 3625 943 3703 dirigere
962 3632 998 3687 ut
1017 3627 1123 3689 onmia
1144 3630 1225 3688 recte

139 3728 227 3801 fiant,
244 3729 386 3789 assistere
404 3747 427 3786 s.
447 3723 603 3784 Ministris
627 3724 661 3799 (a
678 3721 797 3781 dextris
816 3718 964 3794 Diaconi)
987 3726 1018 3784 et
1037 3719 1224 3795 Celebranti,

138 3824 164 3882 si
182 3842 259 3902 opus
277 3821 328 3894 sit,
347 3817 514 3880 scabeilum
532 3816 578 3877 vel
597 3815 719 3875 breuem
739 3812 853 3873 scalam
873 3813 1013 3891 apponit,
1033 3813 1135 3874 velum
1155 3833 1224 3893 por·

139 3917 215 3995 rigit
237 3914 284 3976 vel
308 3913 443 3992 imponit
463 3916 521 3972 etc.

181 4013 228 4070 10.
254 4004 500 4084 Tburitcruriua,
524 4009 554 4065 ct
578 4001 715 4081 acolythi
738 4019 790 4059 scu
815 3998 993 4060 ceroferarii
1017 3999 1129 4061 saltem
1151 4000 1223 4076 duo,

171 4203 195 4234 2⁸
215 4195 248 4245 in
279 4194 448 4259 processione
479 4190 526 4240 SS.
559 4189 651 4238 Sacra·
705 4185 801 4233 simum
815 4185 913 4235 reddit.
930 4184 984 4235 Bit.
1000 4184 1075 4236 Rom.
1091 4186 1133 4236 cd.
1152 4185 1225 4239 1913.

132 4272 217 4323 menti
240 4272 386 4322 Celebraas
409 4272 486 4318 stans
509 4271 573 4316 autc
598 4263 654 4312 inti·
712 4262 801 4322 (Caer.
816 4264 866 4327 Ep.
882 4262 920 4312 II.
936 4263 977 4325 33,
992 4265 1025 4311 20
1038 4269 1065 4313 et
1080 4263 1136 4321 24.)

134 4365 205 4398 mum
243 4350 357 4411 gradum
396 4344 602 4395 Sanctissimum
639 4355 654 4390 a
742 4346 767 4377 ²⁹
787 4340 826 4390 ΙΙ.
849 4341 890 4390 33.
914 4341 954 4390 27.
995 4340 1038 4390 Cf.
1062 4340 1102 4390 De
1125 4340 1224 4406 Herdt,

136 4426 255 4476 Diacono
289 4430 380 4474 stante
412 4421 527 4486 accipit;
560 4423 653 4483 postca
706 4419 925 4468 PraxisPontif.
945 4418 998 4469 ΙΙΙ.
1016 4420 1074 4469 234.

131 4508 207 4552 stans
229 4503 349 4552 Diacono
373 4497 513 4561 gerariflcxo
535 4492 653 4545 Sancti!-
741 4502 766 4532 ³⁰
785 4496 818 4545 Ῑ).
838 4499 876 4545 14.
892 4496 956 4546 Juu.
977 4498 1050 4554 1898,
1068 4510 1092 4544 n.
1110 4495 1188 4548 3915.
1199 4502 1223 4549 4.
