2804 4890
166 740 221 796 DE
244 736 365 795 Massa
388 735 934 807 somMN1,sasAcRAM1·2uT0
957 737 1166 796 EXPOSITO.
1202 732 1257 796 171

168 908 236 970 sine
249 908 472 988 superpelliceo
484 911 516 970 et
528 908 618 983 stola,
631 909 666 971 in
680 915 763 972 veste
776 909 879 986 talari,
893 911 919 972 si
933 909 975 973 sit
989 909 1140 973 Sacerdos
1153 929 1256 972 saccu-

164 999 252 1076 laris,
263 1002 297 1061 in
311 1002 420 1063 habitu
435 1001 608 1081 Religionis
622 1022 705 1078 suae,
718 1004 745 1065 si
759 1005 801 1065 sit
815 1003 988 1084 Regularis.
1033 1004 1069 1066 Si
1082 1003 1257 1086 Episcopus

164 1113 309 1174 praesens
329 1096 381 1171 sit,
401 1095 575 1159 benedictio
594 1097 632 1158 ab
653 1099 720 1178 ipso
739 1119 802 1160 non
822 1100 950 1180 petitur.

207 1189 338 1270 Reliqua
357 1190 489 1253 hicnon
508 1210 651 1271 expressa
669 1191 878 1273 perficiuntur
898 1200 933 1256 ut
952 1195 986 1256 in
1005 1194 1077 1256 aliis
1098 1192 1213 1255 Missis.

205 1283 315 1349 Altare
340 1303 411 1347 vero
435 1289 566 1366 paratur
589 1305 642 1348 sex
666 1286 870 1364 candelabris,
894 1289 1007 1369 absque
1032 1287 1171 1364 floribus,
1197 1287 1255 1352 Re-

163 1376 271 1458 liquiis
295 1379 394 1442 aliove
420 1384 543 1442 ornatu.
587 1380 818 1460 Antipendium
845 1380 965 1444 Altaria
990 1387 1037 1445 cst
1063 1383 1202 1462 nigrum,
1227 1380 1254 1443 si

164 1490 235 1535 vero
252 1472 309 1533 SS.
327 1472 463 1535 Sacram.
480 1478 657 1535 asservatur
672 1475 704 1535 in
720 1474 827 1536 eodem
842 1474 958 1550 altari,
974 1479 1004 1538 et
1020 1475 1153 1556 pallium
1169 1475 1254 1554 nigri

163 1565 274 1627 coloris
298 1565 439 1629 adhiberi
465 1569 631 1646 aequitat
656 1568 756 1629 “sacri
783 1567 990 1630 'sabernaculi
1016 1568 1127 1631 saltem
1154 1567 1254 1631 Cono-

162 1677 275 1738 paeum
290 1679 355 1723 esse
371 1660 461 1724 debet
478 1660 605 1724 violacei
621 1659 789 1725 coloris.''⁶

582 1941 697 2012 ART.
722 1941 830 2012 VIII.

163 2121 348 2174 Damasia
368 2123 536 2174 SOLEMNI
554 2125 681 2174 CORAM
701 2125 749 2175 SS.
770 2125 1021 2176 SACRAMEN'I'O
1041 2125 1251 2177 ΕΧΡΟὓΙἿῸ.ι

201 2288 251 2351 96.
274 2290 504 2370 Antipendium
534 2291 624 2353 debet
653 2312 717 2354 csse
747 2291 808 2353 albi
838 2291 958 2355 coloris.
1003 2291 1165 2371 Reliquiae
1194 2294 1251 2355 aut
1326 2358 1328 2363 ,

159 2387 280 2445 statuae
298 2383 345 2445 vel
364 2385 516 2462 imagines
536 2385 722 2446 Sanctorum
742 2385 825 2447 inter
843 2385 1028 2447 candelabra
1048 2384 1250 2447 removendae

158 2481 242 2538 sunt.
287 2476 373 2538 Crux
391 2477 510 2538 Altaria
528 2478 625 2552 adest,
644 2479 669 2538 si
688 2479 730 2540 sit
748 2478 807 2541 loci
825 2478 1040 2540 consuetudo²

201 2573 228 2631 2.
253 2569 393 2632 Officium
419 2569 624 2632 celebrantis.
669 2570 732 2632 Ubi
760 2572 793 2632 in
821 2575 1020 2651 conspectum
1051 2571 1250 2634 Sanctissimi

158 2665 288 2740 venerit,
307 2672 400 2745 caput
420 2664 547 2744 detegit.
610 2666 723 2728 Omitti
760 2666 947 2728 reverentias
966 2665 1005 2727 ad
1025 2665 1165 2729 chorum.

200 2759 240 2821 In
265 2779 387 2821 accessu
412 2758 450 2820 ad
477 2759 585 2822 Altam
610 2765 640 2820 ct
666 2760 698 2820 in
723 2780 843 2821 recessu
867 2759 905 2822 ab
932 2760 999 2839 ipso
1023 2764 1094 2840 post
1118 2759 1248 2820 Missam

158 2854 257 2918 flectit
275 2859 445 2936 utrumque
461 2876 544 2935 genu
564 2855 597 2917 in
617 2855 710 2935 plano
727 2860 759 2918 ct
778 2854 978 2917 mediocriter
996 2854 1147 2931 inclinat;
1166 2854 1253 2917 infra

158 2945 288 3008 Missam
308 2954 413 3009 autem
435 2946 596 3007 discedens
617 2952 672 3007 aut
693 2947 818 3008 veniens
839 2947 878 3008 ad
899 2946 1038 3008 medium
1060 2944 1179 3020 Altam,
1200 2943 1247 3006 vel

157 3040 312 3102 transiens
332 3047 404 3102 ante
426 3041 482 3102 SS.
506 3040 755 3113 Sacramentum,
775 3058 895 3121 semper
914 3059 1014 3100 unum
1035 3057 1117 3118 genu
1138 3037 1248 3112 flectit,

156 3133 223 3196 sine
241 3134 353 3213 capitis
371 3132 583 3195 inclinatione.

199 3230 226 3286 3.
252 3227 291 3288 Sc
306 3232 487 3290 convertens
503 3226 540 3288 ad
558 3227 721 3306 populum,
736 3233 773 3289 at
787 3231 890 3288 cantet
907 3226 1062 3288 Dominus
1078 3226 1247 3293 nobiscum,

155 3321 244 3401 prius
264 3321 424 3383 osculatur
445 3320 563 3392 Altam,
585 3322 656 3382 alcia
678 3318 862 3398 genuflectit
883 3325 914 3381 et
935 3341 966 3381 se
988 3320 1081 3382 vertit
1103 3319 1139 3379 ml
1164 3318 1247 3379 latus

156 3414 337 3494 Evangelii:
356 3435 495 3475 reversus
516 3415 629 3476 itcrum
648 3411 841 3489 gevinllectit.
886 3411 975 3472 Idem
995 3412 1073 3473 facit
1092 3411 1131 3472 ml
1152 3413 1246 3473 Orate

153 3511 279 3591 fratrea,
298 3510 373 3589 quin
394 3506 547 3570 circulum
568 3507 717 3586 perficiat.

196 3608 224 3663 4.
250 3603 415 3664 Incensura
435 3603 639 3681 inquisiturus
657 3620 711 3679 pro
730 3599 880 3666 introitu.
897 3619 953 3678 pro
971 3598 1143 3675 Evangelio
1159 3603 1188 3659 et
1207 3597 1245 3658 ad

155 3697 360 3758 offertorium
393 3695 560 3756 farinulam
592 3696 739 3755 usitatam
770 3692 881 3754 recitat
910 3691 1050 3770 illudque
1079 3690 1244 3752 benedicit.

159 3790 225 3871 [Ad
251 3791 307 3852 SS.
333 3790 571 3852 Sacramentum
595 3789 693 3849 solinu
722 3786 948 3847 incensandum
972 3784 1132 3846 omittitur
1157 3783 1245 3844 licnc-

153 3885 251 3947 dictio
267 3884 411 3963 incensi]
453 3884 664 3961 impositurus
680 3882 841 3942 incensum
856 3878 894 3941 ad
912 3877 1085 3940 Introitum
1099 3881 1131 3940 ct
1147 3876 1245 3937 Offer-

153 3981 271 4042 tnrium
294 3999 357 4040 non
380 3976 587 4057 genuflectit³
611 3981 777 4054 antequam
801 3995 832 4037 se
856 3973 995 4035 retrahat
1019 3991 1124 4035 versus
1148 3991 1245 4033 cornu

155 4073 328 4150 Evangelii.
371 4073 536 4134 Inccnsum
558 4091 614 4151 pro
635 4069 805 4145 Evangelio
825 4070 907 4128 cant.
927 4065 1063 4145 imponit
1082 4084 1245 4128 remanens

156 4169 188 4232 in
204 4168 299 4232 latere
316 4167 489 4248 Evangelii.
527 4166 658 4228 Crucem
674 4185 737 4226 non
754 4164 905 4238 incensat,
920 4161 974 4224 sed
991 4160 1048 4224 SS.
1067 4160 1248 4224 Sacramen-

188 4309 201 4342 ⁸
219 4305 251 4355 D.
270 4307 346 4354 3201.
367 4307 413 4366 1⁰;
433 4308 461 4354 et
480 4305 494 4354 1
512 4302 576 4353 Dee.
598 4302 673 4364 1882,
725 4305 781 4350 ant.
820 4299 921 4349 Bened.
943 4298 1020 4348 xlv,
1042 4297 1135 4346 Instit.
1157 4298 1199 4362 30,
1220 4312 1246 4347 u.

247 4383 262 4415 0

151 4396 178 4432 π’
189 4383 277 4510 1³⁵c⁶ii
299 4459 386 4509 arima
406 4458 524 4523 privata,
545 4473 572 4507 n.
596 4457 636 4505 aa.
726 4378 772 4493 1⁷3
790 4454 824 4506 n.
840 4452 882 4505 aa.
898 4451 968 4504 uov.
985 4451 1062 4516 1ooo,
1076 4464 1103 4500 a
1118 4450 1197 4504 4194.

187 4542 200 4577 ²
217 4535 322 4587 Saltem
343 4534 484 4586 duodecim
504 4534 574 4586 cerei
596 4533 673 4583 arde·
