2804 4890
145 692 198 747 DE
214 692 374 749 onnlclo
390 693 421 749 S.
439 692 722 747 MINISTRORUM
738 693 789 747 ΕΤ
803 692 1137 751 CAEREMONIARII.
1177 684 1236 746 143

338 878 556 921 SUBDIACDNUS.
875 878 1151 921 cnunsnomnmus

183 968 209 1023 6.
231 967 296 1024 Stet
327 966 356 1024 in
388 967 481 1037 gradu
512 967 611 1024 intimo
641 966 687 1024 vel
717 967 748 1024 in
829 969 895 1025 Stet
915 986 1009 1039 propo
1026 969 1165 1040 angulum
1184 970 1235 1026 Al·

144 1042 242 1114 pleuo,
253 1062 271 1100 a
283 1043 394 1100 dextris
407 1040 451 1112 Di,
464 1043 548 1100 itaut
563 1043 595 1100 C.
609 1044 644 1099 D.
656 1049 685 1100 et
698 1043 749 1101 Sd.
791 1043 863 1101 turis
874 1045 1021 1115 posterius
1032 1063 1187 1102 conversus
1197 1045 1235 1103 od

144 1119 227 1190 quasi
243 1118 452 1176 semicirculum
470 1126 656 1189 component.
693 1119 748 1176 Re-
791 1120 860 1188 0⁰⁰¹,
877 1119 923 1176 oui
941 1119 1099 1178 lntroitum
1115 1120 1234 1179 indioat.

144 1196 269 1267 spondet
284 1196 322 1253 od
337 1198 439 1268 Kyrie.
477 1196 569 1252 Simul
586 1215 650 1253 eum
667 1196 704 1252 C0
719 1202 748 1254 et

143 1274 185 1330 D⁰
207 1293 260 1345 por
283 1274 403 1345 plenum
427 1273 464 1330 nd
487 1274 600 1330 Alteris
623 1272 748 1330 medium

142 1350 260 1407 sooedit.

178 1428 205 1484 7.
226 1425 350 1498 Quando
367 1426 399 1484 flt
414 1426 513 1496 sessio,
530 1425 596 1483 incl.
615 1426 703 1483 Cruci
719 1432 747 1484 et
827 1424 951 1496 Signum
976 1425 1028 1483 dat
1054 1425 1182 1496 sedendi,
1208 1425 1233 1482 si

141 1502 288 1560 deseendit
311 1522 376 1559 eum
400 1502 436 1559 D.
459 1502 505 1558 vel
528 1521 546 1559 a
568 1501 679 1559 dextris
703 1499 748 1559 cu
789 1505 870 1558 totus
899 1499 991 1558 fuerit
1019 1506 1155 1558 cantatus
1183 1500 1233 1557 ln·

141 1585 194 1635 ete.
211 1583 242 1635 ut
259 1578 297 1635 ad
314 1580 424 1637 Gloria.
788 1575 895 1634 troitus
932 1582 960 1634 et
997 1583 1101 1635 cantus
1139 1578 1234 1650 Kyrie

789 1651 828 1709 sit
849 1653 1073 1724 protrahendus
1113 1653 1161 1710 Ad
1182 1654 1234 1712 ult.

790 1728 883 1801 Kyrie
907 1729 958 1786 dat
981 1728 1056 1800 sign.
1080 1747 1159 1800 surg.

178 1807 204 1864 8.
226 1806 293 1939 Ssset
320 1812 389 1864 ante
419 1807 542 1878 gradum
571 1807 701 1864 infimum
729 1826 748 1865 a
828 1804 895 1861 Stet
915 1804 952 1861 ad
974 1805 1051 1862 letus
1073 1804 1234 1877 Epistulae.

141 1887 223 1952 tergo
268 1891 284 1939 ¹.

180 1958 252 2015 Inol.
274 1959 404 2018 aseendit
425 1959 462 2016 nd
483 1959 631 2016 sinistrum
654 1955 700 2016 Cf·
720 1964 749 2016 et
826 1956 885 2013 Det
899 1954 1015 2028 signum
1030 1955 1234 2015 Ministrisss·

141 2033 245 2166 reeitnct
265 2036 402 2106 hymnum
423 2033 660 2104 connominato,
681 2035 747 2092 incl.
788 2033 937 2089 oendendi.

141 2128 205 2166 eum
247 2120 268 2167 ⁸.

178 2189 204 2243 9.
226 2188 264 2244 Se
296 2186 403 2258 signet,
437 2187 495 2258 gn,
529 2187 676 2243 deseendit
709 2187 747 2244 ad
827 2184 865 2242 Se
896 2184 1002 2255 signet,
1035 2185 1085 2242 dot
1117 2184 1232 2256 signum

142 2262 232 2332 sedes,
249 2262 374 2321 biretum
392 2281 475 2320 suum
494 2262 610 2334 accipit,
628 2262 694 2319 inel.
713 2268 746 2320 ut
789 2261 916 2318 sedendi.
988 2261 1054 2318 stat
1098 2259 1233 2319 menibus

141 2340 177 2396 D.
191 2345 220 2396 et
232 2339 312 2396 sodet
324 2357 343 2397 a
354 2338 482 2396 sinistris
495 2336 541 2396 Gi·
551 2337 649 2411 eapite
662 2345 746 2397 teoto.
788 2337 900 2410 junctis
916 2357 934 2395 a
951 2337 1062 2395 dextris
1079 2334 1138 2395 D¹.⁸

179 2567 250 2624 Inel.
269 2573 322 2624 eto.
342 2574 374 2624 ut
393 2567 429 2624 D.
789 2643 795 2656 .
825 2568 885 2700 Illat
915 2567 1030 2640 signum
1061 2566 1138 2639 incl,
1169 2566 1233 2640 ipse

787 2663 854 2701 inc.

181 2873 292 2944 Surgit,
306 2872 416 2931 secedit
431 2872 468 2930 acl
484 2873 586 2929 Altero
600 2890 654 2943 per
668 2870 745 2928 viem
825 2873 883 2931 Det
898 2873 1013 2944 signum
1027 2873 1175 2943 surgendi,
1189 2892 1232 2930 re

144 2951 313 3021 longiorem,
331 2949 396 3007 inol.
414 2950 510 3007 Choro
528 2949 565 3006 ad
582 2950 659 3005 lotus
675 2948 747 3019 Epi·
788 2949 868 3006 dueit
885 2948 945 3007 0⁶⁰¹
962 2955 991 3006 et
1007 2949 1048 3006 M.
1065 2949 1104 3007 sd
1120 2949 1232 3006 Altero.

137 3029 238 3096 stolae,
252 3026 318 3084 dein
335 3028 446 3098 Eveng.
460 3027 508 3094 μῆ,
523 3026 552 3081 in
567 3026 622 3082 inf.
637 3026 740 3096 gradu,

137 3106 263 3219 sustollit
286 3104 415 3161 fimbrias
438 3103 598 3160 anteriores
619 3102 742 3159 vestium

137 3183 160 3238 C
171 3192 190 3239 ⁸.

168 4002 226 4053 ²8.
248 4002 372 4053 Ministri
393 4002 595 4053 inclinationem
617 4003 652 4053 nd
746 4008 758 4040 ⁴
778 4002 892 4066 Quando
912 4003 965 4052 ‹luo
985 4004 1026 4054 vel
1047 4005 1103 4052 tres
1121 4003 1230 4053 chorum

133 4078 247 4130 invicem
278 4083 386 4130 tuntum
416 4080 532 4130 faciunt.
580 4080 652 4130 Mor·
710 4083 761 4129 ete.
789 4080 921 4141 salutant,
950 4080 991 4130 ito
1019 4080 1133 4144 gradum
1162 4094 1232 4130 unus

133 4156 243 4208 tinueoi.
711 4157 813 4207 alterve
841 4156 991 4208 secelernre
1020 4157 1062 4208 vel
1090 4159 1231 4209 retardare

169 4233 330 4296 ⁸Megister
339 4235 568 4284 caeremoniarum
579 4238 653 4283 sture
714 4234 802 4296 debet,
834 4238 864 4283 ut
894 4235 1048 4286 salutantes
1078 4234 1106 4283 in
1137 4235 1232 4286 eadem

137 4308 216 4358 debet
240 4309 301 4358 (lum
324 4325 421 4358 munus
442 4311 588 4360 actualiter
610 4324 652 4359 ex·
709 4311 781 4361 linos
803 4317 878 4361 reete
900 4326 928 4362 so
950 4311 1117 4364 contineant.

136 4389 224 4445 ereet;
256 4399 334 4433 sevus
361 4388 454 4435 sedere
483 4390 582 4452 potest.
619 4385 653 4438 D.

133 4462 210 4516 2578,
229 4464 254 4516 8.
