<?xml version="1.0" encoding="UTF-8"?>
<!DOCTYPE html PUBLIC "-//W3C//DTD XHTML 1.0 Transitional//EN"
    "http://www.w3.org/TR/xhtml1/DTD/xhtml1-transitional.dtd">
<html xmlns="http://www.w3.org/1999/xhtml" xml:lang="en" lang="en">
 <head>
  <title>
</title>
<meta http-equiv="Content-Type" content="text/html;charset=utf-8" />
  <meta name='ocr-system' content='tesseract 3.04.00' />
  <meta name='ocr-capabilities' content='ocr_page ocr_carea ocr_par ocr_line ocrx_word'/>
</head>
<body>
  <div class='ocr_page' id='page_1' title='image "./compendiumsacra00wapegoog_0557.png"; bbox 0 0 2804 4890; ppageno 0'>
   <div class='ocr_carea' id='block_1_1' title="bbox 149 710 1038 778">
    <p class='ocr_par' dir='ltr' id='par_1_1' title="bbox 149 710 1038 778">
     <span class='ocr_line' id='line_1_1' title="bbox 149 710 1038 778; baseline -0.01 -1"><span class='ocrx_word' id='word_1_1' title='bbox 149 710 211 778; x_wconf 81' lang='lat'>540</span> <span class='ocrx_word' id='word_1_2' title='bbox 356 714 443 773; x_wconf 82' lang='lat' dir='ltr'><strong>APP.</strong></span> <span class='ocrx_word' id='word_1_3' title='bbox 468 715 493 771; x_wconf 88' lang='grc' dir='ltr'>Ι.</span> <span class='ocrx_word' id='word_1_4' title='bbox 532 712 775 770; x_wconf 81' lang='lat' dir='ltr'>MEMORITER</span> <span class='ocrx_word' id='word_1_5' title='bbox 795 710 1038 768; x_wconf 65' lang='lat' dir='ltr'>eraclianus.</span> 
     </span>
    </p>
   </div>
   <div class='ocr_carea' id='block_1_2' title="bbox 148 871 1257 3254">
    <p class='ocr_par' dir='ltr' id='par_1_2' title="bbox 148 871 1256 1051">
     <span class='ocr_line' id='line_1_2' title="bbox 148 871 1256 958; baseline -0.005 -18"><span class='ocrx_word' id='word_1_6' title='bbox 148 880 181 940; x_wconf 89' lang='lat' dir='ltr'>et</span> <span class='ocrx_word' id='word_1_7' title='bbox 198 894 256 958; x_wconf 88' lang='lat' dir='ltr'>pro</span> <span class='ocrx_word' id='word_1_8' title='bbox 272 875 384 939; x_wconf 89' lang='lat' dir='ltr'>multis</span> <span class='ocrx_word' id='word_1_9' title='bbox 401 876 582 939; x_wconf 82' lang='lat' dir='ltr'>effundetur</span> <span class='ocrx_word' id='word_1_10' title='bbox 598 876 633 938; x_wconf 92' lang='lat' dir='ltr'>in</span> <span class='ocrx_word' id='word_1_11' title='bbox 650 876 865 940; x_wconf 84' lang='lat' dir='ltr'><strong>remissionem</strong></span> <span class='ocrx_word' id='word_1_12' title='bbox 884 873 1112 956; x_wconf 84' lang='lat' dir='ltr'>peecatorum)</span> <span class='ocrx_word' id='word_1_13' title='bbox 1163 871 1256 936; x_wconf 86' lang='lat' dir='ltr'>Haec</span> 
     </span>
     <span class='ocr_line' id='line_1_3' title="bbox 150 967 1076 1051; baseline 0 -21"><span class='ocrx_word' id='word_1_14' title='bbox 150 969 404 1051; x_wconf 80' lang='lat' dir='ltr'>quotiescumque</span> <span class='ocrx_word' id='word_1_15' title='bbox 426 969 575 1046; x_wconf 89' lang='lat' dir='ltr'>feceritis,</span> <span class='ocrx_word' id='word_1_16' title='bbox 597 970 632 1030; x_wconf 93' lang='lat' dir='ltr'>in</span> <span class='ocrx_word' id='word_1_17' title='bbox 653 970 714 1031; x_wconf 91' lang='lat' dir='ltr'>mei</span> <span class='ocrx_word' id='word_1_18' title='bbox 737 969 920 1031; x_wconf 89' lang='lat' dir='ltr'>memoriam</span> <span class='ocrx_word' id='word_1_19' title='bbox 943 967 1076 1030; x_wconf 86' lang='lat' dir='ltr'>facietis.</span> 
     </span>
    </p>

    <p class='ocr_par' dir='ltr' id='par_1_3' title="bbox 150 1059 1256 1329">
     <span class='ocr_line' id='line_1_4' title="bbox 191 1059 1254 1142; baseline -0.005 -17"><span class='ocrx_word' id='word_1_20' title='bbox 191 1063 286 1125; x_wconf 77' lang='lat' dir='ltr'>Post:</span> <span class='ocrx_word' id='word_1_21' title='bbox 321 1063 411 1126; x_wconf 79' lang='lat' dir='ltr'>Unde</span> <span class='ocrx_word' id='word_1_22' title='bbox 434 1067 464 1125; x_wconf 88' lang='lat' dir='ltr'>et</span> <span class='ocrx_word' id='word_1_23' title='bbox 486 1082 654 1141; x_wconf 72' lang='lat' dir='ltr'>cremares:</span> <span class='ocrx_word' id='word_1_24' title='bbox 685 1060 833 1125; x_wconf 87' lang='lat' dir='ltr'>Hostiam</span> <span class='ocrx_word' id='word_1_25' title='bbox 854 1080 978 1142; x_wconf 91' lang='lat' dir='ltr'>puram,</span> <span class='ocrx_word' id='word_1_26' title='bbox 1000 1059 1140 1123; x_wconf 83' lang='lat' dir='ltr'>hostiam</span> <span class='ocrx_word' id='word_1_27' title='bbox 1162 1077 1254 1121; x_wconf 74' lang='lat' dir='ltr'>sano</span> 
     </span>
     <span class='ocr_line' id='line_1_5' title="bbox 150 1151 1256 1232; baseline -0.005 -14"><span class='ocrx_word' id='word_1_28' title='bbox 150 1160 226 1232; x_wconf 89' lang='lat' dir='ltr'>tam,</span> <span class='ocrx_word' id='word_1_29' title='bbox 248 1156 384 1217; x_wconf 90' lang='lat' dir='ltr'>hostiam</span> <span class='ocrx_word' id='word_1_30' title='bbox 408 1155 653 1231; x_wconf 87' lang='lat' dir='ltr'>immaculatam,</span> <span class='ocrx_word' id='word_1_31' title='bbox 678 1155 797 1217; x_wconf 91' lang='lat' dir='ltr'>Panem</span> <span class='ocrx_word' id='word_1_32' title='bbox 820 1156 965 1217; x_wconf 87' lang='lat' dir='ltr'>sanctum</span> <span class='ocrx_word' id='word_1_33' title='bbox 987 1151 1070 1216; x_wconf 85' lang='lat' dir='ltr'>vitae</span> <span class='ocrx_word' id='word_1_34' title='bbox 1091 1155 1256 1225; x_wconf 78' lang='lat' dir='ltr'>aeternae,</span> 
     </span>
     <span class='ocr_line' id='line_1_6' title="bbox 150 1247 665 1329; baseline -0.002 -17"><span class='ocrx_word' id='word_1_35' title='bbox 150 1253 181 1312; x_wconf 88' lang='lat' dir='ltr'>et</span> <span class='ocrx_word' id='word_1_36' title='bbox 200 1247 337 1310; x_wconf 84' lang='lat' dir='ltr'>Calicem</span> <span class='ocrx_word' id='word_1_37' title='bbox 358 1247 470 1310; x_wconf 88' lang='lat' dir='ltr'>salutis</span> <span class='ocrx_word' id='word_1_38' title='bbox 488 1254 665 1329; x_wconf 83' lang='lat' dir='ltr'>perpetuae.</span> 
     </span>
    </p>

    <p class='ocr_par' dir='ltr' id='par_1_4' title="bbox 150 1338 1255 1869">
     <span class='ocr_line' id='line_1_7' title="bbox 194 1338 1254 1422; baseline -0.005 -18"><span class='ocrx_word' id='word_1_39' title='bbox 194 1340 358 1422; x_wconf 84' lang='lat' dir='ltr'>Supplices</span> <span class='ocrx_word' id='word_1_40' title='bbox 375 1346 406 1403; x_wconf 87' lang='lat' dir='ltr'>te</span> <span class='ocrx_word' id='word_1_41' title='bbox 423 1358 578 1420; x_wconf 89' lang='lat' dir='ltr'>rogamus,</span> <span class='ocrx_word' id='word_1_42' title='bbox 596 1340 794 1421; x_wconf 85' lang='lat' dir='ltr'>omnipotens</span> <span class='ocrx_word' id='word_1_43' title='bbox 813 1340 908 1417; x_wconf 94' lang='lat' dir='ltr'>Deus,</span> <span class='ocrx_word' id='word_1_44' title='bbox 925 1338 999 1420; x_wconf 87' lang='lat' dir='ltr'>jube</span> <span class='ocrx_word' id='word_1_45' title='bbox 1017 1340 1093 1403; x_wconf 91' lang='lat' dir='ltr'>haee</span> <span class='ocrx_word' id='word_1_46' title='bbox 1111 1338 1254 1421; x_wconf 86' lang='lat' dir='ltr'>perferri</span> 
     </span>
     <span class='ocr_line' id='line_1_8' title="bbox 151 1433 1253 1515; baseline -0.002 -20"><span class='ocrx_word' id='word_1_47' title='bbox 151 1453 206 1515; x_wconf 90' lang='lat' dir='ltr'>per</span> <span class='ocrx_word' id='word_1_48' title='bbox 224 1453 337 1496; x_wconf 89' lang='lat' dir='ltr'>manus</span> <span class='ocrx_word' id='word_1_49' title='bbox 355 1434 455 1496; x_wconf 90' lang='lat' dir='ltr'>sancti</span> <span class='ocrx_word' id='word_1_50' title='bbox 474 1433 589 1513; x_wconf 88' lang='lat' dir='ltr'>Angeli</span> <span class='ocrx_word' id='word_1_51' title='bbox 610 1435 658 1495; x_wconf 92' lang='lat' dir='ltr'>tui</span> <span class='ocrx_word' id='word_1_52' title='bbox 678 1435 711 1494; x_wconf 92' lang='lat' dir='ltr'>in</span> <span class='ocrx_word' id='word_1_53' title='bbox 731 1433 864 1496; x_wconf 90' lang='lat' dir='ltr'>sublime</span> <span class='ocrx_word' id='word_1_54' title='bbox 883 1434 981 1496; x_wconf 89' lang='lat' dir='ltr'>altare</span> <span class='ocrx_word' id='word_1_55' title='bbox 999 1439 1102 1508; x_wconf 91' lang='lat' dir='ltr'>tuum,</span> <span class='ocrx_word' id='word_1_56' title='bbox 1124 1433 1159 1494; x_wconf 93' lang='lat' dir='ltr'>in</span> <span class='ocrx_word' id='word_1_57' title='bbox 1177 1452 1253 1494; x_wconf 88' lang='lat' dir='ltr'>con-</span> 
     </span>
     <span class='ocr_line' id='line_1_9' title="bbox 150 1524 1254 1607; baseline -0.003 -19"><span class='ocrx_word' id='word_1_58' title='bbox 150 1529 258 1607; x_wconf 89' lang='lat' dir='ltr'>spectu</span> <span class='ocrx_word' id='word_1_59' title='bbox 285 1526 411 1588; x_wconf 89' lang='lat' dir='ltr'>divinae</span> <span class='ocrx_word' id='word_1_60' title='bbox 438 1526 616 1604; x_wconf 70' lang='lat' dir='ltr'>Maiestatis</span> <span class='ocrx_word' id='word_1_61' title='bbox 642 1530 724 1602; x_wconf 89' lang='lat' dir='ltr'>tuae,</span> <span class='ocrx_word' id='word_1_62' title='bbox 750 1534 786 1589; x_wconf 91' lang='lat' dir='ltr'>ut</span> <span class='ocrx_word' id='word_1_63' title='bbox 813 1529 965 1606; x_wconf 87' lang='lat' dir='ltr'>quotquot</span> <span class='ocrx_word' id='word_1_64' title='bbox 990 1545 1028 1588; x_wconf 83' lang='lat' dir='ltr'>ex</span> <span class='ocrx_word' id='word_1_65' title='bbox 1052 1526 1110 1586; x_wconf 88' lang='lat' dir='ltr'>hac</span> <span class='ocrx_word' id='word_1_66' title='bbox 1137 1524 1254 1586; x_wconf 88' lang='lat' dir='ltr'>altaris</span> 
     </span>
     <span class='ocr_line' id='line_1_10' title="bbox 151 1617 1254 1700; baseline -0.003 -19"><span class='ocrx_word' id='word_1_67' title='bbox 151 1619 404 1700; x_wconf 83' lang='lat' dir='ltr'>participatione,</span> <span class='ocrx_word' id='word_1_68' title='bbox 425 1624 656 1682; x_wconf 85' lang='lat' dir='ltr'>sacrosanctum</span> <span class='ocrx_word' id='word_1_69' title='bbox 680 1618 756 1681; x_wconf 85' lang='lat' dir='ltr'>Filii</span> <span class='ocrx_word' id='word_1_70' title='bbox 778 1620 827 1681; x_wconf 90' lang='lat' dir='ltr'>tui</span> <span class='ocrx_word' id='word_1_71' title='bbox 851 1618 972 1699; x_wconf 83' lang='lat' dir='ltr'>Corpus</span> <span class='ocrx_word' id='word_1_72' title='bbox 995 1625 1026 1681; x_wconf 92' lang='lat' dir='ltr'>et</span> <span class='ocrx_word' id='word_1_73' title='bbox 1051 1617 1254 1698; x_wconf 85' lang='lat' dir='ltr'>Sanguinem</span> 
     </span>
     <span class='ocr_line' id='line_1_11' title="bbox 151 1710 1255 1792; baseline -0.002 -19"><span class='ocrx_word' id='word_1_74' title='bbox 151 1713 387 1792; x_wconf 89' lang='lat' dir='ltr'>sumpserimus,</span> <span class='ocrx_word' id='word_1_75' title='bbox 405 1711 492 1773; x_wconf 93' lang='lat' dir='ltr'>omni</span> <span class='ocrx_word' id='word_1_76' title='bbox 510 1710 724 1775; x_wconf 86' lang='lat' dir='ltr'>benedictione</span> <span class='ocrx_word' id='word_1_77' title='bbox 740 1711 877 1788; x_wconf 84' lang='lat' dir='ltr'>coelesti,</span> <span class='ocrx_word' id='word_1_78' title='bbox 894 1717 925 1774; x_wconf 89' lang='lat' dir='ltr'>et</span> <span class='ocrx_word' id='word_1_79' title='bbox 940 1711 1043 1792; x_wconf 89' lang='lat' dir='ltr'>gratia</span> <span class='ocrx_word' id='word_1_80' title='bbox 1060 1710 1255 1790; x_wconf 81' lang='lat' dir='ltr'>repleamur.</span> 
     </span>
     <span class='ocr_line' id='line_1_12' title="bbox 154 1804 628 1869; baseline 0.004 -3"><span class='ocrx_word' id='word_1_81' title='bbox 154 1806 215 1866; x_wconf 90' lang='lat' dir='ltr'>Per</span> <span class='ocrx_word' id='word_1_82' title='bbox 231 1804 376 1867; x_wconf 90' lang='lat' dir='ltr'>eumdem</span> <span class='ocrx_word' id='word_1_83' title='bbox 393 1804 556 1868; x_wconf 86' lang='lat' dir='ltr'>Christum</span> <span class='ocrx_word' id='word_1_84' title='bbox 570 1807 628 1869; x_wconf 91' lang='lat' dir='ltr'>etc.</span> 
     </span>
    </p>

    <p class='ocr_par' dir='ltr' id='par_1_5' title="bbox 151 1896 1256 2164">
     <span class='ocr_line' id='line_1_13' title="bbox 193 1896 1256 1974; baseline 0 -16"><span class='ocrx_word' id='word_1_85' title='bbox 193 1896 246 1958; x_wconf 85' lang='lat' dir='ltr'>Ad</span> <span class='ocrx_word' id='word_1_86' title='bbox 263 1897 423 1961; x_wconf 80' lang='lat' dir='ltr'>Memento</span> <span class='ocrx_word' id='word_1_87' title='bbox 441 1901 654 1960; x_wconf 84' lang='lat' dir='ltr'>mortuorum:</span> <span class='ocrx_word' id='word_1_88' title='bbox 683 1898 841 1963; x_wconf 89' lang='lat' dir='ltr'>Memento</span> <span class='ocrx_word' id='word_1_89' title='bbox 859 1897 965 1974; x_wconf 89' lang='lat' dir='ltr'>etiam,</span> <span class='ocrx_word' id='word_1_90' title='bbox 982 1896 1129 1973; x_wconf 90' lang='lat' dir='ltr'>Domine,</span> <span class='ocrx_word' id='word_1_91' title='bbox 1146 1897 1256 1959; x_wconf 84' lang='lat' dir='ltr'>famu-</span> 
     </span>
     <span class='ocr_line' id='line_1_14' title="bbox 151 1988 1256 2072; baseline -0.002 -18"><span class='ocrx_word' id='word_1_92' title='bbox 151 1990 255 2054; x_wconf 90' lang='lat' dir='ltr'>lorum</span> <span class='ocrx_word' id='word_1_93' title='bbox 286 1988 538 2070; x_wconf 84' lang='lat' dir='ltr'>famularumque</span> <span class='ocrx_word' id='word_1_94' title='bbox 569 1995 707 2067; x_wconf 91' lang='lat' dir='ltr'>tuarum,</span> <span class='ocrx_word' id='word_1_95' title='bbox 737 1992 791 2072; x_wconf 94' lang='lat' dir='ltr'>qui</span> <span class='ocrx_word' id='word_1_96' title='bbox 822 2011 878 2052; x_wconf 90' lang='lat' dir='ltr'>nos</span> <span class='ocrx_word' id='word_1_97' title='bbox 910 1994 1145 2070; x_wconf 87' lang='lat' dir='ltr'>praecesserunt</span> <span class='ocrx_word' id='word_1_98' title='bbox 1176 2010 1256 2052; x_wconf 87' lang='lat' dir='ltr'>cum</span> 
     </span>
     <span class='ocr_line' id='line_1_15' title="bbox 153 2082 888 2164; baseline 0.001 -21"><span class='ocrx_word' id='word_1_99' title='bbox 153 2084 243 2163; x_wconf 91' lang='lat' dir='ltr'>signo</span> <span class='ocrx_word' id='word_1_100' title='bbox 267 2082 339 2144; x_wconf 87' lang='lat' dir='ltr'>fidei</span> <span class='ocrx_word' id='word_1_101' title='bbox 364 2087 395 2146; x_wconf 89' lang='lat' dir='ltr'>et</span> <span class='ocrx_word' id='word_1_102' title='bbox 419 2082 581 2146; x_wconf 86' lang='lat' dir='ltr'>dormiunt</span> <span class='ocrx_word' id='word_1_103' title='bbox 606 2084 638 2144; x_wconf 94' lang='lat' dir='ltr'>in</span> <span class='ocrx_word' id='word_1_104' title='bbox 662 2103 770 2144; x_wconf 89' lang='lat' dir='ltr'>somno</span> <span class='ocrx_word' id='word_1_105' title='bbox 794 2084 888 2164; x_wconf 88' lang='lat' dir='ltr'>pacis.</span> 
     </span>
    </p>

    <p class='ocr_par' dir='ltr' id='par_1_6' title="bbox 153 2174 1257 2533">
     <span class='ocr_line' id='line_1_16' title="bbox 194 2174 1256 2256; baseline 0.002 -19"><span class='ocrx_word' id='word_1_106' title='bbox 194 2176 289 2238; x_wconf 75' lang='lat' dir='ltr'>Post:</span> <span class='ocrx_word' id='word_1_107' title='bbox 322 2174 423 2236; x_wconf 84' lang='lat' dir='ltr'>Nobis</span> <span class='ocrx_word' id='word_1_108' title='bbox 448 2195 567 2256; x_wconf 83' lang='lat' dir='ltr'>quoque</span> <span class='ocrx_word' id='word_1_109' title='bbox 592 2175 815 2256; x_wconf 79' lang='lat' dir='ltr'>peccatoribus,</span> <span class='ocrx_word' id='word_1_110' title='bbox 841 2182 916 2240; x_wconf 83' lang='lat' dir='ltr'>cto:</span> <span class='ocrx_word' id='word_1_111' title='bbox 952 2175 1147 2252; x_wconf 85' lang='lat' dir='ltr'>Sanctificas,</span> <span class='ocrx_word' id='word_1_112' title='bbox 1174 2177 1256 2239; x_wconf 82' lang='lat' dir='ltr'>vivi-</span> 
     </span>
     <span class='ocr_line' id='line_1_17' title="bbox 153 2267 1255 2348; baseline 0 -18"><span class='ocrx_word' id='word_1_113' title='bbox 153 2267 237 2344; x_wconf 88' lang='lat' dir='ltr'>ficas,</span> <span class='ocrx_word' id='word_1_114' title='bbox 255 2267 422 2343; x_wconf 80' lang='lat' dir='ltr'>benedicio,</span> <span class='ocrx_word' id='word_1_115' title='bbox 440 2274 471 2329; x_wconf 88' lang='lat' dir='ltr'>et</span> <span class='ocrx_word' id='word_1_116' title='bbox 489 2270 627 2347; x_wconf 82' lang='lat' dir='ltr'>praestas</span> <span class='ocrx_word' id='word_1_117' title='bbox 645 2267 750 2329; x_wconf 89' lang='lat' dir='ltr'>nobis:</span> <span class='ocrx_word' id='word_1_118' title='bbox 770 2269 831 2329; x_wconf 90' lang='lat' dir='ltr'>Per</span> <span class='ocrx_word' id='word_1_119' title='bbox 848 2269 962 2348; x_wconf 90' lang='lat' dir='ltr'>ipsum,</span> <span class='ocrx_word' id='word_1_120' title='bbox 980 2273 1100 2330; x_wconf 88' lang='lat' dir='ltr'>etcum</span> <span class='ocrx_word' id='word_1_121' title='bbox 1121 2269 1204 2348; x_wconf 92' lang='lat' dir='ltr'>ipso,</span> <span class='ocrx_word' id='word_1_122' title='bbox 1224 2274 1255 2332; x_wconf 84' lang='lat' dir='ltr'>et</span> 
     </span>
     <span class='ocr_line' id='line_1_18' title="bbox 154 2360 1257 2442; baseline 0.002 -22"><span class='ocrx_word' id='word_1_123' title='bbox 154 2360 188 2423; x_wconf 94' lang='lat' dir='ltr'>in</span> <span class='ocrx_word' id='word_1_124' title='bbox 210 2362 287 2441; x_wconf 88' lang='lat' dir='ltr'>ipso,</span> <span class='ocrx_word' id='word_1_125' title='bbox 307 2364 355 2423; x_wconf 90' lang='lat' dir='ltr'>est</span> <span class='ocrx_word' id='word_1_126' title='bbox 375 2360 444 2435; x_wconf 87' lang='lat' dir='ltr'>tibi,</span> <span class='ocrx_word' id='word_1_127' title='bbox 467 2360 532 2423; x_wconf 90' lang='lat' dir='ltr'>Deo</span> <span class='ocrx_word' id='word_1_128' title='bbox 555 2360 645 2421; x_wconf 88' lang='lat' dir='ltr'>Patri</span> <span class='ocrx_word' id='word_1_129' title='bbox 666 2361 886 2440; x_wconf 88' lang='lat' dir='ltr'>omnipotenti,</span> <span class='ocrx_word' id='word_1_130' title='bbox 908 2362 941 2421; x_wconf 93' lang='lat' dir='ltr'>in</span> <span class='ocrx_word' id='word_1_131' title='bbox 962 2361 1085 2422; x_wconf 88' lang='lat' dir='ltr'>unitate</span> <span class='ocrx_word' id='word_1_132' title='bbox 1109 2360 1257 2442; x_wconf 89' lang='lat' dir='ltr'>Spiritus</span> 
     </span>
     <span class='ocr_line' id='line_1_19' title="bbox 155 2453 693 2533; baseline -0.004 -17"><span class='ocrx_word' id='word_1_133' title='bbox 155 2454 274 2528; x_wconf 87' lang='lat' dir='ltr'>Sancti,</span> <span class='ocrx_word' id='word_1_134' title='bbox 293 2455 395 2515; x_wconf 93' lang='lat' dir='ltr'>omnis</span> <span class='ocrx_word' id='word_1_135' title='bbox 416 2453 565 2515; x_wconf 90' lang='lat' dir='ltr'>honoret</span> <span class='ocrx_word' id='word_1_136' title='bbox 584 2453 693 2533; x_wconf 87' lang='lat' dir='ltr'>gloria.</span> 
     </span>
    </p>

    <p class='ocr_par' dir='ltr' id='par_1_7' title="bbox 154 2546 1255 2995">
     <span class='ocr_line' id='line_1_20' title="bbox 195 2546 1255 2626; baseline 0.006 -21"><span class='ocrx_word' id='word_1_137' title='bbox 195 2546 288 2607; x_wconf 81' lang='lat' dir='ltr'>Post:</span> <span class='ocrx_word' id='word_1_138' title='bbox 316 2546 413 2608; x_wconf 84' lang='lat' dir='ltr'>Pater</span> <span class='ocrx_word' id='word_1_139' title='bbox 430 2547 549 2607; x_wconf 80' lang='lat' dir='ltr'>noster:</span> <span class='ocrx_word' id='word_1_140' title='bbox 576 2546 623 2606; x_wconf 91' lang='lat' dir='ltr'>Da</span> <span class='ocrx_word' id='word_1_141' title='bbox 643 2546 799 2625; x_wconf 86' lang='lat' dir='ltr'>propitius</span> <span class='ocrx_word' id='word_1_142' title='bbox 817 2566 923 2626; x_wconf 83' lang='lat' dir='ltr'>pacem</span> <span class='ocrx_word' id='word_1_143' title='bbox 943 2548 977 2608; x_wconf 92' lang='lat' dir='ltr'>in</span> <span class='ocrx_word' id='word_1_144' title='bbox 994 2546 1104 2609; x_wconf 90' lang='lat' dir='ltr'>diebus</span> <span class='ocrx_word' id='word_1_145' title='bbox 1123 2549 1255 2621; x_wconf 87' lang='lat' dir='ltr'>nostris,</span> 
     </span>
     <span class='ocr_line' id='line_1_21' title="bbox 154 2637 1255 2720; baseline 0.003 -21"><span class='ocrx_word' id='word_1_146' title='bbox 154 2643 190 2701; x_wconf 90' lang='lat' dir='ltr'>ut</span> <span class='ocrx_word' id='word_1_147' title='bbox 213 2659 270 2718; x_wconf 92' lang='lat' dir='ltr'>ope</span> <span class='ocrx_word' id='word_1_148' title='bbox 293 2637 523 2701; x_wconf 85' lang='lat' dir='ltr'>misericordiae</span> <span class='ocrx_word' id='word_1_149' title='bbox 547 2643 618 2699; x_wconf 88' lang='lat' dir='ltr'>tuae</span> <span class='ocrx_word' id='word_1_150' title='bbox 640 2637 744 2715; x_wconf 87' lang='lat' dir='ltr'>adjuti</span> <span class='ocrx_word' id='word_1_151' title='bbox 768 2644 799 2701; x_wconf 92' lang='lat' dir='ltr'>et</span> <span class='ocrx_word' id='word_1_152' title='bbox 820 2659 837 2700; x_wconf 92' lang='lat' dir='ltr'>a</span> <span class='ocrx_word' id='word_1_153' title='bbox 859 2648 983 2718; x_wconf 82' lang='lat' dir='ltr'>peceato</span> <span class='ocrx_word' id='word_1_154' title='bbox 1006 2638 1104 2700; x_wconf 87' lang='lat' dir='ltr'>aimus</span> <span class='ocrx_word' id='word_1_155' title='bbox 1129 2660 1255 2720; x_wconf 88' lang='lat' dir='ltr'>semper</span> 
     </span>
     <span class='ocr_line' id='line_1_22' title="bbox 155 2730 1254 2809; baseline 0.002 -16"><span class='ocrx_word' id='word_1_156' title='bbox 155 2731 244 2793; x_wconf 93' lang='lat' dir='ltr'>liberi</span> <span class='ocrx_word' id='word_1_157' title='bbox 265 2736 296 2793; x_wconf 90' lang='lat' dir='ltr'>et</span> <span class='ocrx_word' id='word_1_158' title='bbox 317 2732 355 2792; x_wconf 91' lang='lat' dir='ltr'>ab</span> <span class='ocrx_word' id='word_1_159' title='bbox 375 2731 460 2791; x_wconf 87' lang='lat' dir='ltr'>omui</span> <span class='ocrx_word' id='word_1_160' title='bbox 484 2732 717 2809; x_wconf 84' lang='lat' dir='ltr'>perturbatione</span> <span class='ocrx_word' id='word_1_161' title='bbox 739 2730 848 2792; x_wconf 85' lang='lat' dir='ltr'>securi.</span> <span class='ocrx_word' id='word_1_162' title='bbox 894 2731 954 2795; x_wconf 90' lang='lat' dir='ltr'>Per</span> <span class='ocrx_word' id='word_1_163' title='bbox 974 2731 1119 2794; x_wconf 84' lang='lat' dir='ltr'>eumdem</span> <span class='ocrx_word' id='word_1_164' title='bbox 1141 2732 1254 2796; x_wconf 86' lang='lat' dir='ltr'>Domi-</span> 
     </span>
     <span class='ocr_line' id='line_1_23' title="bbox 154 2823 1255 2898; baseline 0.005 -14"><span class='ocrx_word' id='word_1_165' title='bbox 154 2843 231 2886; x_wconf 90' lang='lat' dir='ltr'>num</span> <span class='ocrx_word' id='word_1_166' title='bbox 247 2829 389 2886; x_wconf 77' lang='lat' dir='ltr'>nostruin</span> <span class='ocrx_word' id='word_1_167' title='bbox 406 2824 517 2883; x_wconf 60' lang='lat' dir='ltr'>,Iesum</span> <span class='ocrx_word' id='word_1_168' title='bbox 535 2823 695 2884; x_wconf 72' lang='lat' dir='ltr'>t‘bristum</span> <span class='ocrx_word' id='word_1_169' title='bbox 713 2824 831 2885; x_wconf 81' lang='lat' dir='ltr'>Filium</span> <span class='ocrx_word' id='word_1_170' title='bbox 846 2829 955 2886; x_wconf 89' lang='lat' dir='ltr'>tuum:</span> <span class='ocrx_word' id='word_1_171' title='bbox 974 2824 1033 2898; x_wconf 88' lang='lat' dir='ltr'>Qui</span> <span class='ocrx_word' id='word_1_172' title='bbox 1051 2830 1155 2886; x_wconf 87' lang='lat' dir='ltr'>tecum</span> <span class='ocrx_word' id='word_1_173' title='bbox 1173 2828 1255 2889; x_wconf 79' lang='lat' dir='ltr'>vivit</span> 
     </span>
     <span class='ocr_line' id='line_1_24' title="bbox 154 2915 997 2995; baseline 0 -17"><span class='ocrx_word' id='word_1_174' title='bbox 154 2922 185 2978; x_wconf 85' lang='lat' dir='ltr'>et</span> <span class='ocrx_word' id='word_1_175' title='bbox 207 2921 317 2995; x_wconf 91' lang='lat' dir='ltr'>regnat</span> <span class='ocrx_word' id='word_1_176' title='bbox 341 2917 516 2978; x_wconf 85' lang='lat' dir='ltr'>inanitate</span> <span class='ocrx_word' id='word_1_177' title='bbox 539 2916 678 2995; x_wconf 82' lang='lat' dir='ltr'>Spiritus</span> <span class='ocrx_word' id='word_1_178' title='bbox 703 2915 809 2977; x_wconf 74' lang='lat' dir='ltr'>Sancti</span> <span class='ocrx_word' id='word_1_179' title='bbox 835 2917 918 2980; x_wconf 88' lang='lat' dir='ltr'>Deus</span> <span class='ocrx_word' id='word_1_180' title='bbox 941 2920 997 2980; x_wconf 89' lang='lat' dir='ltr'>etc.</span> 
     </span>
    </p>

    <p class='ocr_par' dir='ltr' id='par_1_8' title="bbox 154 3008 1254 3254">
     <span class='ocr_line' id='line_1_25' title="bbox 198 3008 1254 3091; baseline 0.008 -24"><span class='ocrx_word' id='word_1_181' title='bbox 198 3008 283 3069; x_wconf 89' lang='lat' dir='ltr'>Haec</span> <span class='ocrx_word' id='word_1_182' title='bbox 305 3009 486 3069; x_wconf 77' lang='lat' dir='ltr'>commixtio</span> <span class='ocrx_word' id='word_1_183' title='bbox 508 3012 536 3069; x_wconf 90' lang='lat' dir='ltr'>et</span> <span class='ocrx_word' id='word_1_184' title='bbox 559 3009 749 3071; x_wconf 75' lang='lat' dir='ltr'>consecratio</span> <span class='ocrx_word' id='word_1_185' title='bbox 772 3008 919 3087; x_wconf 76' lang='lat' dir='ltr'>Corporis</span> <span class='ocrx_word' id='word_1_186' title='bbox 939 3015 970 3072; x_wconf 90' lang='lat' dir='ltr'>et</span> <span class='ocrx_word' id='word_1_187' title='bbox 992 3011 1166 3091; x_wconf 82' lang='lat' dir='ltr'>Sanguinis</span> <span class='ocrx_word' id='word_1_188' title='bbox 1191 3012 1254 3075; x_wconf 95' lang='lat' dir='ltr'>Do-</span> 
     </span>
     <span class='ocr_line' id='line_1_26' title="bbox 155 3099 1253 3179; baseline 0.005 -18"><span class='ocrx_word' id='word_1_189' title='bbox 155 3102 234 3161; x_wconf 90' lang='lat' dir='ltr'>mini</span> <span class='ocrx_word' id='word_1_190' title='bbox 260 3101 360 3162; x_wconf 88' lang='lat' dir='ltr'>nostri</span> <span class='ocrx_word' id='word_1_191' title='bbox 385 3100 461 3161; x_wconf 80' lang='lat' dir='ltr'>Jesu</span> <span class='ocrx_word' id='word_1_192' title='bbox 490 3100 619 3174; x_wconf 77' lang='lat' dir='ltr'>(bristi,</span> <span class='ocrx_word' id='word_1_193' title='bbox 645 3101 699 3162; x_wconf 85' lang='lat' dir='ltr'>fiat</span> <span class='ocrx_word' id='word_1_194' title='bbox 726 3099 951 3179; x_wconf 86' lang='lat' dir='ltr'>accipientibus</span> <span class='ocrx_word' id='word_1_195' title='bbox 976 3102 1065 3165; x_wconf 91' lang='lat' dir='ltr'>nobis</span> <span class='ocrx_word' id='word_1_196' title='bbox 1092 3104 1125 3165; x_wconf 92' lang='lat' dir='ltr'>in</span> <span class='ocrx_word' id='word_1_197' title='bbox 1151 3106 1253 3167; x_wconf 86' lang='lat' dir='ltr'>vitam</span> 
     </span>
     <span class='ocr_line' id='line_1_27' title="bbox 154 3192 479 3254; baseline -0.003 1"><span class='ocrx_word' id='word_1_198' title='bbox 154 3198 322 3254; x_wconf 89' lang='lat' dir='ltr'>aeternam.</span> <span class='ocrx_word' id='word_1_199' title='bbox 368 3192 479 3254; x_wconf 78' lang='lat' dir='ltr'>Arnen.</span> 
     </span>
    </p>
   </div>
   <div class='ocr_carea' id='block_1_3' title="bbox 154 3375 1260 4571">
    <p class='ocr_par' dir='ltr' id='par_1_9' title="bbox 154 3375 1256 3904">
     <span class='ocr_line' id='line_1_28' title="bbox 197 3375 1255 3462; baseline 0.009 -24"><span class='ocrx_word' id='word_1_200' title='bbox 197 3375 267 3439; x_wconf 71' lang='lat'><strong>335.</strong></span> <span class='ocrx_word' id='word_1_201' title='bbox 290 3377 374 3441; x_wconf 80' lang='lat' dir='ltr'>Arate</span> <span class='ocrx_word' id='word_1_202' title='bbox 396 3375 674 3439; x_wconf 77' lang='lat' dir='ltr'>Ooormaaioacor:</span> <span class='ocrx_word' id='word_1_203' title='bbox 693 3378 827 3441; x_wconf 89' lang='lat' dir='ltr'>Domine</span> <span class='ocrx_word' id='word_1_204' title='bbox 847 3379 925 3441; x_wconf 84' lang='lat' dir='ltr'>Jesu</span> <span class='ocrx_word' id='word_1_205' title='bbox 946 3380 1076 3456; x_wconf 80' lang='lat' dir='ltr'>Christi,</span> <span class='ocrx_word' id='word_1_206' title='bbox 1097 3383 1150 3462; x_wconf 91' lang='lat' dir='ltr'>qui</span> <span class='ocrx_word' id='word_1_207' title='bbox 1172 3383 1255 3447; x_wconf 83' lang='lat' dir='ltr'>dixi-</span> 
     </span>
     <span class='ocr_line' id='line_1_29' title="bbox 155 3469 1255 3553; baseline 0.01 -23"><span class='ocrx_word' id='word_1_208' title='bbox 155 3470 194 3533; x_wconf 91' lang='lat' dir='ltr'>sti</span> <span class='ocrx_word' id='word_1_209' title='bbox 224 3469 383 3550; x_wconf 86' lang='lat' dir='ltr'>Apostolis</span> <span class='ocrx_word' id='word_1_210' title='bbox 410 3470 490 3531; x_wconf 83' lang='lat' dir='ltr'>tuis:</span> <span class='ocrx_word' id='word_1_211' title='bbox 518 3470 628 3533; x_wconf 79' lang='lat' dir='ltr'>Pacem</span> <span class='ocrx_word' id='word_1_212' title='bbox 657 3469 798 3549; x_wconf 90' lang='lat' dir='ltr'>relinquo</span> <span class='ocrx_word' id='word_1_213' title='bbox 824 3470 919 3547; x_wconf 89' lang='lat' dir='ltr'>vobis,</span> <span class='ocrx_word' id='word_1_214' title='bbox 947 3493 1052 3553; x_wconf 86' lang='lat' dir='ltr'>pacem</span> <span class='ocrx_word' id='word_1_215' title='bbox 1082 3496 1186 3539; x_wconf 91' lang='lat' dir='ltr'>meam</span> <span class='ocrx_word' id='word_1_216' title='bbox 1213 3479 1255 3541; x_wconf 88' lang='lat' dir='ltr'>do</span> 
     </span>
     <span class='ocr_line' id='line_1_30' title="bbox 155 3562 1255 3645; baseline 0.01 -23"><span class='ocrx_word' id='word_1_217' title='bbox 155 3562 256 3623; x_wconf 84' lang='lat' dir='ltr'>vobis:</span> <span class='ocrx_word' id='word_1_218' title='bbox 285 3583 323 3624; x_wconf 89' lang='lat' dir='ltr'>ne</span> <span class='ocrx_word' id='word_1_219' title='bbox 351 3562 497 3641; x_wconf 80' lang='lat' dir='ltr'>respicias</span> <span class='ocrx_word' id='word_1_220' title='bbox 526 3566 648 3642; x_wconf 75' lang='lat' dir='ltr'>peecata</span> <span class='ocrx_word' id='word_1_221' title='bbox 676 3583 753 3636; x_wconf 86' lang='lat' dir='ltr'>mea,</span> <span class='ocrx_word' id='word_1_222' title='bbox 781 3565 832 3625; x_wconf 85' lang='lat' dir='ltr'>sed</span> <span class='ocrx_word' id='word_1_223' title='bbox 862 3564 953 3626; x_wconf 80' lang='lat' dir='ltr'>sulem</span> <span class='ocrx_word' id='word_1_224' title='bbox 983 3567 1139 3630; x_wconf 79' lang='lat' dir='ltr'>Ealesiae</span> <span class='ocrx_word' id='word_1_225' title='bbox 1169 3576 1255 3645; x_wconf 86' lang='lat' dir='ltr'>tusc,</span> 
     </span>
     <span class='ocr_line' id='line_1_31' title="bbox 155 3655 1256 3737; baseline 0.009 -21"><span class='ocrx_word' id='word_1_226' title='bbox 155 3675 283 3734; x_wconf 78' lang='lat' dir='ltr'>euinque</span> <span class='ocrx_word' id='word_1_227' title='bbox 307 3655 477 3717; x_wconf 83' lang='lat' dir='ltr'>secundum</span> <span class='ocrx_word' id='word_1_228' title='bbox 503 3655 696 3718; x_wconf 79' lang='lat' dir='ltr'>voluntatem</span> <span class='ocrx_word' id='word_1_229' title='bbox 720 3661 808 3718; x_wconf 89' lang='lat' dir='ltr'>tuam</span> <span class='ocrx_word' id='word_1_230' title='bbox 831 3658 994 3737; x_wconf 82' lang='lat' dir='ltr'>pacificare</span> <span class='ocrx_word' id='word_1_231' title='bbox 1019 3664 1050 3721; x_wconf 86' lang='lat' dir='ltr'>ct</span> <span class='ocrx_word' id='word_1_232' title='bbox 1075 3660 1256 3725; x_wconf 79' lang='lat' dir='ltr'>coadunare</span> 
     </span>
     <span class='ocr_line' id='line_1_32' title="bbox 154 3747 1256 3830; baseline 0.01 -23"><span class='ocrx_word' id='word_1_233' title='bbox 154 3747 310 3825; x_wconf 77' lang='lat' dir='ltr'>digneris:</span> <span class='ocrx_word' id='word_1_234' title='bbox 332 3749 384 3828; x_wconf 89' lang='lat' dir='ltr'>qui</span> <span class='ocrx_word' id='word_1_235' title='bbox 407 3749 485 3809; x_wconf 80' lang='lat' dir='ltr'>vivis</span> <span class='ocrx_word' id='word_1_236' title='bbox 504 3754 533 3810; x_wconf 90' lang='lat' dir='ltr'>et</span> <span class='ocrx_word' id='word_1_237' title='bbox 557 3769 665 3825; x_wconf 79' lang='lat' dir='ltr'>regnas</span> <span class='ocrx_word' id='word_1_238' title='bbox 687 3748 781 3823; x_wconf 89' lang='lat' dir='ltr'>Deus,</span> <span class='ocrx_word' id='word_1_239' title='bbox 803 3770 858 3830; x_wconf 92' lang='lat' dir='ltr'>per</span> <span class='ocrx_word' id='word_1_240' title='bbox 878 3752 983 3813; x_wconf 86' lang='lat' dir='ltr'>omnia</span> <span class='ocrx_word' id='word_1_241' title='bbox 1003 3751 1126 3814; x_wconf 88' lang='lat' dir='ltr'>saecula</span> <span class='ocrx_word' id='word_1_242' title='bbox 1146 3774 1256 3818; x_wconf 84' lang='lat' dir='ltr'>saecu-</span> 
     </span>
     <span class='ocr_line' id='line_1_33' title="bbox 157 3840 417 3904; baseline 0 -1"><span class='ocrx_word' id='word_1_243' title='bbox 157 3841 267 3904; x_wconf 90' lang='lat' dir='ltr'>lorum.</span> <span class='ocrx_word' id='word_1_244' title='bbox 305 3840 417 3903; x_wconf 84' lang='lat' dir='ltr'>Amen.</span> 
     </span>
    </p>

    <p class='ocr_par' dir='ltr' id='par_1_10' title="bbox 154 3934 1260 4571">
     <span class='ocr_line' id='line_1_34' title="bbox 198 3934 1258 4020; baseline 0.012 -27"><span class='ocrx_word' id='word_1_245' title='bbox 198 3934 332 3996; x_wconf 84' lang='lat' dir='ltr'>Domine</span> <span class='ocrx_word' id='word_1_246' title='bbox 346 3935 422 3996; x_wconf 78' lang='lat' dir='ltr'>Jesu</span> <span class='ocrx_word' id='word_1_247' title='bbox 441 3934 574 3999; x_wconf 63' lang='lat' dir='ltr'>Christe.</span> <span class='ocrx_word' id='word_1_248' title='bbox 592 3934 652 3995; x_wconf 83' lang='lat' dir='ltr'>Fili</span> <span class='ocrx_word' id='word_1_249' title='bbox 670 3935 726 3997; x_wconf 91' lang='lat' dir='ltr'>Dei</span> <span class='ocrx_word' id='word_1_250' title='bbox 745 3935 818 4004; x_wconf 77' lang='lat' dir='ltr'>viui,</span> <span class='ocrx_word' id='word_1_251' title='bbox 834 3938 888 4017; x_wconf 92' lang='lat' dir='ltr'>qui</span> <span class='ocrx_word' id='word_1_252' title='bbox 903 3958 940 4001; x_wconf 85' lang='lat' dir='ltr'>ex</span> <span class='ocrx_word' id='word_1_253' title='bbox 956 3937 1117 4002; x_wconf 88' lang='lat' dir='ltr'>voluntate</span> <span class='ocrx_word' id='word_1_254' title='bbox 1134 3940 1258 4020; x_wconf 86' lang='lat' dir='ltr'>Patris,</span> 
     </span>
     <span class='ocr_line' id='line_1_35' title="bbox 154 4026 1257 4107; baseline 0.01 -18"><span class='ocrx_word' id='word_1_255' title='bbox 154 4031 339 4107; x_wconf 86' lang='lat' dir='ltr'>cooperante</span> <span class='ocrx_word' id='word_1_256' title='bbox 360 4026 482 4107; x_wconf 87' lang='lat' dir='ltr'>Spiritu</span> <span class='ocrx_word' id='word_1_257' title='bbox 504 4027 628 4091; x_wconf 82' lang='lat' dir='ltr'>Sancto.</span> <span class='ocrx_word' id='word_1_258' title='bbox 647 4048 703 4107; x_wconf 87' lang='lat' dir='ltr'>per</span> <span class='ocrx_word' id='word_1_259' title='bbox 718 4033 850 4092; x_wconf 89' lang='lat' dir='ltr'>mortem</span> <span class='ocrx_word' id='word_1_260' title='bbox 871 4035 956 4092; x_wconf 89' lang='lat' dir='ltr'>tuam</span> <span class='ocrx_word' id='word_1_261' title='bbox 977 4032 1131 4095; x_wconf 87' lang='lat' dir='ltr'>mundum</span> <span class='ocrx_word' id='word_1_262' title='bbox 1152 4036 1257 4100; x_wconf 84' lang='lat' dir='ltr'>vivifi-</span> 
     </span>
     <span class='ocr_line' id='line_1_36' title="bbox 154 4120 1257 4208; baseline 0.011 -25"><span class='ocrx_word' id='word_1_263' title='bbox 154 4120 249 4183; x_wconf 88' lang='lat' dir='ltr'>casti:</span> <span class='ocrx_word' id='word_1_264' title='bbox 270 4120 367 4183; x_wconf 91' lang='lat' dir='ltr'>libera</span> <span class='ocrx_word' id='word_1_265' title='bbox 388 4141 437 4183; x_wconf 92' lang='lat' dir='ltr'>me</span> <span class='ocrx_word' id='word_1_266' title='bbox 457 4141 512 4201; x_wconf 85' lang='lat' dir='ltr'>per</span> <span class='ocrx_word' id='word_1_267' title='bbox 531 4121 588 4180; x_wconf 86' lang='lat' dir='ltr'>boe</span> <span class='ocrx_word' id='word_1_268' title='bbox 608 4127 838 4185; x_wconf 80' lang='lat' dir='ltr'>sacrosanctum</span> <span class='ocrx_word' id='word_1_269' title='bbox 861 4124 982 4204; x_wconf 82' lang='lat' dir='ltr'>Corpus</span> <span class='ocrx_word' id='word_1_270' title='bbox 1003 4130 1034 4189; x_wconf 90' lang='lat' dir='ltr'>et</span> <span class='ocrx_word' id='word_1_271' title='bbox 1055 4127 1257 4208; x_wconf 75' lang='lat' dir='ltr'>Sanguinem</span> 
     </span>
     <span class='ocr_line' id='line_1_37' title="bbox 154 4213 1260 4293; baseline 0.015 -16"><span class='ocrx_word' id='word_1_272' title='bbox 154 4218 246 4277; x_wconf 89' lang='lat' dir='ltr'>tuum</span> <span class='ocrx_word' id='word_1_273' title='bbox 269 4213 306 4276; x_wconf 90' lang='lat' dir='ltr'>ab</span> <span class='ocrx_word' id='word_1_274' title='bbox 330 4214 475 4278; x_wconf 88' lang='lat' dir='ltr'>omnibus</span> <span class='ocrx_word' id='word_1_275' title='bbox 499 4213 719 4293; x_wconf 85' lang='lat' dir='ltr'>iniquitatibus</span> <span class='ocrx_word' id='word_1_276' title='bbox 741 4216 828 4291; x_wconf 86' lang='lat' dir='ltr'>meis,</span> <span class='ocrx_word' id='word_1_277' title='bbox 853 4221 883 4280; x_wconf 86' lang='lat' dir='ltr'>et</span> <span class='ocrx_word' id='word_1_278' title='bbox 907 4219 1061 4282; x_wconf 89' lang='lat' dir='ltr'>universis</span> <span class='ocrx_word' id='word_1_279' title='bbox 1084 4221 1200 4289; x_wconf 87' lang='lat' dir='ltr'>malis:</span> <span class='ocrx_word' id='word_1_280' title='bbox 1226 4233 1260 4293; x_wconf 90' lang='lat' dir='ltr'>et</span> 
     </span>
     <span class='ocr_line' id='line_1_38' title="bbox 156 4306 1258 4399; baseline 0.017 -31"><span class='ocrx_word' id='word_1_281' title='bbox 156 4306 205 4368; x_wconf 87' lang='lat' dir='ltr'>fae</span> <span class='ocrx_word' id='word_1_282' title='bbox 231 4328 280 4369; x_wconf 85' lang='lat' dir='ltr'>me</span> <span class='ocrx_word' id='word_1_283' title='bbox 306 4308 369 4369; x_wconf 89' lang='lat' dir='ltr'>tuis</span> <span class='ocrx_word' id='word_1_284' title='bbox 395 4327 515 4386; x_wconf 82' lang='lat' dir='ltr'>semper</span> <span class='ocrx_word' id='word_1_285' title='bbox 543 4307 701 4369; x_wconf 87' lang='lat' dir='ltr'>inhaerere</span> <span class='ocrx_word' id='word_1_286' title='bbox 726 4307 894 4377; x_wconf 75' lang='lat' dir='ltr'>arandatis,</span> <span class='ocrx_word' id='word_1_287' title='bbox 920 4317 950 4373; x_wconf 88' lang='lat' dir='ltr'>et</span> <span class='ocrx_word' id='word_1_288' title='bbox 977 4333 993 4374; x_wconf 87' lang='lat' dir='ltr'>a</span> <span class='ocrx_word' id='word_1_289' title='bbox 1021 4319 1051 4377; x_wconf 90' lang='lat' dir='ltr'>te</span> <span class='ocrx_word' id='word_1_290' title='bbox 1076 4335 1258 4399; x_wconf 85' lang='lat' dir='ltr'>numquam</span> 
     </span>
     <span class='ocr_line' id='line_1_39' title="bbox 154 4400 1258 4483; baseline 0.013 -22"><span class='ocrx_word' id='word_1_291' title='bbox 154 4401 291 4479; x_wconf 87' lang='lat' dir='ltr'>separari</span> <span class='ocrx_word' id='word_1_292' title='bbox 321 4401 496 4479; x_wconf 84' lang='lat' dir='ltr'>permittas,</span> <span class='ocrx_word' id='word_1_293' title='bbox 525 4402 576 4478; x_wconf 89' lang='lat' dir='ltr'>qui</span> <span class='ocrx_word' id='word_1_294' title='bbox 607 4421 676 4461; x_wconf 86' lang='lat' dir='ltr'>eum</span> <span class='ocrx_word' id='word_1_295' title='bbox 707 4400 812 4462; x_wconf 76' lang='lat' dir='ltr'>codem</span> <span class='ocrx_word' id='word_1_296' title='bbox 845 4402 910 4464; x_wconf 88' lang='lat' dir='ltr'>Deo</span> <span class='ocrx_word' id='word_1_297' title='bbox 941 4404 1035 4468; x_wconf 87' lang='lat' dir='ltr'>Patre</span> <span class='ocrx_word' id='word_1_298' title='bbox 1064 4412 1095 4469; x_wconf 88' lang='lat' dir='ltr'>et</span> <span class='ocrx_word' id='word_1_299' title='bbox 1125 4410 1258 4483; x_wconf 81' lang='lat' dir='ltr'>Spiritu</span> 
     </span>
     <span class='ocr_line' id='line_1_40' title="bbox 155 4492 1214 4571; baseline 0.01 -15"><span class='ocrx_word' id='word_1_300' title='bbox 155 4492 273 4556; x_wconf 87' lang='lat' dir='ltr'>Sancto</span> <span class='ocrx_word' id='word_1_301' title='bbox 289 4492 368 4553; x_wconf 76' lang='lat' dir='ltr'>vivis</span> <span class='ocrx_word' id='word_1_302' title='bbox 384 4497 416 4555; x_wconf 87' lang='lat' dir='ltr'>et</span> <span class='ocrx_word' id='word_1_303' title='bbox 434 4512 543 4567; x_wconf 82' lang='lat' dir='ltr'>regnas</span> <span class='ocrx_word' id='word_1_304' title='bbox 561 4492 645 4552; x_wconf 84' lang='lat' dir='ltr'>Deus</span> <span class='ocrx_word' id='word_1_305' title='bbox 662 4494 694 4553; x_wconf 86' lang='lat' dir='ltr'>in</span> <span class='ocrx_word' id='word_1_306' title='bbox 713 4493 833 4556; x_wconf 80' lang='lat' dir='ltr'>saecula</span> <span class='ocrx_word' id='word_1_307' title='bbox 852 4495 1055 4560; x_wconf 85' lang='lat' dir='ltr'>saeculorum.</span> <span class='ocrx_word' id='word_1_308' title='bbox 1094 4499 1214 4571; x_wconf 88' lang='lat' dir='ltr'>Amen.</span> 
     </span>
    </p>
   </div>
   <div class='ocr_carea' id='block_1_4' title="bbox 0 0 1412 4890">
    <p class='ocr_par' dir='ltr' id='par_1_11' title="bbox 0 0 1412 4890">
     <span class='ocr_line' id='line_1_41' title="bbox 0 0 1412 4890; baseline 0 0"><span class='ocrx_word' id='word_1_309' title='bbox 0 0 1412 4890; x_wconf 95' lang='lat' dir='ltr'> </span> 
     </span>
    </p>
   </div>
  </div>
 </body>
</html>
