2804 4890
785 356 789 363 4

455 703 509 762 DE
531 704 725 764 VESTIBUS
749 706 899 765 SAGRIS.
1187 695 1229 764 23

177 872 207 931 3.
231 868 413 952 Οἰηφιιῑαηι,
425 872 507 952 quod
519 870 652 934 sericum
666 874 713 934 rel
728 873 852 935 laneum
865 878 896 936 et
909 871 1020 937 coloris
1032 875 1228 953 paramento

138 986 208 1028 rum
223 985 288 1028 esse
301 970 414 1046 potest,
429 966 482 1030 sed
497 968 721 1046 congruentius
734 971 783 1030 est
798 969 933 1031 linteum
948 972 979 1031 et
994 966 1125 1031 album.⁸

181 1063 210 1119 4.
232 1057 428 1138 discipulos,
448 1057 524 1118 olim
542 1058 716 1134 sudarium,
734 1060 816 1139 quod
838 1061 1019 1122 Sacerdotes
1039 1065 1070 1122 et
1088 1060 1228 1122 ministri

140 1173 233 1232 supra
251 1173 379 1214 manum
396 1152 586 1214 deferebant.

181 1251 209 1309 5.
231 1246 322 1311 Stolo
345 1266 423 1329 quae
446 1267 465 1310 a
487 1246 680 1326 Presbyteris
702 1249 835 1329 utroque
857 1247 988 1312 humero
1011 1268 1105 1330 super
1128 1247 1230 1311 albam

139 1352 211 1399 ame
231 1350 339 1417 pectus
359 1341 392 1399 in
412 1339 540 1400 modum
561 1340 671 1400 Crucis
689 1352 831 1418 gestatur
838 1360 848 1416 3
868 1340 951 1402 inter
972 1352 1069 1403 vestes
1089 1340 1228 1403 sacerdo-

140 1432 216 1493 tales
240 1432 446 1513 principalior
470 1433 611 1496 habetur.
661 1433 788 1511 (“Stola
812 1434 916 1510 latior,
941 1455 1001 1516 qua
1025 1436 1129 1497 utitur
1153 1434 1228 1496 Dia-

139 1547 245 1600 conos,
276 1527 352 1587 dum
382 1531 522 1607 tempore
552 1527 714 1589 Adventus
744 1532 776 1590 et
806 1527 1067 1609 Quadragesimae
1098 1528 1228 1609 deponit

140 1621 298 1699 planetam
325 1621 483 1700 plicatam,
509 1621 621 1682 habere
647 1641 710 1682 non
736 1621 825 1682 debet
852 1621 988 1682 intextas
1014 1626 1077 1684 tres
1103 1621 1241 1697 Cruces.

138 1715 231 1775 siculi
250 1714 405 1775 habentur
423 1715 456 1774 in
474 1713 554 1776 stola
573 1713 762 1776 eommuni.''
775 1715 803 1793 ἴ)

183 1807 271 1870 Stola
300 1806 467 1870 adhibetur
497 1812 623 1870 tantum
653 1808 687 1869 in
717 1807 912 1883 ministeriis,
942 1827 999 1888 pro
1030 1808 1142 1888 quibus
1172 1828 1228 1889 per

140 1901 290 1962 Rubricas
307 1906 363 1962 aut
382 1900 513 1963 Decreta
530 1900 738 1980 permittitur,
755 1901 839 1962 scil:

181 1996 231 2071 (o)
262 1995 299 2055 ln
314 1994 411 2058 Missa
424 1999 454 2057 et
469 1996 501 2056 in
514 1995 622 2074 quavis
634 1995 821 2057 tractatione
836 1994 892 2056 SS.
908 1994 1124 2058 Eucharistiae
1136 1997 1228 2074 atque

137 2090 167 2149 in
193 2091 412 2173 communione
437 2088 614 2151 Sacerdotis
637 2094 668 2151 et
693 2087 825 2151 Diaconi
848 2094 918 2151 tum
942 2090 1118 2152 intratum
1142 2093 1230 2153 extra

138 2180 284 2255 Missam
312 2172 387 2242 item
415 2183 447 2242 in
474 2180 656 2244 adoratione
684 2181 740 2242 SS.
770 2181 963 2243 Sacramenti
992 2182 1173 2244 Sacerdotes
1198 2185 1230 2244 et

138 2272 268 2335 Diaconi
286 2273 398 2335 stolam
415 2273 561 2342 adhibere
579 2275 732 2354 possunt.a

186 2366 237 2442 (b)
267 2365 304 2424 ln
318 2365 520 2426 conficiendis
533 2372 564 2427 ot
577 2365 836 2427 administrandis
852 2365 1062 2427 Sacramentis
1074 2369 1105 2427 et
1121 2366 1228 2427 Sacra-

141 2458 338 2532 mentalibus‚
357 2479 383 2519 r.
401 2479 430 2538 g.
451 2461 483 2519 in
504 2458 780 2520 Benedictionibus
798 2479 834 2520 ex
854 2458 973 2521 Rituali
984 2479 993 2534 3

186 2554 235 2629 (c)
263 2552 304 2613 In
332 2552 466 2614 elatione
493 2552 631 2631 eorporis
661 2552 693 2612 in
722 2551 860 2632 exequiis
888 2557 919 2614 et
947 2553 980 2612 in
1009 2552 1169 2613 Matutino
1197 2555 1228 2613 et

140 2646 298 2707 Laudibus
311 2645 492 2708 immediate
504 2646 761 2725 subsequentibus
775 2665 894 2706 necnon
909 2645 942 2705 in
955 2645 1148 2708 absolutione
1159 2649 1229 2725 post

143 2738 288 2815 Missam3
311 2739 460 2801 Sacerdos
480 2744 584 2819 potest
602 2738 655 2800 sed
676 2759 739 2800 non
761 2743 886 2800 tenetur
906 2739 1044 2818 accipere
1065 2738 1178 2802 stolam
1197 2742 1228 2800 et

142 2831 276 2912 pluviale
306 2832 345 2894 ab
377 2833 469 2894 initio
500 2832 591 2894 officii
624 2832 833 2907 Mortuerum,
865 2832 946 2911 quod
978 2836 1124 2893 cantatur
1155 2836 1228 2893 ante

141 2926 294 2989 Missam.¹³

186 3022 240 3098 (d)
269 3020 309 3081 In
331 3019 489 3093 concione,
512 3019 565 3080 ubi
588 3019 695 3081 existit
719 3018 975 3080 immemorabilis
999 3018 1228 3080 consuetudo.¹⁰

181 3115 301 3177 “Extra
326 3113 445 3175 Urbem
468 3113 668 3175 concionator
692 3112 803 3173 stolam
827 3111 1011 3174 adhibet''¹¹
1037 3112 1148 3173 coloris
1173 3110 1228 3172 Of-

141 3207 210 3269 ficio
226 3208 289 3270 diei
307 3206 524 3286 respondentis
547 3206 658 3284 (ctiam
676 3208 703 3266 2.
723 3205 852 3282 Nor.)¹²
871 3205 980 3267 Oratio
999 3226 1068 3266 vero
1088 3204 1228 3267 funebris

141 3301 175 3364 fit
190 3303 257 3365 sine
272 3301 353 3363 stola
367 3305 399 3362 et
414 3299 645 3381 superpelliceo.
660 3300 684 3333 ¹³

186 3398 235 3473 (a)
263 3394 314 3455 Ad
331 3395 483 3475 l'esperas
497 3399 527 3455 et
544 3392 646 3455 Horas
660 3414 762 3454 coram
781 3392 837 3453 SS.
855 3393 1056 3454 Sacramento
1071 3392 1210 3470 exposito
1220 3411 1228 3465 ;

139 3509 203 3551 non
222 3508 293 3550 vero
312 3489 346 3549 in
365 3488 436 3549 aliis
456 3487 602 3566 Vesperis
622 3494 654 3548 et
674 3487 780 3556 Horis,
800 3487 860 3547 nisi
882 3485 1061 3546 immediate
1081 3488 1229 3563 sequatur

137 3581 292 3662 expositio
308 3602 381 3643 eum
400 3580 622 3643 Benedictione
641 3580 723 3640 Sami
745 3580 978 3640 Sacramenti.¹⁴

186 3677 234 3752 (f)
264 3674 304 3738 In
323 3674 585 3748 Processionibus‚
603 3672 655 3735 sed
673 3692 728 3753 per
745 3693 776 3734 se
793 3672 831 3733 ab
850 3672 1025 3732 Officiatore
1041 3677 1072 3732 ct
1090 3671 1229 3733 Diacono

138 3778 284 3846 tantum;

135 3945 254 4011 possint,
281 3943 429 4007 usquedum
458 3943 659 4002 consumantur,
748 3936 811 3987 1Ι).
833 3937 909 3987 3029.
930 3939 954 3987 4.
975 3940 999 3989 5.

135 4022 184 4072 aed
210 4035 271 4070 cum
296 4019 455 4083 hujusmodi
479 4016 660 4083 supellectilia
749 4020 774 4052 ¹¹¹
794 4014 825 4063 D.
844 4015 920 4063 2682.
938 4016 979 4065 21.

136 4097 297 4149 renovanda
316 4100 404 4159 erunt,
425 4110 458 4146 ne
477 4109 510 4145 ax
530 4093 586 4145 alia
606 4107 659 4143 ma·
751 4097 774 4128 ¹¹
795 4091 958 4141 hlartinocci
977 4091 1000 4141 1.
1018 4092 1083 4154 3023
1103 4093 1136 4143 V.
1157 4096 1213 4144 112.

135 4176 210 4226 teria
232 4173 302 4224 flant
325 4171 378 4223 nisi
400 4187 434 4223 ex
456 4171 512 4221 lino
535 4171 577 4221 vel
599 4183 660 4220 ean·
711 4169 829 4233 —Apud
850 4183 898 4218 nos
917 4170 1082 4219 consuetudo
1102 4185 1155 4220 non
1176 4170 1229 4220 ubi·

135 4253 217 4305 nsbe.
234 4246 472 4317 praeceperunt.''
498 4247 531 4298 D.
549 4248 625 4297 2600.
712 4258 763 4309 que
783 4245 877 4294 adesse
898 4245 1014 4296 videtur.

170 4326 230 4378 ⁸D.
251 4324 328 4376 2067.
348 4326 373 4376 6.
749 4326 774 4358 ¹²
794 4319 826 4370 D.
844 4322 868 4370 6,
886 4320 951 4371 Feb.
971 4321 1046 4382 1892,
1063 4336 1088 4371 n.
1105 4323 1182 4375 3764.

174 4411 186 4443 ¹
208 4404 239 4454 1).
257 4404 334 4452 3006.
352 4403 376 4451 7.
749 4401 774 4434 ¹³
793 4395 826 4446 D.
847 4397 923 4447 2888.
945 4399 967 4447 1.

175 4487 188 4522 ⁸
207 4480 240 4531 D.
258 4478 334 4528 2709.
352 4478 376 4527 2.
751 4479 775 4511 ¹¹
794 4472 827 4524 D.
844 4474 885 4526 27.
901 4473 971 4538 Maj.
989 4472 1065 4534 1911,
1079 4488 1105 4526 n.
1120 4476 1196 4527 4269.
