2804 4890
312 673 364 728 AB
386 672 637 729 OFFERTORIO
661 673 793 741 USQUE
819 674 870 727 AD
894 673 1100 728 CANONEM.
1195 663 1255 726 243

165 843 326 907 benedicat
347 865 439 907 sensu
459 845 604 921 secundo,
625 845 645 906 i.
666 865 691 906 o.
713 849 750 906 ut
770 849 926 908 consecret
948 865 1059 925 panem
1081 849 1112 908 et
1132 845 1252 920 vinum,

165 958 219 999 seu
239 938 295 998 “ut
317 938 400 1018 ignis
423 937 455 1000 S.
480 938 619 1018 Spiritus
640 939 839 1013 delabatur‚¹1
863 939 1065 1018 absumatque
1087 959 1199 1019 panem
1221 941 1254 999 et

165 1034 274 1092 vinum
289 1035 320 1093 et
336 1033 369 1093 in
385 1031 505 1110 Corpus
520 1036 552 1093 et
568 1030 761 1110 Sanguinem
779 1030 896 1093 Christi
914 1036 1091 1093 convertat:
1108 1052 1168 1110 quo
1184 1030 1251 1110 qui·

165 1124 235 1186 dem
252 1125 341 1186 nobis
359 1124 545 1197 declaratur,
563 1124 824 1204 quemadmodum
844 1124 963 1187 Christi
982 1145 1093 1204 corpus
1113 1125 1252 1204 Spiritus

166 1218 274 1281 Sancti
292 1239 386 1299 opera
404 1219 437 1281 in
455 1219 602 1298 virginali
623 1221 658 1280 B.
679 1219 797 1281 Mariae
816 1224 904 1280 utero
923 1220 1095 1281 formatum
1114 1219 1188 1294 fuit,
1207 1219 1253 1280 ita

164 1333 220 1393 per
239 1313 373 1375 eundem
396 1314 551 1394 Spiritum
576 1314 726 1375 Sanctum
748 1314 858 1375 confici
881 1334 974 1393 super
996 1312 1129 1374 Altari.''
1144 1314 1168 1347 ¹²

207 1410 234 1469 l.
258 1407 345 1469 Talis
371 1407 525 1470 invocatio
553 1407 691 1487 Spiritus
718 1408 826 1469 Sancti
851 1428 907 1487 pro
932 1408 1172 1483 consecratione,
1198 1427 1252 1469 seu

163 1500 324 1582 Epiclests,
343 1504 521 1565 continetur
539 1505 570 1564 in
588 1503 732 1566 omnibus
750 1503 905 1580 liturgiis
924 1508 991 1565 tuni
1010 1504 1254 1565 occidentalibus

164 1598 232 1655 tum
245 1593 450 1657 orientalibus
469 1594 520 1673 (in
533 1594 756 1673 posterioribus
769 1594 951 1674 plerumque
965 1598 1035 1674 post
1048 1592 1251 1656 consecratio-

165 1687 266 1765 nem).
309 1686 394 1748 Petit
411 1688 495 1749 enim
516 1686 654 1749 Ecclesia
671 1687 767 1748 etiam
785 1708 821 1748 ea
839 1707 916 1767 quae
936 1687 1020 1748 lleus
1040 1685 1252 1747 infallibiliter

164 1780 336 1861 largiturus
357 1785 421 1855 est;
443 1786 517 1843 sunt
538 1782 623 1842 enim
645 1781 727 1843 dona
749 1782 995 1861 omnipotentiae
1016 1786 1047 1843 et
1069 1779 1251 1842 clementiae

164 1875 364 1954 quantumvis
388 1882 472 1937 certo
496 1875 657 1955 promissa.
726 1875 797 1954 Ipse
823 1875 977 1948 Christus,
1002 1875 1143 1954 quamvis
1168 1878 1252 1937 certo

164 1968 392 2044 clarificandus,
423 1971 540 2031 oravit:
571 1969 696 2044 “Pater,
726 1969 811 2030 venit
839 1968 932 2030 hora:
964 1967 1101 2030 clarifica
1132 1967 1250 2029 Filium

163 2066 263 2140 tuum,
283 2069 319 2126 ut
339 2064 440 2125 Filius
461 2070 535 2125 tuus
554 2065 704 2126 clarificet
725 2063 821 2126 te.''¹³

206 2154 329 2216 Pluries
344 2155 445 2216 adhuc
462 2157 494 2215 in
513 2155 609 2216 Missa
627 2160 690 2216 tam
706 2160 778 2216 ante
794 2175 886 2235 quam
902 2158 972 2235 post
987 2154 1252 2216 consecrationem

163 2252 316 2327 petuntur
331 2269 366 2310 ea
382 2267 459 2327 quae
475 2247 560 2309 Deus
577 2247 791 2309 infallibiliter
807 2248 938 2308 daturus
954 2249 1038 2309 est¹⁴

206 2426 274 2490 140.
297 2426 340 2488 De
358 2427 575 2490 incensatione
593 2427 633 2488 ad
651 2426 852 2488 Offertorium
870 2428 984 2499 calent,
1002 2447 1080 2506 quae
1097 2426 1135 2489 de
1151 2425 1250 2506 priori

164 2523 374 2585 incensatione
395 2528 467 2584 ante
490 2522 663 2582 introitum
685 2521 824 2600 exposita
845 2523 928 2581 sunt.
973 2520 1017 2581 At
1037 2521 1095 2580 hoc
1116 2519 1181 2581 loco
1204 2519 1250 2579 in-

162 2616 298 2679 censatIo
317 2616 352 2677 tit
373 2616 463 2678 modo
482 2615 672 2688 solemniori,
691 2613 808 2675 additis
829 2613 927 2674 serbis
947 2612 1042 2674 sacris
1061 2618 1091 2674 ct
1112 2613 1249 2672 incensa-

164 2709 247 2770 tione
265 2709 450 2779 oblalorum,
471 2709 566 2769 t'lrori
585 2712 616 2770 et
635 2706 752 2787 populi.

205 2805 231 2861 2.
256 2802 424 2864 Incensurn
444 2801 639 2862 benedicitur
659 2801 734 2880 “per
755 2800 1007 2862 intercessionem
1029 2801 1065 2860 B.
1087 2797 1250 2860 Michaelis

162 2897 360 2978 Archangeli,
378 2897 456 2960 etc.‘''
474 2899 527 2977 qui
546 2901 601 2971 est,
621 2898 785 2977 “princeps
805 2896 936 2957 militiae
955 2897 1147 2974 angelorum,
1165 2916 1252 2975 prac-

163 2990 281 3068 positus
317 2989 464 3068 paradisi,
501 3009 591 3067 quem
627 2987 835 3048 honorificant
870 2984 1064 3064 Angelorum
1099 2982 1249 3059 cives,''¹⁵

160 3088 263 3147 eustos
290 3084 446 3147 Ecclesiae
473 3082 650 3145 militantis.
700 3082 855 3143 “lliclracl
882 3081 999 3143 dicitur
1027 3081 1252 3161 Arclmngelus.

161 3196 225 3237 non
251 3176 332 3256 quod
360 3177 401 3238 sit
428 3176 465 3236 de
495 3174 612 3237 Ordine
640 3174 911 3249 Archangclorum
944 3173 1168 3252 (penultimo),
1196 3171 1249 3233 sed

162 3271 234 3348 quia
249 3270 391 3330 omnium
407 3268 600 3345 Angelorum
616 3271 755 3346 caputet
771 3266 834 3326 dux
849 3264 954 3327 est.''¹⁰
992 3264 1115 3326 Pluries
1132 3265 1165 3325 in
1180 3264 1250 3342 ejus

164 3362 279 3425 Officiis
303 3362 374 3424 eccl.
402 3363 571 3441 repetitur:
598 3360 717 3422 “Stetit
743 3359 881 3438 Angelus
908 3361 999 3437 juxta
1025 3378 1111 3421 aram
1139 3355 1249 3437 templi

161 3457 275 3519 habens
293 3457 490 3519 thuribulum
509 3476 639 3517 aureum
657 3456 688 3516 in
708 3474 803 3515 manu
821 3453 934 3515 sua.''¹⁷

204 3553 231 3611 3.
256 3551 363 3611 Primo
388 3551 588 3611 incensantur
611 3548 713 3610 oblata
736 3547 838 3608 forma
861 3546 970 3607 Crucis
993 3547 1066 3625 quia
1088 3549 1163 3607 sunt
1185 3566 1249 3606 ma·

162 3645 240 3707 teria
269 3665 324 3724 pro
354 3645 515 3713 sacrificio,
545 3642 626 3722 quod
657 3641 740 3702 idem
769 3645 815 3703 est
845 3661 879 3702 ac
910 3640 1097 3701 sacrificium
1129 3638 1248 3714 Crucis,

162 3740 279 3819 triplici
292 3739 400 3812 ductu,
413 3740 485 3818 quin
500 3739 565 3799 llco
580 3738 662 3798 trino
676 3735 869 3799 offerendum
882 3755 889 3802 ;
903 3735 974 3795 dein
990 3738 1037 3795 tcr
1052 3733 1249 3795 thuribulum

161 3832 276 3893 circulo
295 3833 412 3894 circum
433 3832 536 3892 ollam
554 3831 681 3891 ducitur
701 3829 772 3908 (pria
792 3848 847 3907 pro
867 3832 933 3888 toto
953 3829 1034 3898 orbe,
1055 3828 1131 3906 “pro
1152 3826 1249 3887 totius

162 3928 271 3988 mundi
288 3925 408 3988 salute”
425 3932 495 3987 sunt
514 3923 680 3985 ollcrcnda.

199 4061 220 4091 ¹¹
242 4053 285 4104 Cf.
307 4053 393 4102 Lavit.
414 4054 438 4113 9,
460 4054 507 4113 243
529 4057 556 4101 ct
577 4052 592 4096 3
614 4052 678 4113 Reg.
735 4051 823 4099 nantis
852 4050 993 4099 invocatur
1021 4049 1143 4113 Spiritus
1171 4047 1251 4098 Sanc·

164 4133 204 4193 18,
222 4131 263 4181 38.
734 4130 785 4176 tus.

199 4215 224 4247 ¹²
243 4208 343 4257 Bened.
370 4208 446 4256 xlv.
771 4211 794 4242 ¹⁴
814 4204 857 4253 (cf,
881 4220 906 4254 n.
931 4205 988 4262 148,
1011 4206 1034 4253 5.

199 4291 223 4324 ¹³
242 4286 286 4336 Jo.
315 4287 354 4347 17,
383 4288 404 4334 l.
450 4285 496 4334 Ita
521 4287 585 4334 ante
611 4281 679 4333 deci·
771 4287 795 4318 ¹⁵
815 4281 986 4342 onsnlaji
1001 4285 1030 4330 ct
1045 4281 1078 4329 29
1092 4281 1168 4345 Sept.

160 4363 249 4413 aiones
273 4363 443 4426 dogmaticas
467 4360 579 4410 Concilii
604 4374 679 4409 oecu-
771 4363 795 4395 ¹⁰
815 4358 947 4407 llolanus.

161 4439 257 4490 menici
302 4441 343 4487 rel
389 4438 415 4488 S.
461 4436 603 4485 Pontificis
647 4451 679 4485 ex
770 4440 794 4471 Π
814 4434 872 4483 (¹fr.
891 4435 974 4498 Apoc.
993 4436 1018 4500 8,
1036 4436 1060 4486 3.

160 4517 292 4573 cathedra
317 4515 479 4580 deminutis,
506 4514 546 4562 vel
572 4511 678 4562 canoni:
919 4502 923 4507 '
