<?xml version="1.0" encoding="UTF-8"?>
<!DOCTYPE html PUBLIC "-//W3C//DTD XHTML 1.0 Transitional//EN"
    "http://www.w3.org/TR/xhtml1/DTD/xhtml1-transitional.dtd">
<html xmlns="http://www.w3.org/1999/xhtml" xml:lang="en" lang="en">
 <head>
  <title>
</title>
<meta http-equiv="Content-Type" content="text/html;charset=utf-8" />
  <meta name='ocr-system' content='tesseract 3.04.00' />
  <meta name='ocr-capabilities' content='ocr_page ocr_carea ocr_par ocr_line ocrx_word'/>
</head>
<body>
  <div class='ocr_page' id='page_1' title='image "./compendiumsacra00wapegoog_0459.png"; bbox 0 0 2804 4890; ppageno 0'>
   <div class='ocr_carea' id='block_1_1' title="bbox 160 672 1057 740">
    <p class='ocr_par' dir='ltr' id='par_1_1' title="bbox 160 672 1057 740">
     <span class='ocr_line' id='line_1_1' title="bbox 160 672 1057 740; baseline 0.004 -5"><span class='ocrx_word' id='word_1_1' title='bbox 160 672 223 736; x_wconf 82' lang='lat'>442</span> <span class='ocrx_word' id='word_1_2' title='bbox 334 684 388 740; x_wconf 84' lang='lat' dir='ltr'>DE</span> <span class='ocrx_word' id='word_1_3' title='bbox 411 682 678 740; x_wconf 82' lang='lat' dir='ltr'>SACRAMENTO</span> <span class='ocrx_word' id='word_1_4' title='bbox 702 677 1057 739; x_wconf 74' lang='lat' dir='ltr'><strong>CONFIRMATIONIS.</strong></span> 
     </span>
    </p>
   </div>
   <div class='ocr_carea' id='block_1_2' title="bbox 160 848 1255 4353">
    <p class='ocr_par' dir='ltr' id='par_1_2' title="bbox 161 848 1253 1302">
     <span class='ocr_line' id='line_1_2' title="bbox 162 848 1253 932; baseline -0.001 -24"><span class='ocrx_word' id='word_1_5' title='bbox 162 849 335 932; x_wconf 80' lang='lat' dir='ltr'>Episcopus</span> <span class='ocrx_word' id='word_1_6' title='bbox 353 850 537 932; x_wconf 87' lang='lat' dir='ltr'>genuflectit</span> <span class='ocrx_word' id='word_1_7' title='bbox 557 853 590 913; x_wconf 93' lang='lat' dir='ltr'>in</span> <span class='ocrx_word' id='word_1_8' title='bbox 610 852 740 932; x_wconf 89' lang='lat' dir='ltr'>pulvino</span> <span class='ocrx_word' id='word_1_9' title='bbox 760 851 799 913; x_wconf 91' lang='lat' dir='ltr'>ad</span> <span class='ocrx_word' id='word_1_10' title='bbox 819 850 917 913; x_wconf 87' lang='lat' dir='ltr'>limen</span> <span class='ocrx_word' id='word_1_11' title='bbox 934 852 1136 931; x_wconf 81' lang='lat' dir='ltr'>praeparat03</span> <span class='ocrx_word' id='word_1_12' title='bbox 1158 848 1253 908; x_wconf 89' lang='lat' dir='ltr'>Paro·</span> 
     </span>
     <span class='ocr_line' id='line_1_3' title="bbox 161 941 1253 1024; baseline -0.003 -22"><span class='ocrx_word' id='word_1_13' title='bbox 161 943 237 1004; x_wconf 86' lang='lat' dir='ltr'>chus</span> <span class='ocrx_word' id='word_1_14' title='bbox 273 945 443 1024; x_wconf 84' lang='lat' dir='ltr'>imaginem</span> <span class='ocrx_word' id='word_1_15' title='bbox 480 944 631 1006; x_wconf 83' lang='lat' dir='ltr'>Crucifixi</span> <span class='ocrx_word' id='word_1_16' title='bbox 668 943 867 1004; x_wconf 82' lang='lat' dir='ltr'>osculandam</span> <span class='ocrx_word' id='word_1_17' title='bbox 905 944 1059 1023; x_wconf 84' lang='lat' dir='ltr'>Episcopo</span> <span class='ocrx_word' id='word_1_18' title='bbox 1094 941 1253 1022; x_wconf 81' lang='lat' dir='ltr'>porrigit.³</span> 
     </span>
     <span class='ocr_line' id='line_1_4' title="bbox 162 1034 1252 1116; baseline -0.002 -22"><span class='ocrx_word' id='word_1_19' title='bbox 162 1034 282 1099; x_wconf 88' lang='lat' dir='ltr'>Deinde</span> <span class='ocrx_word' id='word_1_20' title='bbox 304 1036 512 1116; x_wconf 82' lang='lat' dir='ltr'>aspersorium</span> <span class='ocrx_word' id='word_1_21' title='bbox 535 1057 607 1098; x_wconf 87' lang='lat' dir='ltr'>cum</span> <span class='ocrx_word' id='word_1_22' title='bbox 629 1036 743 1097; x_wconf 90' lang='lat' dir='ltr'>osculis</span> <span class='ocrx_word' id='word_1_23' title='bbox 764 1035 863 1099; x_wconf 81' lang='lat' dir='ltr'>tradit</span> <span class='ocrx_word' id='word_1_24' title='bbox 888 1036 1052 1116; x_wconf 77' lang='lat' dir='ltr'>Episcopo,</span> <span class='ocrx_word' id='word_1_25' title='bbox 1073 1035 1126 1114; x_wconf 93' lang='lat' dir='ltr'>qui</span> <span class='ocrx_word' id='word_1_26' title='bbox 1149 1034 1252 1112; x_wconf 85' lang='lat' dir='ltr'>signat</span> 
     </span>
     <span class='ocr_line' id='line_1_5' title="bbox 161 1124 1253 1208; baseline -0.005 -19"><span class='ocrx_word' id='word_1_27' title='bbox 161 1147 192 1189; x_wconf 89' lang='lat' dir='ltr'>se</span> <span class='ocrx_word' id='word_1_28' title='bbox 211 1128 325 1208; x_wconf 89' lang='lat' dir='ltr'>ipsum,</span> <span class='ocrx_word' id='word_1_29' title='bbox 344 1128 457 1191; x_wconf 88' lang='lat' dir='ltr'>deinde</span> <span class='ocrx_word' id='word_1_30' title='bbox 476 1129 634 1191; x_wconf 72' lang='lat' dir='ltr'>adstantes</span> <span class='ocrx_word' id='word_1_31' title='bbox 654 1129 738 1190; x_wconf 90' lang='lat' dir='ltr'>intra</span> <span class='ocrx_word' id='word_1_32' title='bbox 757 1133 789 1190; x_wconf 91' lang='lat' dir='ltr'>et</span> <span class='ocrx_word' id='word_1_33' title='bbox 807 1136 894 1189; x_wconf 82' lang='lat' dir='ltr'>extra</span> <span class='ocrx_word' id='word_1_34' title='bbox 915 1127 1086 1189; x_wconf 79' lang='lat' dir='ltr'>Ecclesiam</span> <span class='ocrx_word' id='word_1_35' title='bbox 1105 1124 1253 1206; x_wconf 86' lang='lat' dir='ltr'>aspergit,</span> 
     </span>
     <span class='ocr_line' id='line_1_6' title="bbox 161 1219 1252 1302; baseline -0.003 -22"><span class='ocrx_word' id='word_1_36' title='bbox 161 1219 201 1280; x_wconf 89' lang='lat' dir='ltr'>ad</span> <span class='ocrx_word' id='word_1_37' title='bbox 218 1220 301 1301; x_wconf 89' lang='lat' dir='ltr'>quod</span> <span class='ocrx_word' id='word_1_38' title='bbox 320 1241 427 1284; x_wconf 91' lang='lat' dir='ltr'>omnes</span> <span class='ocrx_word' id='word_1_39' title='bbox 445 1220 672 1302; x_wconf 84' lang='lat' dir='ltr'>genuflectunt,</span> <span class='ocrx_word' id='word_1_40' title='bbox 691 1221 828 1301; x_wconf 80' lang='lat' dir='ltr'>exceptis</span> <span class='ocrx_word' id='word_1_41' title='bbox 849 1221 1016 1282; x_wconf 77' lang='lat' dir='ltr'>Canonicis</span> <span class='ocrx_word' id='word_1_42' title='bbox 1036 1226 1067 1284; x_wconf 92' lang='lat' dir='ltr'>et</span> <span class='ocrx_word' id='word_1_43' title='bbox 1089 1219 1252 1281; x_wconf 85' lang='lat' dir='ltr'>Praelatis.</span> 
     </span>
    </p>

    <p class='ocr_par' dir='ltr' id='par_1_3' title="bbox 161 1311 1253 1763">
     <span class='ocr_line' id='line_1_7' title="bbox 203 1311 1253 1394; baseline -0.003 -20"><span class='ocrx_word' id='word_1_44' title='bbox 203 1313 293 1375; x_wconf 88' lang='lat' dir='ltr'>Tunc</span> <span class='ocrx_word' id='word_1_45' title='bbox 314 1313 488 1394; x_wconf 85' lang='lat' dir='ltr'>Episcopus</span> <span class='ocrx_word' id='word_1_46' title='bbox 512 1315 712 1376; x_wconf 85' lang='lat' dir='ltr'>ministrante</span> <span class='ocrx_word' id='word_1_47' title='bbox 737 1314 875 1377; x_wconf 84' lang='lat' dir='ltr'>Parocho</span> <span class='ocrx_word' id='word_1_48' title='bbox 899 1314 1046 1375; x_wconf 89' lang='lat' dir='ltr'>immittit</span> <span class='ocrx_word' id='word_1_49' title='bbox 1069 1333 1140 1373; x_wconf 84' lang='lat' dir='ltr'>eum</span> <span class='ocrx_word' id='word_1_50' title='bbox 1165 1311 1253 1372; x_wconf 87' lang='lat' dir='ltr'>bene·</span> 
     </span>
     <span class='ocr_line' id='line_1_8' title="bbox 161 1404 1252 1486; baseline -0.004 -20"><span class='ocrx_word' id='word_1_51' title='bbox 161 1404 297 1468; x_wconf 88' lang='lat' dir='ltr'>dictione</span> <span class='ocrx_word' id='word_1_52' title='bbox 311 1407 473 1468; x_wconf 84' lang='lat' dir='ltr'>incensum</span> <span class='ocrx_word' id='word_1_53' title='bbox 486 1406 520 1467; x_wconf 93' lang='lat' dir='ltr'>in</span> <span class='ocrx_word' id='word_1_54' title='bbox 533 1404 741 1481; x_wconf 87' lang='lat' dir='ltr'>thuribulum,</span> <span class='ocrx_word' id='word_1_55' title='bbox 754 1406 836 1486; x_wconf 93' lang='lat' dir='ltr'>quod</span> <span class='ocrx_word' id='word_1_56' title='bbox 848 1406 876 1467; x_wconf 92' lang='lat' dir='ltr'>ei</span> <span class='ocrx_word' id='word_1_57' title='bbox 891 1410 1108 1485; x_wconf 86' lang='lat' dir='ltr'>praesentatur</span> <span class='ocrx_word' id='word_1_58' title='bbox 1122 1426 1139 1465; x_wconf 91' lang='lat' dir='ltr'>a</span> <span class='ocrx_word' id='word_1_59' title='bbox 1153 1404 1252 1465; x_wconf 90' lang='lat' dir='ltr'>thuri·</span> 
     </span>
     <span class='ocr_line' id='line_1_9' title="bbox 161 1497 1252 1579; baseline -0.004 -20"><span class='ocrx_word' id='word_1_60' title='bbox 161 1498 276 1560; x_wconf 86' lang='lat' dir='ltr'>feraria</span> <span class='ocrx_word' id='word_1_61' title='bbox 293 1498 466 1579; x_wconf 84' lang='lat' dir='ltr'>genuflexo.</span> <span class='ocrx_word' id='word_1_62' title='bbox 509 1498 666 1560; x_wconf 89' lang='lat' dir='ltr'>Parochus</span> <span class='ocrx_word' id='word_1_63' title='bbox 686 1497 804 1577; x_wconf 91' lang='lat' dir='ltr'>triplici</span> <span class='ocrx_word' id='word_1_64' title='bbox 823 1498 919 1559; x_wconf 88' lang='lat' dir='ltr'>ductu</span> <span class='ocrx_word' id='word_1_65' title='bbox 940 1498 1131 1577; x_wconf 83' lang='lat' dir='ltr'>Episcopum</span> <span class='ocrx_word' id='word_1_66' title='bbox 1150 1497 1252 1557; x_wconf 87' lang='lat' dir='ltr'>ineen-</span> 
     </span>
     <span class='ocr_line' id='line_1_10' title="bbox 161 1587 1252 1672; baseline -0.004 -21"><span class='ocrx_word' id='word_1_67' title='bbox 161 1595 219 1666; x_wconf 86' lang='lat' dir='ltr'>sat,</span> <span class='ocrx_word' id='word_1_68' title='bbox 247 1590 403 1672; x_wconf 85' lang='lat' dir='ltr'>profunde</span> <span class='ocrx_word' id='word_1_69' title='bbox 434 1591 590 1652; x_wconf 93' lang='lat' dir='ltr'>inclinans</span> <span class='ocrx_word' id='word_1_70' title='bbox 620 1597 693 1651; x_wconf 91' lang='lat' dir='ltr'>aute</span> <span class='ocrx_word' id='word_1_71' title='bbox 723 1602 754 1654; x_wconf 87' lang='lat' dir='ltr'>et</span> <span class='ocrx_word' id='word_1_72' title='bbox 784 1596 899 1671; x_wconf 84' lang='lat' dir='ltr'>postea,</span> <span class='ocrx_word' id='word_1_73' title='bbox 931 1595 961 1653; x_wconf 91' lang='lat' dir='ltr'>et</span> <span class='ocrx_word' id='word_1_74' title='bbox 991 1590 1185 1651; x_wconf 86' lang='lat' dir='ltr'>benedicitur</span> <span class='ocrx_word' id='word_1_75' title='bbox 1214 1587 1252 1648; x_wconf 90' lang='lat' dir='ltr'>ab</span> 
     </span>
     <span class='ocr_line' id='line_1_11' title="bbox 162 1682 324 1763; baseline 0.012 -22"><span class='ocrx_word' id='word_1_76' title='bbox 162 1682 324 1763; x_wconf 87' lang='lat' dir='ltr'>Episcopo.</span> 
     </span>
    </p>

    <p class='ocr_par' dir='ltr' id='par_1_4' title="bbox 204 1775 568 1856">
     <span class='ocr_line' id='line_1_12' title="bbox 204 1775 568 1856; baseline 0.005 -20"><span class='ocrx_word' id='word_1_77' title='bbox 204 1775 391 1838; x_wconf 88' lang='lat' dir='ltr'>Removetur</span> <span class='ocrx_word' id='word_1_78' title='bbox 410 1775 568 1856; x_wconf 88' lang='lat' dir='ltr'>pulvinus.</span> 
     </span>
    </p>

    <p class='ocr_par' dir='ltr' id='par_1_5' title="bbox 161 1867 1252 2023">
     <span class='ocr_line' id='line_1_13' title="bbox 203 1867 1252 1949; baseline 0 -21"><span class='ocrx_word' id='word_1_79' title='bbox 203 1871 230 1928; x_wconf 89' lang='lat'>3.</span> <span class='ocrx_word' id='word_1_80' title='bbox 257 1867 373 1929; x_wconf 87' lang='lat' dir='ltr'>Statim</span> <span class='ocrx_word' id='word_1_81' title='bbox 394 1867 588 1949; x_wconf 88' lang='lat' dir='ltr'>procedendo</span> <span class='ocrx_word' id='word_1_82' title='bbox 607 1869 646 1930; x_wconf 94' lang='lat' dir='ltr'>ad</span> <span class='ocrx_word' id='word_1_83' title='bbox 667 1867 777 1930; x_wconf 81' lang='lat' dir='ltr'>Altare</span> <span class='ocrx_word' id='word_1_84' title='bbox 796 1871 942 1929; x_wconf 84' lang='lat' dir='ltr'>cantatur</span> <span class='ocrx_word' id='word_1_85' title='bbox 963 1868 1010 1929; x_wconf 86' lang='lat' dir='ltr'>vel</span> <span class='ocrx_word' id='word_1_86' title='bbox 1032 1888 1102 1930; x_wconf 80' lang='lat' dir='ltr'>voco</span> <span class='ocrx_word' id='word_1_87' title='bbox 1123 1868 1186 1928; x_wconf 88' lang='lat' dir='ltr'>altu</span> <span class='ocrx_word' id='word_1_88' title='bbox 1208 1887 1252 1928; x_wconf 90' lang='lat' dir='ltr'>re-</span> 
     </span>
     <span class='ocr_line' id='line_1_14' title="bbox 161 1961 295 2023; baseline -0.007 -1"><span class='ocrx_word' id='word_1_89' title='bbox 161 1961 295 2023; x_wconf 88' lang='lat' dir='ltr'>citatur:</span> 
     </span>
    </p>

    <p class='ocr_par' dir='ltr' id='par_1_6' title="bbox 161 2052 1253 2227">
     <span class='ocr_line' id='line_1_15' title="bbox 203 2052 1253 2135; baseline 0 -23"><span class='ocrx_word' id='word_1_90' title='bbox 203 2052 288 2116; x_wconf 74' lang='lat' dir='ltr'>Ans.</span> <span class='ocrx_word' id='word_1_91' title='bbox 324 2053 476 2115; x_wconf 81' lang='lat' dir='ltr'>Sacerdos</span> <span class='ocrx_word' id='word_1_92' title='bbox 490 2059 520 2116; x_wconf 87' lang='lat' dir='ltr'>et</span> <span class='ocrx_word' id='word_1_93' title='bbox 533 2052 693 2134; x_wconf 69' lang='lat' dir='ltr'>Pontifex,</span> <span class='ocrx_word' id='word_1_94' title='bbox 710 2059 738 2115; x_wconf 84' lang='lat' dir='ltr'>et</span> <span class='ocrx_word' id='word_1_95' title='bbox 753 2053 908 2116; x_wconf 83' lang='lat' dir='ltr'>virtatem</span> <span class='ocrx_word' id='word_1_96' title='bbox 923 2053 1039 2135; x_wconf 65' lang='lat' dir='ltr'>opifer,</span> <span class='ocrx_word' id='word_1_97' title='bbox 1055 2057 1161 2134; x_wconf 85' lang='lat' dir='ltr'>pastor</span> <span class='ocrx_word' id='word_1_98' title='bbox 1177 2054 1253 2114; x_wconf 79' lang='lat' dir='ltr'>berre</span> 
     </span>
     <span class='ocr_line' id='line_1_16' title="bbox 161 2143 713 2227; baseline 0.011 -23"><span class='ocrx_word' id='word_1_99' title='bbox 161 2143 195 2207; x_wconf 83' lang='lat' dir='ltr'>in</span> <span class='ocrx_word' id='word_1_100' title='bbox 209 2147 324 2226; x_wconf 84' lang='lat' dir='ltr'>popolo</span> <span class='ocrx_word' id='word_1_101' title='bbox 341 2145 386 2207; x_wconf 87' lang='lat' dir='ltr'>sie</span> <span class='ocrx_word' id='word_1_102' title='bbox 402 2145 551 2227; x_wconf 79' lang='lat' dir='ltr'>placuisti</span> <span class='ocrx_word' id='word_1_103' title='bbox 566 2145 713 2210; x_wconf 88' lang='lat' dir='ltr'>Domino.</span> 
     </span>
    </p>

    <p class='ocr_par' dir='ltr' id='par_1_7' title="bbox 204 2236 412 2319">
     <span class='ocr_line' id='line_1_17' title="bbox 204 2236 412 2319; baseline 0.01 -21"><span class='ocrx_word' id='word_1_104' title='bbox 204 2236 263 2300; x_wconf 80' lang='lat' dir='ltr'>Vel</span> <span class='ocrx_word' id='word_1_105' title='bbox 283 2256 412 2319; x_wconf 89' lang='lat' dir='ltr'>sequens</span> 
     </span>
    </p>

    <p class='ocr_par' dir='ltr' id='par_1_8' title="bbox 160 2330 1252 2578">
     <span class='ocr_line' id='line_1_18' title="bbox 203 2330 1252 2412; baseline -0.001 -21"><span class='ocrx_word' id='word_1_106' title='bbox 203 2330 299 2392; x_wconf 76' lang='lat' dir='ltr'>Ense.</span> <span class='ocrx_word' id='word_1_107' title='bbox 343 2331 423 2393; x_wconf 83' lang='lat' dir='ltr'>Eece</span> <span class='ocrx_word' id='word_1_108' title='bbox 446 2331 596 2393; x_wconf 81' lang='lat' dir='ltr'>Sacerdos</span> <span class='ocrx_word' id='word_1_109' title='bbox 620 2331 893 2412; x_wconf 67' lang='lat' dir='ltr'>responsoriis</span> <span class='ocrx_word' id='word_1_110' title='bbox 917 2331 1024 2394; x_wconf 79' lang='lat' dir='ltr'>diebus</span> <span class='ocrx_word' id='word_1_111' title='bbox 1046 2331 1112 2392; x_wconf 77' lang='lat' dir='ltr'>suis</span> <span class='ocrx_word' id='word_1_112' title='bbox 1134 2331 1252 2411; x_wconf 82' lang='lat' dir='ltr'>placui!</span> 
     </span>
     <span class='ocr_line' id='line_1_19' title="bbox 162 2423 1251 2506; baseline -0.001 -21"><span class='ocrx_word' id='word_1_113' title='bbox 162 2423 226 2485; x_wconf 89' lang='lat' dir='ltr'>Deo</span> <span class='ocrx_word' id='word_1_114' title='bbox 234 2446 244 2484; x_wconf 92' lang='lat'><em>:</em></span> <span class='ocrx_word' id='word_1_115' title='bbox 256 2424 274 2484; x_wconf 92' lang='lat' dir='ltr'><em>I</em></span> <span class='ocrx_word' id='word_1_116' title='bbox 276 2424 331 2487; x_wconf 84' lang='lat' dir='ltr'>deo</span> <span class='ocrx_word' id='word_1_117' title='bbox 345 2423 554 2504; x_wconf 83' lang='lat' dir='ltr'>jurejurando</span> <span class='ocrx_word' id='word_1_118' title='bbox 568 2423 644 2506; x_wconf 69' lang='lat' dir='ltr'>feeit</span> <span class='ocrx_word' id='word_1_119' title='bbox 659 2423 750 2485; x_wconf 81' lang='lat' dir='ltr'>iilum</span> <span class='ocrx_word' id='word_1_120' title='bbox 764 2423 921 2486; x_wconf 79' lang='lat' dir='ltr'>Dominus</span> <span class='ocrx_word' id='word_1_121' title='bbox 938 2425 1117 2487; x_wconf 84' lang='lat' dir='ltr'>crescerem</span> <span class='ocrx_word' id='word_1_122' title='bbox 1134 2425 1251 2505; x_wconf 83' lang='lat' dir='ltr'>plebem</span> 
     </span>
     <span class='ocr_line' id='line_1_20' title="bbox 160 2536 258 2578; baseline 0 0"><span class='ocrx_word' id='word_1_123' title='bbox 160 2536 258 2578; x_wconf 81' lang='lat' dir='ltr'>suana</span> 
     </span>
    </p>

    <p class='ocr_par' dir='ltr' id='par_1_9' title="bbox 160 2607 1254 2968">
     <span class='ocr_line' id='line_1_21' title="bbox 203 2607 1253 2689; baseline -0.004 -19"><span class='ocrx_word' id='word_1_124' title='bbox 203 2607 243 2670; x_wconf 87' lang='lat' dir='ltr'>V.</span> <span class='ocrx_word' id='word_1_125' title='bbox 265 2608 522 2672; x_wconf 84' lang='lat' dir='ltr'>Benedictionem</span> <span class='ocrx_word' id='word_1_126' title='bbox 540 2608 682 2672; x_wconf 76' lang='lat' dir='ltr'>oninium</span> <span class='ocrx_word' id='word_1_127' title='bbox 699 2609 841 2689; x_wconf 76' lang='lat' dir='ltr'>pestium</span> <span class='ocrx_word' id='word_1_128' title='bbox 861 2610 948 2672; x_wconf 69' lang='lat' dir='ltr'>nectit</span> <span class='ocrx_word' id='word_1_129' title='bbox 964 2609 1022 2680; x_wconf 84' lang='lat' dir='ltr'>iiii,</span> <span class='ocrx_word' id='word_1_130' title='bbox 1041 2615 1069 2671; x_wconf 88' lang='lat' dir='ltr'>et</span> <span class='ocrx_word' id='word_1_131' title='bbox 1091 2614 1253 2671; x_wconf 79' lang='lat' dir='ltr'>testamen-</span> 
     </span>
     <span class='ocr_line' id='line_1_22' title="bbox 163 2701 1254 2782; baseline 0.001 -21"><span class='ocrx_word' id='word_1_132' title='bbox 163 2705 230 2762; x_wconf 83' lang='lat' dir='ltr'>tum</span> <span class='ocrx_word' id='word_1_133' title='bbox 253 2723 346 2765; x_wconf 78' lang='lat' dir='ltr'>sarem</span> <span class='ocrx_word' id='word_1_134' title='bbox 371 2702 566 2780; x_wconf 76' lang='lat' dir='ltr'>confirmarit</span> <span class='ocrx_word' id='word_1_135' title='bbox 589 2722 683 2782; x_wconf 85' lang='lat' dir='ltr'>snper</span> <span class='ocrx_word' id='word_1_136' title='bbox 706 2707 799 2782; x_wconf 69' lang='lat' dir='ltr'>capent</span> <span class='ocrx_word' id='word_1_137' title='bbox 825 2703 902 2782; x_wconf 84' lang='lat' dir='ltr'>ejus.</span> <span class='ocrx_word' id='word_1_138' title='bbox 947 2703 1022 2763; x_wconf 81' lang='lat' dir='ltr'>Ideo</span> <span class='ocrx_word' id='word_1_139' title='bbox 1046 2701 1254 2781; x_wconf 76' lang='lat' dir='ltr'>jurejurando</span> 
     </span>
     <span class='ocr_line' id='line_1_23' title="bbox 160 2794 1254 2875; baseline -0.004 -20"><span class='ocrx_word' id='word_1_140' title='bbox 160 2794 236 2874; x_wconf 76' lang='lat' dir='ltr'>feeit</span> <span class='ocrx_word' id='word_1_141' title='bbox 257 2794 349 2856; x_wconf 81' lang='lat' dir='ltr'>iilum</span> <span class='ocrx_word' id='word_1_142' title='bbox 369 2794 525 2856; x_wconf 79' lang='lat' dir='ltr'>Dominus</span> <span class='ocrx_word' id='word_1_143' title='bbox 547 2815 679 2856; x_wconf 84' lang='lat' dir='ltr'>erescere</span> <span class='ocrx_word' id='word_1_144' title='bbox 700 2794 735 2855; x_wconf 88' lang='lat' dir='ltr'>in</span> <span class='ocrx_word' id='word_1_145' title='bbox 755 2796 874 2875; x_wconf 82' lang='lat' dir='ltr'>piebem</span> <span class='ocrx_word' id='word_1_146' title='bbox 895 2815 994 2857; x_wconf 77' lang='lat' dir='ltr'>suone..</span> <span class='ocrx_word' id='word_1_147' title='bbox 1038 2795 1142 2856; x_wconf 78' lang='lat' dir='ltr'>Gloria</span> <span class='ocrx_word' id='word_1_148' title='bbox 1163 2795 1254 2853; x_wconf 82' lang='lat' dir='ltr'>Patri</span> 
     </span>
     <span class='ocr_line' id='line_1_24' title="bbox 163 2886 1059 2968; baseline 0.001 -21"><span class='ocrx_word' id='word_1_149' title='bbox 163 2891 192 2948; x_wconf 82' lang='lat' dir='ltr'>et</span> <span class='ocrx_word' id='word_1_150' title='bbox 210 2888 239 2947; x_wconf 84' lang='lat' dir='ltr'><em>F</em></span> <span class='ocrx_word' id='word_1_151' title='bbox 239 2886 293 2949; x_wconf 84' lang='lat' dir='ltr'>iiio</span> <span class='ocrx_word' id='word_1_152' title='bbox 313 2891 342 2948; x_wconf 85' lang='lat' dir='ltr'>et</span> <span class='ocrx_word' id='word_1_153' title='bbox 360 2886 499 2968; x_wconf 82' lang='lat' dir='ltr'>Spiritui</span> <span class='ocrx_word' id='word_1_154' title='bbox 517 2887 642 2949; x_wconf 77' lang='lat' dir='ltr'>Sancto.</span> <span class='ocrx_word' id='word_1_155' title='bbox 684 2886 758 2948; x_wconf 79' lang='lat' dir='ltr'>ideo</span> <span class='ocrx_word' id='word_1_156' title='bbox 776 2887 984 2966; x_wconf 79' lang='lat' dir='ltr'>jurejurando</span> <span class='ocrx_word' id='word_1_157' title='bbox 1003 2894 1059 2948; x_wconf 84' lang='lat' dir='ltr'>etc.</span> 
     </span>
    </p>

    <p class='ocr_par' dir='ltr' id='par_1_10' title="bbox 162 2977 1255 3333">
     <span class='ocr_line' id='line_1_25' title="bbox 203 2977 1255 3057; baseline -0.001 -20"><span class='ocrx_word' id='word_1_158' title='bbox 203 2982 232 3040; x_wconf 81' lang='lat'>4.</span> <span class='ocrx_word' id='word_1_159' title='bbox 255 2979 305 3039; x_wconf 83' lang='lat' dir='ltr'>Ad</span> <span class='ocrx_word' id='word_1_160' title='bbox 326 2979 435 3042; x_wconf 85' lang='lat' dir='ltr'>Altare</span> <span class='ocrx_word' id='word_1_161' title='bbox 456 2979 629 3057; x_wconf 90' lang='lat' dir='ltr'>Episcopus</span> <span class='ocrx_word' id='word_1_162' title='bbox 649 2998 750 3056; x_wconf 84' lang='lat' dir='ltr'>genna</span> <span class='ocrx_word' id='word_1_163' title='bbox 771 2979 931 3040; x_wconf 84' lang='lat' dir='ltr'>submittit</span> <span class='ocrx_word' id='word_1_164' title='bbox 951 2977 1161 3057; x_wconf 77' lang='lat' dir='ltr'>gerruflcxorio</span> <span class='ocrx_word' id='word_1_165' title='bbox 1182 2983 1255 3038; x_wconf 85' lang='lat' dir='ltr'>ante</span> 
     </span>
     <span class='ocr_line' id='line_1_26' title="bbox 164 3069 1252 3150; baseline -0.002 -20"><span class='ocrx_word' id='word_1_166' title='bbox 164 3069 308 3130; x_wconf 87' lang='lat' dir='ltr'>infimum</span> <span class='ocrx_word' id='word_1_167' title='bbox 323 3069 456 3149; x_wconf 83' lang='lat' dir='ltr'>gradum</span> <span class='ocrx_word' id='word_1_168' title='bbox 472 3076 589 3150; x_wconf 86' lang='lat' dir='ltr'>parato.</span> <span class='ocrx_word' id='word_1_169' title='bbox 628 3070 787 3131; x_wconf 78' lang='lat' dir='ltr'>Parochus</span> <span class='ocrx_word' id='word_1_170' title='bbox 802 3091 897 3150; x_wconf 88' lang='lat' dir='ltr'>prope</span> <span class='ocrx_word' id='word_1_171' title='bbox 912 3071 1102 3132; x_wconf 86' lang='lat' dir='ltr'>credentiam</span> <span class='ocrx_word' id='word_1_172' title='bbox 1121 3070 1252 3149; x_wconf 86' lang='lat' dir='ltr'>imponit</span> 
     </span>
     <span class='ocr_line' id='line_1_27' title="bbox 162 3160 1255 3242; baseline 0.001 -21"><span class='ocrx_word' id='word_1_173' title='bbox 162 3161 284 3235; x_wconf 90' lang='lat' dir='ltr'>stolam,</span> <span class='ocrx_word' id='word_1_174' title='bbox 299 3162 438 3223; x_wconf 86' lang='lat' dir='ltr'>ascendit</span> <span class='ocrx_word' id='word_1_175' title='bbox 451 3163 488 3223; x_wconf 87' lang='lat' dir='ltr'>ad</span> <span class='ocrx_word' id='word_1_176' title='bbox 504 3162 613 3224; x_wconf 77' lang='lat' dir='ltr'>Altare</span> <span class='ocrx_word' id='word_1_177' title='bbox 627 3170 667 3234; x_wconf 88' lang='lat' dir='ltr'>et,</span> <span class='ocrx_word' id='word_1_178' title='bbox 682 3168 788 3223; x_wconf 73' lang='lat' dir='ltr'>“stans</span> <span class='ocrx_word' id='word_1_179' title='bbox 806 3164 835 3223; x_wconf 90' lang='lat' dir='ltr'>in</span> <span class='ocrx_word' id='word_1_180' title='bbox 849 3183 944 3223; x_wconf 85' lang='lat' dir='ltr'>cornu</span> <span class='ocrx_word' id='word_1_181' title='bbox 962 3162 1120 3242; x_wconf 87' lang='lat' dir='ltr'>Epistolae</span> <span class='ocrx_word' id='word_1_182' title='bbox 1135 3160 1255 3223; x_wconf 62' lang='lat' dir='ltr'>ditaris</span> 
     </span>
     <span class='ocr_line' id='line_1_28' title="bbox 163 3254 1061 3333; baseline 0.002 -20"><span class='ocrx_word' id='word_1_183' title='bbox 163 3274 268 3315; x_wconf 80' lang='lat' dir='ltr'>versus</span> <span class='ocrx_word' id='word_1_184' title='bbox 284 3255 322 3315; x_wconf 91' lang='lat' dir='ltr'>ad</span> <span class='ocrx_word' id='word_1_185' title='bbox 340 3254 513 3317; x_wconf 79' lang='lat' dir='ltr'>orantem&#39;&#39;⁴</span> <span class='ocrx_word' id='word_1_186' title='bbox 533 3255 733 3333; x_wconf 80' lang='lat' dir='ltr'>Episcopum,</span> <span class='ocrx_word' id='word_1_187' title='bbox 750 3261 856 3317; x_wconf 81' lang='lat' dir='ltr'>cantat</span> <span class='ocrx_word' id='word_1_188' title='bbox 872 3255 917 3316; x_wconf 78' lang='lat' dir='ltr'>rel</span> <span class='ocrx_word' id='word_1_189' title='bbox 936 3255 1061 3318; x_wconf 82' lang='lat' dir='ltr'>recitat:</span> 
     </span>
    </p>

    <p class='ocr_par' dir='ltr' id='par_1_11' title="bbox 205 3345 787 3427">
     <span class='ocr_line' id='line_1_29' title="bbox 205 3345 787 3427; baseline 0.005 -21"><span class='ocrx_word' id='word_1_190' title='bbox 205 3345 243 3406; x_wconf 79' lang='lat' dir='ltr'>V.</span> <span class='ocrx_word' id='word_1_191' title='bbox 263 3347 428 3408; x_wconf 84' lang='lat' dir='ltr'>Proiecior</span> <span class='ocrx_word' id='word_1_192' title='bbox 447 3353 553 3408; x_wconf 83' lang='lat' dir='ltr'>nester</span> <span class='ocrx_word' id='word_1_193' title='bbox 571 3347 672 3427; x_wconf 76' lang='lat' dir='ltr'>aspice</span> <span class='ocrx_word' id='word_1_194' title='bbox 693 3347 787 3409; x_wconf 83' lang='lat' dir='ltr'>Deus.</span> 
     </span>
    </p>

    <p class='ocr_par' dir='ltr' id='par_1_12' title="bbox 206 3438 850 3520">
     <span class='ocr_line' id='line_1_30' title="bbox 206 3438 850 3520; baseline 0.002 -20"><span class='ocrx_word' id='word_1_195' title='bbox 206 3440 241 3500; x_wconf 77' lang='lat' dir='ltr'>lt.</span> <span class='ocrx_word' id='word_1_196' title='bbox 264 3440 306 3501; x_wconf 84' lang='lat' dir='ltr'>Et</span> <span class='ocrx_word' id='word_1_197' title='bbox 328 3439 443 3520; x_wconf 78' lang='lat' dir='ltr'>respice</span> <span class='ocrx_word' id='word_1_198' title='bbox 465 3442 495 3501; x_wconf 84' lang='lat' dir='ltr'>in</span> <span class='ocrx_word' id='word_1_199' title='bbox 516 3438 630 3520; x_wconf 79' lang='lat' dir='ltr'>sociem</span> <span class='ocrx_word' id='word_1_200' title='bbox 653 3439 772 3500; x_wconf 70' lang='lat' dir='ltr'>Christi</span> <span class='ocrx_word' id='word_1_201' title='bbox 795 3440 850 3501; x_wconf 86' lang='lat' dir='ltr'>tui.</span> 
     </span>
    </p>

    <p class='ocr_par' dir='ltr' id='par_1_13' title="bbox 204 3531 720 3608">
     <span class='ocr_line' id='line_1_31' title="bbox 204 3531 720 3608; baseline 0.002 -16"><span class='ocrx_word' id='word_1_202' title='bbox 204 3531 243 3592; x_wconf 75' lang='lat' dir='ltr'>V.</span> <span class='ocrx_word' id='word_1_203' title='bbox 267 3532 395 3593; x_wconf 80' lang='lat' dir='ltr'>Salsum</span> <span class='ocrx_word' id='word_1_204' title='bbox 412 3534 464 3608; x_wconf 72' lang='lat' dir='ltr'>soe</span> <span class='ocrx_word' id='word_1_205' title='bbox 479 3553 601 3593; x_wconf 80' lang='lat' dir='ltr'>serrum</span> <span class='ocrx_word' id='word_1_206' title='bbox 622 3536 720 3593; x_wconf 82' lang='lat' dir='ltr'>tunm.</span> 
     </span>
    </p>

    <p class='ocr_par' dir='ltr' id='par_1_14' title="bbox 205 3624 752 3703">
     <span class='ocr_line' id='line_1_32' title="bbox 205 3624 752 3703; baseline -0.002 -17"><span class='ocrx_word' id='word_1_207' title='bbox 205 3625 241 3686; x_wconf 78' lang='lat' dir='ltr'>R.</span> <span class='ocrx_word' id='word_1_208' title='bbox 264 3624 350 3686; x_wconf 86' lang='lat' dir='ltr'>Deus</span> <span class='ocrx_word' id='word_1_209' title='bbox 367 3645 454 3685; x_wconf 87' lang='lat' dir='ltr'>mens</span> <span class='ocrx_word' id='word_1_210' title='bbox 469 3629 646 3703; x_wconf 86' lang='lat' dir='ltr'>sperantem</span> <span class='ocrx_word' id='word_1_211' title='bbox 663 3624 696 3685; x_wconf 88' lang='lat' dir='ltr'>in</span> <span class='ocrx_word' id='word_1_212' title='bbox 714 3629 752 3685; x_wconf 86' lang='lat' dir='ltr'>ie.</span> 
     </span>
    </p>

    <p class='ocr_par' dir='ltr' id='par_1_15' title="bbox 205 3716 968 3789">
     <span class='ocr_line' id='line_1_33' title="bbox 205 3716 968 3789; baseline 0.007 -12"><span class='ocrx_word' id='word_1_213' title='bbox 205 3717 245 3778; x_wconf 87' lang='lat' dir='ltr'>V.</span> <span class='ocrx_word' id='word_1_214' title='bbox 268 3718 361 3780; x_wconf 82' lang='lat' dir='ltr'>Mitte</span> <span class='ocrx_word' id='word_1_215' title='bbox 384 3716 422 3789; x_wconf 88' lang='lat' dir='ltr'>ei,</span> <span class='ocrx_word' id='word_1_216' title='bbox 444 3717 588 3786; x_wconf 83' lang='lat' dir='ltr'>Domine,</span> <span class='ocrx_word' id='word_1_217' title='bbox 609 3717 764 3779; x_wconf 74' lang='lat' dir='ltr'>aemilium</span> <span class='ocrx_word' id='word_1_218' title='bbox 787 3717 823 3781; x_wconf 81' lang='lat' dir='ltr'>de</span> <span class='ocrx_word' id='word_1_219' title='bbox 843 3717 968 3782; x_wconf 73' lang='lat' dir='ltr'>Soneio.</span> 
     </span>
    </p>

    <p class='ocr_par' dir='ltr' id='par_1_16' title="bbox 206 3809 671 3873">
     <span class='ocr_line' id='line_1_34' title="bbox 206 3809 671 3873; baseline -0.004 -1"><span class='ocrx_word' id='word_1_220' title='bbox 206 3811 241 3872; x_wconf 87' lang='lat' dir='ltr'>R.</span> <span class='ocrx_word' id='word_1_221' title='bbox 264 3811 306 3872; x_wconf 87' lang='lat' dir='ltr'>Et</span> <span class='ocrx_word' id='word_1_222' title='bbox 328 3811 365 3872; x_wconf 84' lang='lat' dir='ltr'>de</span> <span class='ocrx_word' id='word_1_223' title='bbox 386 3809 464 3871; x_wconf 82' lang='lat' dir='ltr'>Sion</span> <span class='ocrx_word' id='word_1_224' title='bbox 486 3816 570 3873; x_wconf 83' lang='lat' dir='ltr'>tuere</span> <span class='ocrx_word' id='word_1_225' title='bbox 592 3832 671 3871; x_wconf 75' lang='lat' dir='ltr'>crena</span> 
     </span>
    </p>

    <p class='ocr_par' dir='ltr' id='par_1_17' title="bbox 206 3902 803 3983">
     <span class='ocr_line' id='line_1_35' title="bbox 206 3902 803 3983; baseline 0.003 -21"><span class='ocrx_word' id='word_1_226' title='bbox 206 3903 245 3965; x_wconf 83' lang='lat' dir='ltr'>V.</span> <span class='ocrx_word' id='word_1_227' title='bbox 267 3903 360 3965; x_wconf 79' lang='lat' dir='ltr'>Nihil</span> <span class='ocrx_word' id='word_1_228' title='bbox 378 3903 520 3983; x_wconf 79' lang='lat' dir='ltr'>proficiat</span> <span class='ocrx_word' id='word_1_229' title='bbox 540 3903 689 3965; x_wconf 82' lang='lat' dir='ltr'>inimicas</span> <span class='ocrx_word' id='word_1_230' title='bbox 707 3902 741 3963; x_wconf 88' lang='lat' dir='ltr'>in</span> <span class='ocrx_word' id='word_1_231' title='bbox 760 3925 803 3966; x_wconf 87' lang='lat' dir='ltr'>ee.</span> 
     </span>
    </p>

    <p class='ocr_par' dir='ltr' id='par_1_18' title="bbox 206 3993 1027 4076">
     <span class='ocr_line' id='line_1_36' title="bbox 206 3993 1027 4076; baseline 0.002 -19"><span class='ocrx_word' id='word_1_232' title='bbox 206 3996 241 4057; x_wconf 85' lang='lat' dir='ltr'>R.</span> <span class='ocrx_word' id='word_1_233' title='bbox 259 3996 304 4057; x_wconf 83' lang='lat' dir='ltr'>Et</span> <span class='ocrx_word' id='word_1_234' title='bbox 321 3993 406 4073; x_wconf 76' lang='lat' dir='ltr'>filins</span> <span class='ocrx_word' id='word_1_235' title='bbox 426 3995 604 4076; x_wconf 80' lang='lat' dir='ltr'>iniqnitatis</span> <span class='ocrx_word' id='word_1_236' title='bbox 626 4018 687 4057; x_wconf 89' lang='lat' dir='ltr'>non</span> <span class='ocrx_word' id='word_1_237' title='bbox 706 4002 842 4076; x_wconf 83' lang='lat' dir='ltr'>apponat</span> <span class='ocrx_word' id='word_1_238' title='bbox 862 4017 969 4059; x_wconf 85' lang='lat' dir='ltr'>noce-re</span> <span class='ocrx_word' id='word_1_239' title='bbox 990 3997 1027 4060; x_wconf 81' lang='lat' dir='ltr'>ei.</span> 
     </span>
    </p>

    <p class='ocr_par' dir='ltr' id='par_1_19' title="bbox 208 4087 858 4150">
     <span class='ocr_line' id='line_1_37' title="bbox 208 4087 858 4150; baseline 0.006 -4"><span class='ocrx_word' id='word_1_240' title='bbox 208 4088 244 4149; x_wconf 76' lang='lat' dir='ltr'>V.</span> <span class='ocrx_word' id='word_1_241' title='bbox 270 4087 402 4150; x_wconf 86' lang='lat' dir='ltr'>Domine</span> <span class='ocrx_word' id='word_1_242' title='bbox 424 4088 535 4149; x_wconf 81' lang='lat' dir='ltr'>eraudi</span> <span class='ocrx_word' id='word_1_243' title='bbox 556 4088 725 4150; x_wconf 85' lang='lat' dir='ltr'>orationem</span> <span class='ocrx_word' id='word_1_244' title='bbox 751 4110 858 4150; x_wconf 72' lang='lat' dir='ltr'>stream.</span> 
     </span>
    </p>

    <p class='ocr_par' dir='ltr' id='par_1_20' title="bbox 207 4180 792 4242">
     <span class='ocr_line' id='line_1_38' title="bbox 207 4180 792 4242; baseline 0.003 -2"><span class='ocrx_word' id='word_1_245' title='bbox 207 4181 241 4242; x_wconf 75' lang='lat' dir='ltr'>lt.</span> <span class='ocrx_word' id='word_1_246' title='bbox 267 4180 306 4240; x_wconf 85' lang='lat' dir='ltr'>Et</span> <span class='ocrx_word' id='word_1_247' title='bbox 328 4182 445 4242; x_wconf 84' lang='lat' dir='ltr'>elonrer</span> <span class='ocrx_word' id='word_1_248' title='bbox 465 4201 550 4240; x_wconf 81' lang='lat' dir='ltr'>niens</span> <span class='ocrx_word' id='word_1_249' title='bbox 569 4181 609 4241; x_wconf 83' lang='lat' dir='ltr'>nd</span> <span class='ocrx_word' id='word_1_250' title='bbox 632 4186 659 4241; x_wconf 87' lang='lat' dir='ltr'>te</span> <span class='ocrx_word' id='word_1_251' title='bbox 682 4181 792 4242; x_wconf 83' lang='lat' dir='ltr'>reniet.</span> 
     </span>
    </p>

    <p class='ocr_par' dir='ltr' id='par_1_21' title="bbox 207 4272 1043 4353">
     <span class='ocr_line' id='line_1_39' title="bbox 207 4272 1043 4353; baseline 0.008 -22"><span class='ocrx_word' id='word_1_252' title='bbox 207 4274 245 4334; x_wconf 67' lang='grc' dir='ltr'>Υ.</span> <span class='ocrx_word' id='word_1_253' title='bbox 266 4272 420 4333; x_wconf 83' lang='lat' dir='ltr'>Dominus</span> <span class='ocrx_word' id='word_1_254' title='bbox 437 4272 602 4334; x_wconf 74' lang='lat' dir='ltr'>nobiseum.</span> <span class='ocrx_word' id='word_1_255' title='bbox 643 4274 678 4333; x_wconf 79' lang='lat' dir='ltr'>lt.</span> <span class='ocrx_word' id='word_1_256' title='bbox 703 4274 742 4332; x_wconf 79' lang='lat' dir='ltr'>m</span> <span class='ocrx_word' id='word_1_257' title='bbox 762 4296 828 4333; x_wconf 80' lang='lat' dir='ltr'>enni</span> <span class='ocrx_word' id='word_1_258' title='bbox 846 4274 962 4353; x_wconf 82' lang='lat' dir='ltr'>spiritu</span> <span class='ocrx_word' id='word_1_259' title='bbox 980 4279 1043 4338; x_wconf 82' lang='lat' dir='ltr'>tue.</span> 
     </span>
    </p>
   </div>
   <div class='ocr_carea' id='block_1_3' title="bbox 197 4424 959 4487">
    <p class='ocr_par' dir='ltr' id='par_1_22' title="bbox 197 4424 959 4487">
     <span class='ocr_line' id='line_1_40' title="bbox 197 4424 959 4487; baseline 0.001 -13"><span class='ocrx_word' id='word_1_260' title='bbox 197 4425 325 4474; x_wconf 67' lang='lat' dir='ltr'>spaniis.</span> <span class='ocrx_word' id='word_1_261' title='bbox 343 4429 369 4474; x_wconf 84' lang='lat' dir='ltr'>et</span> <span class='ocrx_word' id='word_1_262' title='bbox 386 4424 559 4487; x_wconf 67' lang='lat' dir='ltr'>martianaei,</span> <span class='ocrx_word' id='word_1_263' title='bbox 577 4427 593 4475; x_wconf 93' lang='lat' dir='ltr'>l.</span> <span class='ocrx_word' id='word_1_264' title='bbox 610 4441 632 4475; x_wconf 88' lang='lat' dir='ltr'>c.</span> <span class='ocrx_word' id='word_1_265' title='bbox 769 4424 959 4475; x_wconf 82' lang='lat' dir='ltr'>⁴Pontiticaie.</span> 
     </span>
    </p>
   </div>
   <div class='ocr_carea' id='block_1_4' title="bbox 0 0 1406 4890">
    <p class='ocr_par' dir='ltr' id='par_1_23' title="bbox 0 0 1406 4890">
     <span class='ocr_line' id='line_1_41' title="bbox 0 0 1406 4890; baseline 0 0"><span class='ocrx_word' id='word_1_266' title='bbox 0 0 1406 4890; x_wconf 95' lang='lat' dir='ltr'> </span> 
     </span>
    </p>
   </div>
  </div>
 </body>
</html>
