2804 4890
578 668 632 725 DE
655 670 827 726 OANONE.
1192 663 1253 726 247

160 843 295 907 maxime
317 842 415 919 decet,
437 846 474 905 ut
496 843 542 906 ait
566 842 740 924 Propheta:
764 841 885 906 “Sileat
908 845 1010 907 omnis
1032 864 1104 908 caro
1127 865 1146 906 a
1168 844 1248 907 facie

162 936 336 998 Domini.''⁴
388 936 445 998 “Si
466 937 535 1017 quis
555 936 681 1011 dixerit,
703 937 859 999 Ecclesiae
880 937 1037 1000 Romanae
1057 939 1167 1012 ritum,
1187 958 1248 1018 quo

161 1031 313 1092 submissa
330 1051 401 1092 voce
419 1050 491 1111 pars
510 1031 647 1092 Canonis
665 1035 696 1092 ct
716 1031 806 1092 verba
823 1031 1064 1094 consecrationis
1083 1032 1248 1112 proferun-

161 1132 223 1200 tur,
240 1124 456 1186 damnandum
472 1145 546 1200 esse,
563 1125 728 1187 anathema
746 1124 831 1186 sit‚''5

203 1222 232 1281 3.
255 1218 365 1280 Prima
393 1218 530 1280 Canonis
559 1218 668 1280 Oratio
697 1219 934 1299 comprehendit
960 1224 1024 1282 tres
1053 1224 1173 1302 partes:
1206 1223 1248 1284 Te

161 1312 270 1393 icitur,
293 1312 366 1374 dein
386 1313 546 1376 Memento
569 1332 625 1393 pro
648 1313 734 1387 vivis,
756 1318 848 1392 atque
871 1315 1155 1387 Correnaenieeatea
1178 1335 1248 1377 con-

158 1405 312 1469 cludendo
325 1426 410 1468 more
421 1405 513 1467 solito
526 1407 588 1469 Per
600 1407 743 1469 eerrtdem
758 1408 930 1470 Cleristem.
976 1407 1119 1470 Secunda
1132 1410 1249 1471 oratio:

162 1500 255 1563 Hanc
274 1499 392 1581 lcitum
412 1499 522 1562 tertia:
544 1500 645 1578 Quam
667 1502 854 1564 oblationem
875 1522 972 1582 usque
992 1503 1032 1564 ad
1052 1502 1147 1564 finem
1169 1503 1249 1563 Con-

162 1594 352 1656 sectationis,

203 1692 232 1749 4.
256 1687 296 1749 In
325 1688 428 1768 prima
457 1688 606 1752 Oratione
636 1689 784 1752 Sacerdos
813 1690 969 1771 supplicat
1003 1691 1054 1770 (a)
1088 1692 1123 1753 in
1151 1691 1249 1771 priori

163 1786 261 1861 parte,
279 1783 321 1845 Te
337 1783 447 1862 ipitnr,
463 1787 500 1845 ut
517 1783 611 1844 Pater
626 1804 681 1862 per
698 1783 816 1844 Filium
833 1784 935 1847 oblata
952 1785 1102 1847 sacranda
1117 1785 1251 1866 accipiat

168 1874 255 1955 (vide
277 1878 347 1952 139,
368 1877 419 1955 i),
439 1895 496 1957 pro
517 1876 655 1938 Ecclesia
675 1877 843 1952 militante,
864 1897 920 1957 pro
941 1876 1075 1957 puhlicis
1095 1877 1252 1940 Ecclesiae

163 1970 320 2049 personis;
343 1970 395 2050 (b)
418 1990 474 2051 pro
493 1970 531 2032 iis
550 1971 602 2050 qui
622 1970 781 2031 Sacerdoti
802 1970 978 2050 specialiter
995 1973 1157 2049 conjuncti
1176 1974 1251 2034 sunt

169 2063 344 2143 (Memento
360 2083 417 2145 pro
434 2063 552 2143 vivis);
575 2066 624 2143 (c)
647 2065 680 2124 in
698 2066 791 2126 tertia
809 2071 897 2144 parte
914 2066 1157 2145 supplicationes
1175 2066 1251 2126 istae

161 2176 217 2238 pro
230 2157 368 2219 Ecclesia
380 2158 538 2219 militante
557 2160 607 2237 (in
620 2178 731 2236 genere
744 2164 776 2219 et
790 2158 822 2218 in
835 2160 951 2237 specie)
970 2158 1252 2221 communicatione

163 2271 236 2313 cum
254 2251 393 2314 Ecclesia
412 2252 629 2331 triumphante
649 2252 831 2314 ellicaeiores
851 2253 1027 2314 redduntur
1052 2253 1251 2330 (Coelimont-

164 2346 299 2422 centes).
331 2344 381 2406 Ita
398 2344 543 2406 Christus
558 2365 699 2405 summus
716 2345 865 2406 Sacerdos
882 2345 915 2405 in
932 2346 1132 2407 institutione
1150 2346 1251 2406 Sacri-

163 2438 227 2501 ficii
256 2438 465 2514 eucharistici,
493 2438 655 2502 oblaturus
684 2439 871 2500 sacrificium
902 2440 1021 2515 Crucis,
1049 2440 1162 2520 grandi
1192 2441 1252 2503 ista

165 2535 304 2594 oratione
327 2533 428 2594 oravit
451 2552 508 2612 pro
532 2533 694 2612 discipulis
718 2538 749 2594 et
773 2538 838 2595 tota
862 2533 1000 2595 Ecclesia
1023 2535 1192 2608 militante,
1215 2538 1252 2594 ut

166 2626 261 2689 Pater
288 2633 388 2689 servet
418 2646 525 2687 omnes
556 2626 589 2687 in
620 2627 752 2701 unitate,
783 2628 912 2688 scritate
943 2631 975 2690 et
1003 2628 1115 2706 gratia,
1145 2633 1183 2690 ut
1213 2627 1252 2689 ad

164 2719 298 2800 gloriam
325 2719 488 2781 coelestem
518 2720 551 2780 in
581 2720 751 2781 Ecclesiam
780 2722 1029 2800 triumphantem
1059 2722 1251 2803 perveniant.

165 2813 364 2877 “Sublevatis
380 2813 478 2876 oculis
493 2814 526 2874 in
542 2815 661 2875 coelum
677 2814 775 2876 dixit:
794 2815 898 2890 Pater,
915 2816 1000 2877 venit
1016 2816 1100 2890 hora,
1116 2815 1253 2877 clarifica

167 2906 286 2968 Filium
302 2910 404 2983 tuum,
420 2912 457 2969 ut
474 2907 575 2971 Filius
592 2912 665 2968 tuus
682 2907 831 2970 clarificet
847 2912 887 2982 te,
911 2957 917 2968 .
946 2957 953 2969 .
976 2915 1011 2971 ut
1027 2909 1080 2971 det
1096 2911 1140 2971 eis
1157 2909 1253 2970 vitam

165 3007 323 3062 aeternam
345 3049 352 3061 .
380 3049 386 3061 .
408 3000 475 3079 Ego
490 3001 604 3079 procis
620 3019 694 3078 rogo
716 3048 722 3059 .
749 3048 756 3060 .
780 3000 948 3061 Sanctifica
962 3022 1012 3062 eos
1029 3003 1061 3062 in
1078 3002 1217 3063 veritate.
1240 3049 1246 3062 .

167 3094 240 3157 Non
257 3114 314 3174 pro
331 3096 376 3156 cis
393 3098 500 3155 autem
518 3115 591 3173 rogo
610 3099 746 3169 tantum,
765 3094 817 3155 sed
835 3101 865 3156 et
884 3115 940 3174 pro
958 3097 1012 3171 eis,
1030 3097 1085 3177 qui
1102 3096 1252 3158 credituri

166 3193 240 3249 sunt
262 3209 316 3270 pcr
338 3188 464 3250 verbum
486 3208 592 3250 corum
616 3189 647 3248 in
669 3208 728 3263 me,
749 3191 785 3249 ut
805 3209 911 3249 omncs
933 3209 1032 3250 unum
1052 3189 1118 3252 sint
1144 3238 1151 3252 .
1184 3239 1191 3251 .
1218 3196 1254 3252 ut

167 3281 294 3343 videant
309 3281 486 3343 claritatem
500 3281 622 3343 meam”
643 3282 752 3359 (Joan.
771 3284 850 3361 lt).

210 3380 237 3435 5.
262 3375 370 3436 Primo
392 3375 491 3454 igitur
511 3381 578 3436 orat
602 3375 760 3448 Sacerdos,
783 3381 817 3437 ut
840 3376 923 3438 heus
945 3382 1092 3458 acceptet,
1114 3385 1144 3440 et
1165 3379 1253 3440 hene-

166 3470 251 3531 dicat
266 3470 341 3530 haec
357 3469 440 3531 dona
457 3470 494 3530 ad
515 3469 612 3530 totius
631 3468 785 3531 Ecclesiae
805 3471 942 3531 fructum
961 3476 991 3532 ct
1011 3472 1181 3533 utilitatem
1192 3493 1200 3546 ;
1219 3478 1254 3533 ut

166 3565 212 3624 ita
231 3562 347 3642 duplex
367 3562 511 3623 sacrificii
532 3563 605 3622 linis
625 3562 813 3633 cilitincatur,
833 3564 933 3641 gloria
958 3564 1011 3625 ltei
1033 3570 1064 3626 et
1084 3565 1167 3625 salus
1187 3566 1253 3626 ani-

167 3677 299 3720 marum.
345 3656 429 3719 Sunt
444 3658 534 3723 dorin,
551 3657 569 3716 i.
585 3678 609 3718 e.
626 3678 642 3717 a
659 3656 723 3717 lico
737 3657 826 3718 'nohis
841 3658 974 3725 clariola:
992 3681 1120 3720 inumera.
1134 3679 1152 3719 a
1167 3659 1256 3719 nohis

167 3751 233 3813 Deo
248 3750 368 3813 ohlata:
383 3754 490 3812 sanctu
505 3750 657 3828 sacrificia
673 3771 729 3829 per
743 3750 1002 3831 anticipationem
1018 3772 1070 3812 sou
1088 3753 1255 3826 initiativc,

165 3846 241 3926 quia
256 3847 486 3926 praeparantur
502 3844 535 3904 in
552 3844 749 3905 sacrificium.

208 3939 329 4002 Deinde
356 3945 425 4002 orat
452 3959 508 4018 pro
536 3939 684 4015 Ecclesia,
711 3961 767 4020 pro
794 3942 957 4011 Pontifice,
985 3946 1053 4011 otc,
1080 3964 1136 4023 pro
1163 3944 1256 4007 “sirici
1314 3968 1318 3975 ·

165 4029 371 4107 cultoribus,''
389 4031 409 4091 i.
427 4051 451 4092 e.
470 4030 519 4106 iis,
536 4032 589 4110 qui
608 4031 709 4105 uerbo,
727 4031 773 4092 vel
791 4032 907 4111 scripto
926 4033 1096 4094 Ecclesiam
1115 4037 1255 4110 tuentur,

165 4131 199 4188 et
214 4125 253 4187 ad
268 4146 337 4187 eam
353 4124 495 4186 infideles
510 4128 542 4187 et
557 4124 727 4186 haereticos
743 4125 895 4187 adducere
911 4128 1089 4189 conantur.⁰

212 4285 280 4348 144.
303 4287 472 4360 Memento,
497 4286 517 4347 i.
541 4307 566 4347 c.
591 4286 647 4347 “ut
672 4286 755 4347 Deus
780 4308 834 4366 pcr
858 4288 985 4364 niodum
1011 4289 1203 4352 recordantis
1225 4312 1257 4352 se

166 4382 290 4455 habeat,
318 4380 545 4443 reminiscendo
573 4380 802 4441 misericordiae
829 4400 902 4442 suae
928 4388 958 4444 et
986 4383 1196 4447 subveniendo
1223 4386 1257 4446 in

201 4531 216 4565 ε
234 4523 313 4575 Zaeh.
334 4525 359 4586 2,
381 4524 420 4573 13,
553 4527 565 4559 ⁶
584 4521 612 4571 O.
632 4522 706 4572 Trici.
728 4521 796 4572 Sese.
817 4525 858 4572 22.
950 4530 963 4563 ⁸
982 4525 1110 4578 Romsea.
