2804 4890
146 682 185 752 72
224 698 277 753 ΒΕ
302 693 472 756 REGULIS
497 697 777 754 GENERALIBUS
801 690 1168 754 GAEREMONIARUM·

597 956 711 1027 ΛΒΤ.
737 956 788 1026 ΙΙ.

411 1111 460 1163 nn
488 1113 732 1163 nnnvarronn
761 1113 972 1166 oeunoauu.

189 1251 239 1313 44.
264 1252 354 1314 Oculi
371 1251 533 1314 elevantur
548 1252 608 1314 “ad
625 1253 737 1328 Deum,
753 1253 792 1314 ad
808 1251 959 1327 eoelum,’'
975 1253 996 1316 i.
1013 1273 1038 1316 e.
1055 1252 1095 1316 ad
1111 1253 1160 1315 rel
1175 1273 1239 1315 rer·

149 1366 201 1408 sus
221 1346 364 1420 Crucem,
384 1347 552 1425 statimque
571 1347 785 1408 demittuntur
811 1347 1045 1426 (praeterquam
1065 1345 1106 1407 ad
1127 1346 1239 1427 Offeri·

149 1440 257 1518 mvus):

197 1533 247 1612 (a)
275 1534 359 1596 Ante
375 1533 498 1595 Munda
517 1556 568 1596 cor
585 1554 708 1607 meum

197 1627 248 1706 (l)
276 1627 360 1688 Ante
380 1627 510 1707 Suscipe
531 1631 636 1690 sonate
656 1628 770 1699 Poter;

196 1722 245 1799 (c)
274 1721 365 1781 Infra
381 1720 569 1781 oblationem
586 1720 690 1781 calicis
700 1741 708 1795 ;

197 1814 250 1895 (d)
279 1815 329 1875 Ad
353 1815 432 1876 Veni
451 1813 689 1892 Sanctificate&

197 1909 246 1987 (e)
274 1908 357 1969 Ante
378 1907 508 1988 Sirecae
530 1908 647 1969 Soracte
669 1908 827 1981 Trinitoa·

198 2005 244 2084 (f)
271 2002 324 2063 Aa
343 2001 465 2064 Grotius
482 2022 612 2081 euentus
628 2007 685 2062 etc.
703 2001 779 2062 dum
797 2003 916 2064 dieitur
931 2003 997 2066 Dee
1014 2007 1142 2076 nostro:

198 2096 250 2175 (9)
279 2095 362 2157 Ante
382 2097 424 2157 Te
443 2096 561 2174 teitan·

197 2191 251 2269 (Ιι)
279 2189 328 2250 ne
348 2189 474 2251 elocutis
492 2189 589 2252 oculis
606 2195 679 2250 ante
697 2191 959 2253 consecrationem
978 2190 1116 2266 hostiae3

199 2283 243 2361 (i.)
271 2283 320 2343 Ad
342 2282 511 2344 Benedicat
534 2304 595 2346 roa.

193 2381 220 2439 2.
245 2378 336 2439 Oculi
354 2382 501 2439 tenentur
520 2378 635 2440 intenti
651 2380 691 2440 ad
709 2378 766 2441 SS.
787 2379 1042 2442 Sacramentum:

199 2473 249 2549 (e)
279 2470 317 2530 In
334 2470 504 2532 elevatione
520 2469 639 2532 hostiae
655 2477 686 2532 et
703 2469 807 2531 calicis
823 2477 855 2532 et
870 2470 990 2550 quoties
1008 2470 1158 2534 Sacerdos
1174 2489 1241 2553 spa·

151 2566 212 2626 eies
234 2570 426 2626 consecratas
449 2584 523 2644 prae
546 2563 690 2627 manibus
713 2564 824 2640 habet;

200 2659 251 2736 (b)
280 2658 328 2718 Ad
345 2658 503 2720 Memento
516 2658 739 2721 detunctorum
753 2657 828 2718 dum
842 2658 991 2738 privatim
1004 2661 1074 2720 orat
1082 2675 1092 2734 3

200 2753 248 2830 (c)
277 2752 338 2812 Per
356 2757 457 2814 totum
478 2753 573 2815 Peter
591 2758 714 2825 nostem·

200 2845 253 2924 (d)
281 2844 331 2906 Ad
351 2850 413 2906 tres
434 2846 598 2908 Orationes
617 2851 689 2909 ante
709 2845 979 2907 Communionem.

195 2943 222 3000 3.
248 2939 360 3001 Oculos
377 2939 525 3001 demissos
543 2943 628 3001 tenet
646 2939 794 3001 Sacerdos
811 2941 843 2999 in
862 2939 976 3001 Missa:

200 3035 250 3112 (a.)
279 3031 364 3092 Dum
383 3037 455 3093 ante
476 3033 605 3093 Missam
625 3032 766 3112 precedit
784 3033 823 3093 ad
843 3031 952 3094 Altare
971 3037 1093 3113 etpost
1112 3033 1242 3096 Missam

153 3126 330 3206 regreditur
339 3148 347 3202 ;

201 3220 252 3300 (b)
281 3219 413 3293 Quando
435 3242 466 3282 se
487 3223 581 3283 vertit
603 3221 641 3282 ad
664 3221 815 3301 populum
837 3221 944 3282 dicens
965 3219 1122 3282 Dominus
1143 3221 1243 3283 vobis·

153 3335 235 3386 eunt,
254 3313 348 3376 Orate
364 3317 489 3395 fratrea,
507 3314 551 3374 rel
572 3314 610 3374 ad
629 3314 907 3376 Benedictionem.²

590 3501 703 3570 Anu.
730 3500 801 3571 III.

424 3657 474 3707 nn
502 3657 671 3707 arannem
700 3655 968 3709 cananaeum.

521 3794 557 3855 A.
579 3793 622 3854 De
642 3793 748 3855 crucis
767 3793 872 3870 Signo.

194 3955 244 4019 45.
269 3956 368 4019 Cruce
394 3978 425 4018 se
452 3956 555 4031 signat
584 3955 732 4018 Sacerdos
759 3956 894 4019 extensis
920 3961 951 4019 et
977 3955 1097 4036 junctis
1124 3957 1244 4037 pariter

153 4052 264 4130 digitis
280 4051 422 4112 dexterae
439 4069 559 4121 mamm,
574 4055 701 4128 excrepte
717 4054 855 4130 tempore
871 4050 954 4112 inter
970 4049 1243 4113 consecrationem

153 4150 185 4206 et
204 4144 475 4216 connnunienem,
493 4164 553 4221 qam
573 4142 697 4222 pellices
716 4148 745 4204 et
767 4144 884 4205 iudices
903 4144 1064 4223 conjuncti
1084 4148 1242 4206 tenentur.

196 4237 297 4298 “Cum
311 4257 342 4299 se
357 4237 458 4317 ipsum
473 4237 587 4312 signat,
602 4257 722 4315 semper
736 4238 896 4297 sinistram
911 4239 1000 4317 ponit
1014 4237 1100 4299 infra
1113 4236 1243 4317 pectus''

153 4351 248 4412 supra
271 4329 453 4411 cingulum3
476 4329 590 4392 “vertit
613 4329 651 4390 ad
675 4351 705 4390 se
729 4329 865 4409 palmam
888 4350 1000 4392 manus
1022 4329 1188 4392 dexterae''
1211 4334 1243 4394 et

621 4492 632 4527 ²
651 4487 734 4538 Rubr.
756 4487 832 4538 Mina.
