2804 4890
160 679 222 745 562
257 689 343 745 APP.
368 688 409 744 11.
451 687 505 742 DE
525 685 720 744 VESTIBUS
743 685 882 743 SACRIS
906 683 1168 741 SACERDOTIS.

157 851 339 928 obtinuisse,
373 851 522 932 quoniam
556 868 649 931 super
682 869 795 932 corpus
828 851 900 934 plus
932 851 1075 913 minusve
1110 856 1260 931 vagatur.

161 945 283 1009 Nomen
308 945 423 1007 Casula
445 944 605 1007 derivatur
626 963 645 1006 a
668 965 738 1008 voce
760 962 840 1021 casa,
863 944 937 1024 quia
960 941 1045 1006 velut
1066 961 1166 1024 parva
1187 962 1263 1004 casu

165 1037 312 1117 (antiqua
334 1040 452 1116 forma)
476 1042 584 1101 totum
604 1056 716 1119 corpus
739 1042 842 1118 tegere
861 1036 1000 1099 solebat.¹

201 1133 229 1193 3.
254 1129 368 1206 Hodie,
384 1130 488 1213 inquit
504 1131 636 1206 Braun,²
653 1130 790 1210 quinque
806 1135 896 1210 typos
912 1128 1043 1193 Casulae
1057 1128 1264 1209 distinguere

158 1242 332 1303 possumus,
353 1227 463 1302 typum
484 1223 671 1299 Romanum,
692 1222 925 1298 Germanicum,
947 1221 1115 1298 Gallicum,
1138 1221 1262 1303 Hispa·

159 1316 266 1376 uicum
285 1319 316 1376 et
336 1315 514 1378 Gothicum.
555 1315 668 1377 Casula
689 1316 830 1377 Romana
849 1334 973 1376 crucem
991 1313 1085 1378 habet
1103 1333 1261 1395 magnam

158 1408 192 1468 in
212 1411 299 1487 tergo
317 1411 348 1469 et
367 1407 501 1487 figuram
520 1408 547 1468 Τ
567 1408 599 1468 in
620 1411 751 1487 pectore.
790 1406 904 1469 Casula
925 1407 1111 1470 Germanica
1130 1407 1165 1468 in
1186 1427 1261 1488 pee-

160 1505 225 1562 tore
245 1499 439 1563 solummodo
463 1500 592 1562 l'asciam
615 1519 688 1579 prae
710 1520 741 1562 se
764 1501 836 1561 fert.
879 1499 993 1562 Casula
1016 1497 1138 1561 Gallica
1159 1499 1200 1562 ab
1223 1521 1262 1562 ea

158 1592 266 1655 differt
280 1594 313 1653 in
328 1597 485 1671 apertura,
500 1612 555 1672 per
569 1612 662 1672 quani
677 1597 772 1676 eaput
784 1592 981 1668 immittitur,
997 1611 1075 1673 quae
1088 1596 1137 1654 est
1152 1594 1262 1675 magis

157 1684 271 1766 ampla.
323 1684 497 1763 Hispanica
527 1683 640 1745 Casula
669 1684 800 1745 fasciam
828 1683 967 1747 ostendit
995 1704 1013 1746 a
1040 1688 1129 1766 tergo
1157 1690 1193 1747 et
1224 1686 1262 1748 in

158 1782 289 1858 pectore.

199 1874 228 1932 4.
252 1869 384 1932 Planeta
403 1889 465 1931 non
485 1889 606 1948 semper
625 1870 754 1933 eandem
777 1872 911 1932 formam
933 1870 1073 1933 habebat.
1116 1870 1167 1932 Ab
1189 1891 1261 1934 am·

157 1962 299 2043 plissima
312 1966 405 2039 veste,
422 1960 522 2042 qualis
538 1963 576 2023 ab
592 1962 685 2024 initio
701 1963 815 2038 fuerat,
831 1963 997 2043 paullatim
1013 1962 1262 2026 decurrentibus

158 2054 288 2118 saeculis
308 2053 348 2116 ad
368 2054 583 2134 exiguitatem,
603 2074 697 2134 quam
717 2059 823 2117 nostra
842 2059 943 2119 aetate
962 2054 1183 2136 perspicimus,
1206 2056 1263 2120 de-

157 2147 262 2211 crevit.
304 2147 376 2208 Non
395 2149 526 2221 constat,
545 2167 604 2227 quo
624 2152 762 2227 tempore
778 2149 915 2227 praecise
934 2147 1077 2227 paenula,
1095 2167 1189 2229 quae,
1208 2151 1261 2213 uti

156 2241 223 2320 jam
244 2239 534 2315 animadvertimus,
556 2240 593 2301 ab
614 2239 706 2303 initio
725 2245 759 2302 et
779 2240 955 2318 antiquitus
978 2241 1071 2302 vestis
1091 2245 1161 2304 erat
1184 2262 1261 2323 pro

157 2333 232 2395 sana
249 2337 281 2395 et
300 2332 476 2407 saecularis,
495 2331 588 2394 vestis
607 2351 694 2393 sacra
712 2337 744 2395 et
762 2331 909 2409 liturgica
929 2334 1070 2395 evaserit.
1112 2333 1153 2396 Id
1174 2336 1260 2399 veri-

157 2424 303 2487 similiter
320 2425 455 2487 occnrrit
474 2424 594 2488 saeculo
611 2424 676 2486 fere
694 2428 810 2486 octavo

199 2522 225 2579 5.
251 2517 382 2579 Planeta
412 2517 561 2596 primitus
591 2517 763 2579 certissime
792 2521 859 2579 erat
891 2519 1022 2597 paenula
1053 2519 1192 2581 rotunda
1225 2524 1258 2584 et

156 2610 294 2689 undique
313 2610 427 2683 clausa,
445 2610 569 2670 unicam
591 2610 623 2669 in
643 2608 745 2671 medio
764 2610 880 2671 babens
897 2616 1076 2690 aperturam
1095 2611 1135 2672 ad
1157 2620 1257 2693 (rapiat

157 2701 403 2765 immittendum.
447 2701 563 2763 Totum
582 2721 694 2781 eorpus
712 2702 836 2781 tegebat
853 2706 884 2765 et
904 2703 1057 2783 usquead
1078 2703 1174 2783 pedes
1196 2707 1258 2767 eir-

157 2796 286 2856 culatim
302 2794 465 2855 defluebat.
506 2792 664 2869 Sacerdos,
681 2814 719 2856 ne
736 2815 846 2856 manus
864 2796 896 2855 in
914 2796 1120 2858 celebratione
1138 2796 1258 2861 Missae

158 2887 395 2967 impedirentur,
426 2892 530 2967 partes
562 2885 704 2948 laterales
736 2887 800 2948 fere
832 2906 928 2966 usque
960 2888 998 2948 acl
1031 2889 1175 2967 scapulas
1210 2911 1256 2952 re·

156 2980 274 3040 volvere
301 2979 427 3040 solebat.
475 2979 583 3039 Craeei
610 2979 710 3040 adbuc
734 2979 825 3040 hodie
853 2981 930 3041 baruc
957 2981 1087 3042 Casulae
1116 2982 1254 3045 formam

157 3074 293 3134 retinent
317 3071 348 3132 in
372 3069 587 3132 functionibus
609 3072 713 3133 sacris.
759 3072 853 3151 Apud
875 3072 1005 3135 latinos
1025 3075 1130 3136 autem
1153 3095 1256 3156 usque

156 3164 194 3226 ad
213 3165 368 3226 saeculum
390 3165 494 3225 forsan
517 3164 614 3225 Xlll.
635 3164 853 3228 tantummodo
871 3167 903 3226 in
923 3187 981 3226 usu
1002 3166 1161 3228 remansit.
1209 3169 1255 3229 Eo

156 3259 240 3320 enim
264 3261 411 3335 tempore,
436 3277 498 3316 uon
524 3257 642 3331 statim,
666 3256 718 3318 sed
745 3258 870 3331 sensim,
894 3259 982 3337 prius
1007 3258 1255 3338 particularibus

157 3350 241 3423 locis,
268 3347 380 3410 deinde
406 3348 587 3415 universim.
612 3348 775 3428 primitiva
800 3351 900 3411 lorvna
928 3351 1096 3414 immutata
1120 3351 1186 3414 fuit
1214 3354 1253 3415 ad

155 3441 322 3504 sacerdotis
345 3441 609 3511 commoditatem,
634 3446 670 3502 ut
693 3461 803 3520 nempe
827 3441 1001 3520 expeditior
1027 3443 1113 3506 beret
1138 3445 1172 3506 in
1197 3464 1254 3506 suo

156 3535 331 3597 ministerio
355 3539 386 3596 et
411 3537 448 3594 ut
471 3532 644 3612 periculum
673 3535 890 3598 irreverentiae
918 3536 947 3595 iu
975 3536 1140 3599 tractanda
1164 3559 1253 3600 sacra

155 3629 254 3707 specie
276 3626 376 3705 magis
397 3630 640 3705 praecaveretur.
686 3626 778 3688 Prius
800 3628 836 3688 ab
857 3631 988 3707 utroque
1010 3627 1117 3702 latere,
1140 3629 1254 3694 dextro

185 3749 276 3800 1This
291 3753 424 3800 vestmcnt
444 3748 600 3809 (chasuble)
619 3748 672 3799 had
724 3749 823 3813 dinary
837 3750 896 3801 life.
932 3751 1012 3802 From
1029 3755 1075 3802 the
1090 3753 1160 3805 wide
1178 3756 1250 3807 flow-

152 3826 188 3875 its
207 3825 296 3890 origin
316 3826 342 3874 in
363 3825 407 3875 the
425 3825 528 3874 Roman
547 3823 672 3888 paenula.
724 3824 772 3889 ing
794 3840 965 3890 appearance
987 3828 1020 3877 of
1042 3829 1098 3878 this
1121 3836 1250 3891 pararent

152 3901 178 3951 It
209 3915 265 3951 was
292 3915 310 3951 a
337 3900 453 3951 circular
482 3901 571 3951 closed
600 3915 672 3951 orer·
723 3905 775 3951 two
791 3901 903 3952 historic.
918 3918 1017 3966 vrsages
1032 3919 1078 3955 are
1092 3906 1250 3970 explained.

151 3980 285 4041 serment,
315 3991 389 4026 worn
420 3975 567 4040 especially
596 3976 671 4026 when
723 3976 808 4027 which
828 3991 875 4028 are
893 3978 950 4028 still
970 3979 1125 4044 prescribed
1145 3981 1185 4046 by
1203 3985 1251 4036 the

151 4052 289 4117 traveling
310 4065 341 4104 as
362 4051 421 4102 well
445 4066 476 4101 as
500 4051 526 4100 in
549 4051 595 4101 the
616 4050 673 4113 city
724 4051 837 4113 nvbrlcs,
864 4053 910 4106 the
936 4069 997 4118 way
1023 4055 1056 4105 of
1081 4056 1182 4121 taking
1209 4059 1252 4111 off

152 4129 252 4193 during
305 4127 365 4178 cold
420 4127 473 4177 and
531 4126 673 4177 inclement
723 4128 823 4190 during
841 4129 932 4180 divine
950 4132 1051 4193 service
1070 4132 1116 4181 the
1135 4134 1252 4198 planeta

151 4205 277 4255 wcathcr.
323 4202 355 4252 lu
383 4205 429 4252 the
456 4201 515 4252 first
543 4207 586 4251 tcn
613 4217 672 4250 ceu·
723 4203 827 4266 plicata
854 4206 907 4256 and
937 4206 982 4255 the
1010 4212 1113 4257 custom
1142 4213 1174 4259 at
1203 4213 1251 4263 the

150 4280 237 4329 turier
257 4280 276 4329 lt
300 4279 322 4327 is
343 4279 498 4342 frequently
518 4278 671 4327 mentioued
723 4278 856 4328 clevation
883 4280 916 4329 uf
940 4283 1045 4343 raising
1070 4299 1106 4348 up
1132 4299 1150 4335 a
1175 4286 1252 4339 little

151 4356 188 4420 by
208 4357 254 4405 the
275 4371 352 4406 nanae
372 4354 405 4404 of
424 4355 517 4404 casula
542 4355 573 4405 (a
594 4354 671 4403 sarrall
723 4355 768 4403 the
784 4356 852 4413 educ
869 4356 902 4405 of
918 4358 962 4407 the
979 4358 1115 4409 chasuble.
1155 4361 1252 4428 (Gihr,

152 4433 210 4489 luit,
237 4432 308 4481 from
335 4447 406 4489 casa,
434 4447 450 4481 a
477 4431 548 4479 little
575 4431 670 4481 lauriaci
723 4431 849 4479 Sar-cilice
867 4432 899 4481 of
917 4433 999 4495 Mass,
1018 4449 1044 4499 p.
1063 4435 1141 4500 292.)

146 4510 203 4563 aad
221 4507 335 4577 plancta
353 4521 384 4559 aa
402 4521 420 4557 a
438 4509 560 4571 garrirent
582 4504 614 4554 of
631 4520 670 4553 or·
759 4507 851 4557 ²Loc0
872 4508 919 4560 cit.
