2804 4890
544 705 598 762 Da
620 704 858 763 PROPHE‘I'IIS.
1190 698 1248 766 ³31

468 925 503 986 B.
533 923 578 987 De
597 924 773 987 Panotione
793 924 939 987 solemni.

203 1063 273 1128 205.
297 1065 467 1147 Postquam
481 1068 604 1130 Lumen
620 1068 739 1130 Christi
754 1072 811 1130 etc.
827 1068 920 1130 tertia
935 1068 1000 1131 vice
1014 1069 1176 1130 cantatum
1191 1069 1248 1143 est,

161 1158 349 1222 “Celebrans
364 1160 504 1224 ascendit
518 1160 556 1221 ad
572 1159 711 1235 Altare,''
726 1161 808 1240 quod
822 1161 982 1225 osculatur
995 1163 1028 1222 in
1043 1161 1157 1236 medio,
1171 1164 1203 1224 et
1217 1181 1248 1224 se

161 1252 246 1314 sistit
260 1252 314 1314 “in
329 1273 427 1314 cornu
442 1253 602 1333 Epistolae
617 1259 649 1316 et
664 1253 821 1315 Diaconus
836 1254 892 1319 dat
906 1254 1094 1319 arundinem
1108 1255 1166 1317 uni
1181 1274 1248 1317 aco

161 1345 268 1424 lytho’'
285 1346 351 1408 scil.
369 1346 450 1408 socio
467 1347 520 1426 qui
539 1366 666 1427 parvam
684 1347 845 1411 candelam
862 1348 1055 1428 deposuerat.
1090 1347 1248 1411 Diaconus

160 1459 179 1500 a
194 1439 444 1502 Caeremoniario
458 1439 572 1521 accipit
586 1439 713 1516 librum,
727 1440 867 1505 aseendit
880 1441 920 1504 ad
934 1441 1043 1506 Altare
1058 1441 1162 1522 ibique
1176 1441 1248 1522 “pe-

161 1533 202 1595 tit
218 1553 237 1594 a
254 1532 437 1597 Celebrante
455 1532 703 1596 benedictionem
719 1539 756 1598 ut
774 1534 809 1598 fit
827 1534 867 1597 ad
885 1534 1124 1615 Evangelium,''
1142 1534 1249 1599 dicens

160 1631 286 1688 tantum
297 1627 381 1690 Jobe
395 1627 517 1690 Domoe
531 1627 720 1701 benedicere,
734 1626 922 1690 “Sacerdote
937 1629 1076 1690 dicente:
1091 1629 1247 1693 Dominae

160 1719 224 1781 sie'
250 1725 319 1795 etc,
347 1740 458 1800 nempe
486 1740 543 1800 pro
571 1721 662 1782 verbo
689 1722 896 1802 Eoonpelium
923 1743 1016 1785 auom
1044 1721 1127 1784 dicet
1154 1742 1247 1786 auum

160 1815 302 1894 poacliole
318 1814 539 1895 praeconium·
555 1819 586 1876 ct
603 1815 724 1877 omittit
740 1815 881 1877 osculum
898 1815 1033 1877 manus³

203 1909 231 1968 2.
256 1906 412 1969 Diaconus
429 1907 590 1971 descendit
607 1907 640 1969 in
657 1907 789 1988 planum
804 1913 836 1971 et
853 1908 897 1970 ibi
914 1928 1064 1971 unacum
1082 1908 1248 1984 ministris,

160 2000 296 2081 exceptis
313 1999 477 2063 Crucifero
493 2006 525 2064 et
541 2001 683 2080 acolytho
699 2022 772 2063 oum
789 2002 954 2077 arundine,
970 2000 1164 2083 genuflectit,
1182 2002 1248 2084 ipse

162 2094 195 2154 in
216 2093 327 2174 gradu,
350 2093 461 2174 reliqui
483 2094 516 2155 in
538 2094 650 2174 plano;
672 2099 748 2157 tunc
770 2095 958 2175 subsequens
980 2095 1057 2160 alios
1079 2095 1186 2158 “vadit
1207 2093 1248 2157 ad

157 2187 318 2268 pulpitum
336 2192 367 2250 et
385 2187 475 2269 ponit
491 2208 584 2268 super
600 2210 636 2252 eo
653 2187 769 2250 librum
780 2188 808 2263 ;’'
825 2208 932 2251 omnes
948 2194 1034 2252 stant
1052 2193 1088 2251 ut
1106 2209 1200 2271 supra
1217 2207 1249 2249 n.

158 2283 228 2356 204,
247 2284 276 2343 3.

203 2373 231 2434 3.
255 2370 413 2434 Diaconos
437 2372 554 2435 librum
578 2373 719 2436 incensat
743 2377 779 2435 ut
804 2373 843 2435 ad
868 2373 1087 2455 Evangelium.
1132 2373 1248 2436 Omnes

160 2469 295 2545 surgunt
322 2469 353 2528 et
380 2465 547 2528 Celebrans
574 2486 605 2530 se
633 2466 787 2529 convertit
814 2467 871 2530 “ut
898 2466 935 2530 fit
961 2466 1001 2528 ad
1029 2466 1246 2547 Evangelium.

160 2557 317 2620 Diaconus
335 2565 441 2621 cantat
457 2559 635 2630 Ercoltetss’
652 2559 817 2638 omniaque
834 2560 956 2639 perficit
973 2560 1060 2623 utin
1077 2558 1199 2622 Missali
1215 2563 1248 2623 et

158 2671 243 2713 num.
264 2652 460 2732 praecedenti
480 2655 632 2715 notatur.‘

202 2747 231 2806 4.
255 2743 418 2824 Completa
435 2745 649 2807 benedictione
668 2746 748 2809 cerci
768 2745 935 2820 Diaconus,
953 2745 1057 2808 clauso
1075 2744 1166 2821 libro,
1183 2765 1248 2808 una

159 2858 231 2898 cum
259 2837 466 2911 Subdiumno,
493 2839 546 2917 qui
573 2837 715 2917 acolytho
742 2838 875 2901 Crucem
900 2839 1111 2919 seponendum
1137 2839 1247 2913 tradit,

160 2930 246 2993 vadit
266 2931 304 2992 ad
326 2950 498 3005 scamnum,
519 2931 572 2992 ubi
594 2931 765 3011 “depositis
785 2930 864 2994 albis
885 2931 983 2995 sumit
1003 2931 1138 2995 violacea
1158 2951 1247 3012 para·

161 3022 296 3098 menta‚''
312 3024 330 3083 i.
347 3044 371 3085 e.
388 3024 596 3104 manipulum,
611 3023 724 3086 stolam
737 3028 768 3086 et
782 3024 941 3104 planetam
955 3024 1112 3106 plicatam.
1143 3022 1246 3087 Simul

162 3116 327 3179 Celebrans
349 3137 404 3198 per
425 3118 507 3180 latus
529 3116 689 3180 descendit
711 3122 742 3180 et
764 3117 911 3179 “exuitur
932 3118 1075 3197 pluviali,
1096 3122 1128 3181 et
1149 3118 1247 3179 sumit

161 3210 357 3291 manipulum
383 3216 413 3272 ct
437 3210 574 3271 casulam
600 3210 727 3272 violacei
752 3208 894 3272 coloris.’'
948 3209 1112 3290 Adjuvant
1138 3209 1247 3274 Caere·

161 3304 333 3365 moniarius
347 3309 378 3366 et
392 3304 537 3382 acolythi.

607 3546 720 3616 ART.
750 3545 794 3616 V.

544 3732 593 3781 DE
616 3731 852 3782 PROPHETIIS.

361 3904 398 3965 A.
430 3904 475 3965 De
494 3903 670 3965 Functioue
690 3903 806 3980 absque
827 3920 850 3963 s.
871 3902 1038 3965 Ministris.

200 4043 269 4107 206.
293 4043 481 4107 “Celebrans
505 4046 632 4122 paratus
656 4046 692 4104 ut
716 4062 810 4121 supra
840 4041 982 4122 (planeta
1006 4043 1140 4108 violacea
1163 4045 1239 4123 etc.)

158 4137 413 4219 praecedentibus
433 4136 553 4200 clericis
574 4134 714 4216 procedit
733 4134 772 4197 ad
793 4134 911 4199 Altare.
957 4136 1052 4199 Facta
1072 4139 1244 4200 reverentia

159 4233 250 4294 (lruci
270 4231 410 4293 ascendit
426 4230 465 4291 ad
485 4229 602 4302 Altero,
620 4227 779 4290 osculatur
796 4228 876 4291 illud
895 4229 927 4291 in
946 4229 1058 4304 medio,
1076 4235 1108 4293 et
1125 4230 1243 4294 accedit

190 4371 297 4423 ⁸Caer.
313 4370 364 4436 Ep.
380 4367 421 4433 11,
436 4369 477 4421 27.
493 4369 517 4419 9.
726 4367 922 4431 celebrantem,
965 4374 1027 4436 post
1070 4373 1243 4436 praeconium

190 4450 344 4500 ‘Durante
370 4448 514 4514 praeconio
537 4462 602 4497 crux
627 4446 672 4496 Ce-
726 4447 863 4511 populum.
908 4447 941 4497 D.
971 4450 993 4498 l.
1019 4448 1085 4499 Feb.
1115 4449 1190 4513 1907,
1216 4465 1242 4501 n.

154 4528 193 4578 rei
236 4528 377 4577 Paschalis
419 4526 498 4575 debet
540 4524 672 4589 respicere
726 4525 802 4575 4198.
818 4525 843 4575 7.
858 4526 884 4576 8.
