2804 4890
161 623 223 684 420
430 632 484 686 DE
504 632 696 688 VESPERIS
719 634 987 690 SOLEMNIBUS.

160 806 192 863 et
204 801 235 862 d·
245 818 356 882 ponere
369 802 459 865 debet
474 803 691 865 Ostensorium
704 823 775 864 cum
789 804 994 868 Sanctissimo
1008 801 1253 867 Sacramento.'’⁸

202 893 218 954 I
241 915 246 939 ¹
260 895 322 956 fine
339 914 445 957 omnes
461 894 594 957 redeunt
611 895 659 956 uti
678 898 836 957 venerant.

105 1092 109 1100 ·
157 1171 169 1234 l
200 1075 321 1140 Laudes
340 1079 492 1140 solemnes
510 1080 617 1142 eodem
637 1080 729 1144 modo
748 1080 945 1143 celebrantur
961 1081 1012 1143 uti
1032 1081 1187 1160 Vesperae
1206 1100 1253 1142 so

170 1191 284 1235 emnes.

596 1408 712 1479 ART.
737 1409 806 1481 IX

191 1625 241 1675 DE
264 1625 449 1677 VESPERIS
471 1626 726 1755 SOLEMngJSS
738 1627 865 1678 OORAM
890 1625 938 1679 SS.
963 1627 1215 1681 snanMnN'ro

603 1706 626 1755 E
681 1706 704 1757 0
727 1706 800 1757 Iro.

199 1881 270 1946 266.
295 1882 330 1944 Si
352 1883 409 1946 SS.
433 1884 672 1946 Sacramentum
692 1887 765 1948 ante
786 1885 939 1964 Vesperas
960 1885 1002 1947 sit
1022 1883 1251 1964 exponendum,

163 1974 266 2055 (infra
289 1977 439 2038 Octavam
462 1976 609 2054 Corporis
632 1975 768 2056 Christi)
796 1977 836 2038 ad
858 1975 968 2040 Altare
990 1977 1083 2041 modo
1104 1979 1251 2038 consueto

158 2067 327 2145 acceditur,
353 2069 407 2130 sed
432 2068 586 2144 convenit,
611 2072 648 2130 ut
674 2068 832 2148 acolythos
857 2074 1029 2149 sequantur
1053 2068 1165 2133 saltem
1189 2068 1251 2130 duo

158 2161 294 2225 ferentes
313 2159 447 2237 funalia,
466 2161 518 2242 qni
537 2167 610 2224 ante
626 2160 737 2224 Altare
756 2165 840 2226 retro
858 2166 929 2242 post
945 2161 1136 2223 Assistentcs
1155 2180 1251 2242 genu·

158 2251 299 2316 flectunt.

201 2348 229 2407 2.
253 2346 419 2408 Celebrans
442 2345 589 2409 induitur
611 2347 730 2409 amictu
753 2351 784 2410 et
807 2345 888 2411 stola
911 2366 1005 2428 super
1028 2345 1251 2427 superpelliceo

163 2437 206 2520 [si
223 2442 296 2502 ante
315 2440 469 2519 Vesperas
488 2439 543 2502 fiat
562 2437 714 2518 expositio
733 2443 765 2502 et
785 2439 960 2502 benedictio
981 2440 1161 2503 immediate
1182 2440 1251 2501 illas

158 2531 338 2612 sequatur]¹
359 2536 391 2594 et
410 2531 560 2611 pluviali;
580 2531 607 2591 si
628 2532 709 2593 alius
730 2531 880 2595 Sacerdos
900 2533 1029 2606 assistit,
1049 2533 1161 2594 stolam
1182 2537 1250 2594 tan-

159 2629 228 2687 tum
241 2625 275 2685 in
286 2623 402 2686 actuali
415 2623 592 2686 ministerio
606 2622 809 2703 expositionis
823 2623 959 2686 adhibet.
996 2626 1053 2686 SS.
1070 2626 1250 2687 Sacramen-

157 2719 228 2779 tum
246 2716 338 2780 modo
357 2720 504 2779 consueto
523 2717 557 2777 in
576 2717 688 2779 throno
705 2715 885 2792 collocatur,
904 2720 935 2778 et
954 2739 972 2779 a
990 2717 1183 2792 Celebrante,
1203 2716 1249 2776 in-

157 2829 248 2872 censo
267 2811 334 2872 sine
352 2808 567 2871 benedictione
585 2811 617 2871 et
635 2806 749 2870 osculis
769 2808 927 2887 imposito,
946 2809 1066 2889 triplici
1085 2808 1183 2870 ductu
1204 2808 1250 2868 in-

158 2904 311 2965 censetur.

199 2997 227 3056 3.
252 2992 373 3056 Deinde
387 2993 539 3056 recitatur
551 2992 650 3074 Aperi
662 2993 807 3066 Domina,
821 2998 853 3056 et
866 2994 1043 3070 Celebrans,
1057 2997 1141 3058 facta
1154 3014 1249 3074 genn·

158 3085 290 3150 flexione
308 3085 402 3149 unico
420 3087 517 3165 genu²
535 3104 627 3165 super
647 3085 793 3147 infimum
813 3085 946 3165 gradum
966 3087 1033 3149 sine
1052 3085 1136 3162 incl,
1156 3083 1248 3149 simul

157 3198 228 3241 cum
247 3177 475 3240 desistentibus
493 3178 532 3238 ad
551 3197 712 3240 scamnum
731 3178 859 3240 accedit.
901 3178 1046 3257 Acolythi
1068 3178 1250 3258 relinquunt

157 3270 341 3334 candelabra
360 3291 416 3332 sua
435 3290 563 3332 accensa
579 3270 655 3332 hinc
672 3270 745 3332 inde
766 3271 849 3350 apud
869 3269 997 3347 Altare3
1016 3269 1250 3346 thuriferarius,

156 3369 188 3428 et
214 3363 350 3427 ferentes
375 3362 497 3426 funalia
525 3363 557 3423 in
585 3363 759 3423 sacristiam
787 3361 1021 3439 ingrediuntur,
1045 3368 1152 3444 postea
1178 3385 1249 3426 cum

158 3455 270 3519 iisdem
293 3456 428 3518 accensis
450 3455 487 3516 ad
512 3452 760 3516 benedictionem
785 3455 842 3517 SS.
867 3455 1062 3519 Sacramenti
1086 3456 1249 3519 reversuri.

199 3553 227 3611 4.
252 3548 286 3611 Si
309 3554 381 3611 ante
404 3549 557 3627 Vesperas
580 3546 637 3609 SS.
661 3546 899 3609 Sacramentum
921 3549 986 3624 jam
1011 3549 1110 3611 fuerit
1131 3550 1249 3629 exposi-

157 3647 236 3718 tum,
257 3640 409 3705 accedunt
430 3640 543 3720 absque
567 3639 727 3701 thuribulo
748 3645 780 3703 et
802 3639 987 3717 intortitiis;
1011 3645 1043 3705 et
1063 3643 1251 3722 simulatque

159 3738 408 3816 inconspectum
428 3735 484 3796 SS.
504 3733 696 3795 Sacramenti
716 3731 911 3809 advenerint,
929 3742 1023 3814 caput
1042 3736 1201 3815 detegunt.
1220 3738 1250 3796 et

156 3829 189 3890 in
206 3829 300 3909 plano
316 3832 389 3892 ante
407 3825 517 3889 Altare
532 3829 700 3905 utrumque
718 3823 935 3903 genuflectunt
950 3845 985 3889 ac
1001 3827 1201 3891 mediocriter
1218 3848 1250 3890 se

157 3921 321 3984 inclinant.
376 3920 479 3997 (Quae
508 3917 632 3999 quidem
663 3916 839 3994 nonirflexio
868 3939 939 3979 enm
970 3920 1173 3982 inclinatione
1203 3921 1248 3981 fa-

189 4076 341 4128 aureas.
363 4077 385 4126 1.
728 4074 837 4139 qnando
863 4075 899 4126 ad
926 4076 1014 4128 altare
1041 4079 1173 4130 accedunt
1201 4094 1251 4144 pro

190 4153 245 4202 11).
266 4151 342 4202 3593.
362 4152 386 4201 2.
731 4149 861 4201 incensat.
886 4151 957 4202 inter
977 4156 1049 4203 rant.
1091 4154 1251 4215 Manaifical

186 4228 341 4281 ²“Celebn
356 4232 384 4279 et
399 4227 580 4278 Pluvialistae
593 4227 673 4276 unico
729 4228 757 4276 et
777 4227 885 4290 qiiamlo
904 4231 966 4292 post
987 4228 1196 4279 incensationem
1217 4232 1251 4281 aul

155 4320 225 4368 genn
269 4319 351 4369 stipor
395 4303 514 4351 intimam
561 4302 673 4361 gradano
728 4316 866 4353 scaninnm
886 4305 1098 4355 revertrrntnr.’'
1126 4305 1251 4361 Scholion.

156 4380 263 4442 nenati,
289 4381 396 4445 qnando
424 4380 502 4429 initio
526 4378 612 4427 Officii
640 4377 675 4427 ab
729 4379 746 4429 1,
760 4395 782 4431 (ι,
798 4379 865 4445 Pag,
881 4380 1036 4432 :fia-cfr,
1051 4380 1085 4433 D,
1101 4383 1177 4433 2682,
1193 4385 1234 4434 49,

155 4457 238 4508 altari
273 4457 308 4507 ad
343 4470 480 4507 scamnum
517 4455 674 4514 aliscedunl,
