2804 4890
198 678 252 733 DE
273 677 530 734 VlSlTATIONE
554 677 604 730 ET
627 677 732 731 CURA
756 676 1028 743 INFIRMORUM,
1053 677 1138 733 ETO.
1162 668 1225 731 495

174 847 330 908 “Interim
350 847 443 909 detur
462 846 633 927 campana'’
655 846 811 911 Ecclesiae
832 848 978 927 “signum
999 846 1152 910 transitus
1173 845 1224 906 de

134 942 237 1003 iuncti
263 961 319 1021 pro
345 940 405 1004 loci
430 939 665 1016 consuetudine,
691 944 728 1002 ut
752 939 914 1002 audientes
940 959 997 1020 pro
1022 941 1092 1019 ejus
1118 938 1224 1000 anima

134 1034 235 1096 Deum
260 1031 457 1113 precentur.''

196 1217 267 1281 304.
290 1217 433 1282 “Deinde
458 1238 571 1299 corpus
594 1219 633 1281 de
658 1237 743 1281 more
766 1216 986 1298 compositum,
1011 1218 1078 1281 loco
1103 1216 1225 1281 decenti

134 1332 206 1374 cum
235 1309 355 1375 lumine
383 1311 567 1374 collocetur:
594 1331 629 1373 ac
658 1330 753 1391 parva
782 1330 858 1373 crux
886 1330 979 1392 super
1007 1314 1115 1392 pactus
1144 1310 1227 1371 inter

134 1425 247 1467 manus
263 1404 407 1467 defuncti
424 1407 570 1485 ponatur,
587 1409 643 1468 aut
660 1422 772 1466 manus
790 1404 824 1465 in
840 1403 969 1466 modum
988 1404 1090 1465 crucis
1105 1421 1226 1481 compo

136 1501 264 1574 nantur,
288 1497 508 1577 interdumque
530 1499 714 1576 aspergatur
737 1516 816 1577 aqua
839 1496 1012 1571 benedicta,
1034 1500 1067 1558 et
1089 1495 1229 1570 interim,

137 1591 233 1653 donec
254 1589 412 1665 efferatur,
433 1590 487 1670 qui
506 1589 632 1665 adsunt,
652 1588 787 1652 orabunt
807 1608 863 1669 pro
882 1586 1063 1651 defuncto.''

179 1681 351 1744 “Sacerdos
367 1686 422 1744 aut
438 1681 578 1760 cujusvis
595 1681 725 1743 Ordinis
742 1679 882 1743 Clericus
898 1680 1077 1757 defunctus,
1094 1679 1230 1743 vestibus

137 1776 202 1837 suis
221 1774 414 1856 quotidianis
432 1771 650 1835 communibus
669 1793 765 1853 usque
784 1772 824 1835 ad
843 1774 976 1836 talarem
995 1777 1110 1836 vestem
1130 1770 1229 1835 inclu-

138 1869 211 1941 sive,
228 1873 296 1929 tum
314 1867 447 1946 desuper
463 1887 549 1930 sacro
565 1867 679 1928 uestitu
698 1865 892 1943 sacerdotali,
911 1867 957 1928 vel
974 1864 1121 1941 clericali,
1137 1884 1229 1946 quem

141 1959 269 2021 Ordinis
292 1960 341 2020 sui
364 1959 445 2021 ratio
468 1959 617 2039 deposcit,
640 1957 730 2020 indui
752 1957 873 2020 debet.''

183 2051 319 2113 Proinde
337 2049 499 2112 “sacerdos
516 2051 644 2125 amictu,
662 2049 741 2124 alba,
759 2050 896 2130 cingulo,
913 2051 1085 2131 manipulo,
1103 2050 1182 2113 stola
1199 2053 1230 2112 et

139 2145 243 2206 casula
264 2142 399 2206 violacea
421 2143 463 2204 sit
485 2141 616 2203 indutus
625 2140 668 2216 ;’'⁸
690 2142 840 2204 diaconus
862 2162 934 2204 cum
955 2141 1035 2204 stola
1056 2148 1231 2206 transversa

141 2258 176 2299 ac
194 2236 362 2297 dalmatica
380 2235 531 2310 violacea,
549 2233 756 2295 subdiaconus
773 2255 844 2296 cum
863 2234 1021 2296 tunicella.
1062 2234 1232 2298 Inferiores

142 2328 265 2391 “clerici
292 2325 515 2407 superpelliceo
539 2346 634 2406 supra
659 2328 774 2389 vestem
800 2325 932 2391 talarem
956 2327 1063 2390 ornari
1087 2325 1231 2391 debent.''

143 2418 292 2500 “Singuli
315 2438 387 2482 cum
415 2465 423 2480 .
457 2464 465 2480 .
499 2465 506 2480 .
531 2416 639 2481 biretis
663 2416 759 2480 suis.''

184 2604 254 2668 305.
277 2605 467 2685 “Pauperes,
491 2603 603 2684 quibus
626 2603 759 2667 mortuis
782 2603 874 2680 nibil,
898 2611 953 2669 aut
978 2604 1023 2668 ita
1047 2625 1159 2686 parum
1183 2625 1233 2668 su·

144 2702 255 2779 peresi,
290 2702 327 2759 ut
361 2695 497 2778 propriis
530 2696 679 2776 impensis
714 2696 839 2759 humari
873 2718 935 2759 non
970 2697 1100 2778 possint,
1134 2699 1233 2780 gratis

143 2793 271 2855 omnino
292 2790 501 2871 sepeliantur3
520 2810 555 2851 ac
575 2788 680 2852 debita
701 2790 823 2852 lumina
843 2791 908 2852 suis
929 2791 1088 2871 impensis,
1109 2791 1134 2853 si
1155 2811 1234 2870 opus

143 2886 251 2957 fuerit,
272 2883 442 2946 adhibeant
464 2880 655 2956 Sacerdotes,
674 2881 713 2944 ad
734 2902 810 2962 quos
830 2881 973 2946 defuncti
993 2904 1068 2946 cura
1087 2882 1233 2964 pertinet,

144 2978 189 3041 rel
211 2977 315 3058 aliqua
335 2976 388 3056 pia
407 2973 682 3037 confraternitas.''

186 3071 308 3132 “Nemo
323 3068 514 3130 christianus
528 3067 560 3128 in
574 3067 793 3130 communione
808 3067 947 3130 fidelium
964 3068 1133 3134 defunctus
1146 3074 1234 3133 extra

146 3161 315 3224 Ecclesiam
340 3165 395 3224 aut
419 3159 647 3222 coemeterium
672 3160 732 3222 rite
756 3159 952 3222 benedictum
977 3161 1100 3242 sepeliri
1125 3163 1233 3240 debet3

146 3254 197 3315 scd
217 3255 243 3315 si
263 3255 427 3318 necessitas
446 3257 535 3331 cogat
555 3251 723 3332 aliquando
742 3253 780 3314 acl
800 3259 924 3332 tempus
942 3254 1033 3316 aliter
1052 3256 1129 3321 fieri.
1147 3277 1232 3320 cure

146 3351 208 3413 tur.
231 3353 268 3411 ut
288 3366 399 3426 corpus
421 3346 454 3408 in
477 3344 581 3407 locum
605 3365 724 3406 sacrum
750 3346 982 3424 quamprimum
1006 3347 1232 3423 transferatur;

145 3444 175 3500 et
196 3439 321 3500 inierim
340 3459 461 3518 semper
479 3458 554 3498 crux
574 3435 670 3516 rapiti
694 3436 779 3498 illius
799 3439 912 3516 apponi
933 3437 1033 3513 debet,
1053 3440 1090 3501 ad
1112 3440 1231 3519 signifi·

147 3531 282 3593 candum
306 3529 394 3591 illum
418 3530 451 3591 in
475 3530 601 3592 Christo
623 3528 805 3610 quievisse.''

184 3715 378 3767 ⁸C0nsustudo
407 3713 527 3780 ponendi
555 3711 666 3765 calicem
713 3718 779 3781 pota
806 3716 968 3782 antiquitati
995 3716 1152 3772 conformis
1197 3719 1231 3773 D.

144 3811 202 3845 eum
236 3796 338 3859 patena
371 3791 400 3842 in
432 3789 589 3844 Sacerdotis
621 3792 664 3845 de·
713 3791 791 3844 2915.
808 3791 834 3845 il.

146 3869 235 3923 uincti
255 3867 381 3921 manibus
399 3867 544 3921 toleranda
561 3870 604 3921 est
621 3868 665 3920 nt·
