2804 4890
184 644 246 712 380
370 653 425 713 na
447 653 571 712 florus
595 654 810 712 oanourors
834 653 1088 713 anorrmms.

227 830 255 891 ¹7.
299 830 410 894 Preces

232 921 283 1002 (a)
310 921 464 986 breviores
486 923 521 984 in
545 922 645 984 Feriis
667 941 723 1003 per
744 921 892 997 Annum;

230 1014 283 1094 (b)
310 1012 466 1094 longiores
495 1015 530 1076 in
560 1014 629 1075 Fer.
660 1013 834 1092 majoribus
863 1016 894 1075 et
925 1010 1056 1092 Vigiliis
1085 1008 1277 1074 eommunib.

182 1105 272 1170 flexis
287 1107 427 1189 genibus.

226 1205 254 1264 8.
298 1199 454 1263 Dominus
477 1201 646 1263 vobiscum.
695 1200 836 1263 Oramus.
885 1199 995 1264 Oratio
1018 1197 1154 1262 Domina
1176 1197 1274 1261 Deus.

183 1291 294 1358 Ostera
308 1297 348 1358 ut
363 1294 398 1355 in
415 1291 592 1355 Ordinatio.

515 1451 663 1516 enarra,
678 1450 811 1516 saxon,
827 1450 940 1501 noua

225 1584 254 1648 1.
298 1584 402 1649 Pater.
423 1585 496 1650 Ave.
538 1582 623 1646 Deua
643 1583 677 1646 in
697 1581 904 1663 adjutorium.

225 1680 253 1740 2.
298 1675 445 1758 Hymnus
472 1681 508 1740 ut
535 1677 568 1738 in
594 1676 772 1740 Ordinatio.

218 1771 247 1834 3.
291 1769 475 1850 Antiphone

229 1863 281 1943 (a)
308 1862 343 1924 in
364 1862 464 1924 Feriis
485 1882 540 1942 per
561 1862 691 1923 Annum
711 1862 750 1925 de
770 1860 941 1939 Psalteri03

228 1955 282 2035 (b)
309 1954 343 2016 in
368 1955 437 2017 Fer.
461 1954 644 2035 majoribus.

228 2047 281 2127 (1)
309 2046 473 2118 Adventus
498 2068 535 2108 ox
561 2047 671 2128 Propr.
698 2047 737 2112 de
762 2049 871 2129 Temp.
897 2048 936 2111 de
959 2047 1059 2111 Laud.
1086 2046 1273 2113 Dominioae

180 2138 411 2222 praecedentis3
428 2160 447 2201 a
464 2139 516 2203 die
536 2142 584 2201 17.
605 2138 678 2202 Dec.
695 2159 733 2202 ex
752 2137 852 2202 Laud.
874 2140 991 2202 Feriae.

227 2235 281 2315 (2)
309 2233 464 2314 Quadrag.
495 2239 526 2296 et
556 2233 715 2295 Passionis
743 2232 782 2295 de
813 2232 991 2296 Ordinario.

220 2330 250 2389 4.
274 2325 393 2389 Psalmi
410 2326 449 2389 de
468 2326 559 2388 Feria
578 2324 728 2387 currenti.

220 2418 405 2501 Antiphone
423 2420 545 2498 integra
561 2418 688 2480 dieitur.

223 2517 250 2575 5.
295 2513 478 2595 Capitulum
505 2517 536 2574 et
564 2512 653 2591 Resp.
681 2512 769 2574 breve
795 2512 832 2576 de
859 2511 1036 2574 Ordinatio.

221 2608 249 2666 6.
273 2604 384 2667 Preces
399 2603 523 2666 feriales
540 2602 690 2665 dicuntur
707 2604 739 2663 in
758 2603 858 2664 Feriis
875 2605 950 2682 maj.
966 2609 998 2666 et
1014 2601 1143 2683 Vigiliis
1159 2623 1273 2666 comm.

179 2696 268 2761 flexis
287 2696 426 2778 genibus.

222 2794 249 2853 ⁹7.
272 2789 428 2852 Dominus
447 2788 614 2852 nobiscnm.
659 2788 801 2851 Oramus.
845 2787 963 2852 Oratio.

221 2881 331 2946 Cetera
346 2883 430 2945 utin
450 2882 559 2945 Fastis.

619 3038 824 3090 VESPBRAE.

216 3166 244 3229 1.
289 3165 392 3227 Pater.
417 3165 491 3227 Ave.
516 3163 600 3226 Deua
624 3164 655 3226 ia
682 3163 888 3244 adjutoriam.

221 3260 249 3320 2.
294 3257 494 3336 Antipbonae
513 3279 582 3318 oum
605 3258 738 3319 Psalmis
757 3258 796 3320 de
815 3258 905 3322 Feria
923 3259 1072 3322 currenti.

215 3353 244 3414 3.
289 3349 482 3430 Capitulum,
511 3350 658 3428 Hymnus
684 3360 713 3416 ot
741 3350 857 3412 Versus

225 3442 276 3521 (o)
304 3442 337 3503 in
358 3442 457 3504 Feriis
476 3442 650 3504 minoribus
667 3462 730 3504 oxe.
749 3442 858 3523 Ternp.
880 3443 1021 3506 Pasebali
1041 3444 1080 3506 de
1099 3442 1274 3521 Psalterio;

226 3536 278 3617 (b)
307 3537 339 3598 in
363 3536 463 3599 Feriis
485 3536 657 3612 majoribus
676 3541 705 3597 et
729 3537 838 3617 Tornp.
863 3536 1006 3599 Pasebali
1028 3537 1066 3601 de
1089 3537 1270 3602 Ordinatio.

214 3633 243 3691 4.
287 3629 470 3709 Antiphona
492 3629 529 3690 ad
553 3627 737 3707 dispoliant

225 3723 277 3801 (a)
305 3723 339 3784 in
362 3722 462 3783 Feriis
486 3722 562 3783 min.
586 3722 722 3801 exeeptis
745 3721 947 3785 hebdomadis
972 3724 1132 3805 Septnng„
1157 3723 1271 3807 Sexag.

179 3812 356 3894 Quinquag.
373 3817 403 3877 ot
421 3814 530 3894 Temp.
549 3811 693 3875 Pasobali
709 3813 746 3876 do
765 3813 918 3875 Psalterio
927 3836 936 3890 3

226 3909 278 3986 (b)
306 3909 340 3969 in
367 3906 467 3969 Feriis
493 3908 665 3983 majoribus
691 3912 722 3970 et
746 3906 949 3971 hebdomadis
976 3909 1073 3990 Sept,
1101 3911 1212 3992 Sexag.
1240 3918 1273 3976 et

180 3999 357 4081 Quinquag.
379 4004 410 4064 et
431 4001 540 4080 Temp.
565 4002 706 4063 Posobali
729 4022 766 4063 ax
789 4002 921 4081 Proprio
943 4002 981 4064 de
1002 4002 1165 4084 Tempore.

222 4092 415 4173 Magaifieot.
466 4093 649 4174 antiphona
676 4096 797 4172 integra
822 4095 947 4156 dieitur.

222 4190 249 4246 5.
274 4185 384 4247 Preces
405 4184 556 4247 dicuntur
577 4185 608 4246 in
631 4185 730 4247 Feriis
751 4186 825 4263 maj.
848 4192 879 4249 et
899 4184 1028 4266 Vigiliis
1050 4207 1161 4249 comm.
1184 4185 1276 4250 flexis

178 4278 319 4359 genibus.

223 4375 250 4434 6.
295 4370 450 4434 Donamus
474 4371 640 4435 nobiseum.
687 4373 827 4435 Oramus.
876 4374 984 4435 Oratio
1007 4375 1080 4437 diei.

223 4468 250 4529 ¹7.
295 4464 613 4528 Commemorabimus
637 4467 660 4525 si
688 4468 845 4528 iririomiae
869 4468 941 4532 sint.
