<?xml version="1.0" encoding="UTF-8"?>
<!DOCTYPE html PUBLIC "-//W3C//DTD XHTML 1.0 Transitional//EN"
    "http://www.w3.org/TR/xhtml1/DTD/xhtml1-transitional.dtd">
<html xmlns="http://www.w3.org/1999/xhtml" xml:lang="en" lang="en">
 <head>
  <title>
</title>
<meta http-equiv="Content-Type" content="text/html;charset=utf-8" />
  <meta name='ocr-system' content='tesseract 3.04.00' />
  <meta name='ocr-capabilities' content='ocr_page ocr_carea ocr_par ocr_line ocrx_word'/>
</head>
<body>
  <div class='ocr_page' id='page_1' title='image "./compendiumsacra00wapegoog_0333.png"; bbox 0 0 2804 4890; ppageno 0'>
   <div class='ocr_carea' id='block_1_1' title="bbox 174 686 1019 760">
    <p class='ocr_par' dir='ltr' id='par_1_1' title="bbox 174 686 1019 760">
     <span class='ocr_line' id='line_1_1' title="bbox 174 686 1019 760; baseline 0.013 -11"><span class='ocrx_word' id='word_1_1' title='bbox 174 686 236 750; x_wconf 82' lang='lat'>316</span> <span class='ocrx_word' id='word_1_2' title='bbox 417 695 471 754; x_wconf 79' lang='lat' dir='ltr'>DE</span> <span class='ocrx_word' id='word_1_3' title='bbox 492 695 612 754; x_wconf 76' lang='lat' dir='ltr'>rama</span> <span class='ocrx_word' id='word_1_4' title='bbox 632 696 684 756; x_wconf 90' lang='lat' dir='ltr'>VI.</span> <span class='ocrx_word' id='word_1_5' title='bbox 710 697 751 754; x_wconf 88' lang='lat' dir='ltr'>IN</span> <span class='ocrx_word' id='word_1_6' title='bbox 776 698 1019 760; x_wconf 79' lang='lat' dir='ltr'>PARASCEVE.</span> 
     </span>
    </p>
   </div>
   <div class='ocr_carea' id='block_1_2' title="bbox 628 1127 812 1199">
    <p class='ocr_par' dir='ltr' id='par_1_2' title="bbox 628 1127 812 1199">
     <span class='ocr_line' id='line_1_2' title="bbox 628 1127 812 1199; baseline 0.011 -2"><span class='ocrx_word' id='word_1_7' title='bbox 628 1127 742 1198; x_wconf 89' lang='lat' dir='ltr'><strong>ART.</strong></span> <span class='ocrx_word' id='word_1_8' title='bbox 768 1127 812 1199; x_wconf 87' lang='lat' dir='ltr'>V.</span> 
     </span>
    </p>
   </div>
   <div class='ocr_carea' id='block_1_3' title="bbox 229 1309 1209 1458">
    <p class='ocr_par' dir='ltr' id='par_1_3' title="bbox 229 1309 1209 1458">
     <span class='ocr_line' id='line_1_3' title="bbox 229 1309 1209 1366; baseline 0.006 -6"><span class='ocrx_word' id='word_1_9' title='bbox 229 1309 280 1360; x_wconf 73' lang='lat' dir='ltr'>Da</span> <span class='ocrx_word' id='word_1_10' title='bbox 302 1309 556 1361; x_wconf 80' lang='lat' dir='ltr'>PROGESSIONE</span> <span class='ocrx_word' id='word_1_11' title='bbox 579 1311 631 1361; x_wconf 76' lang='lat' dir='ltr'>AD</span> <span class='ocrx_word' id='word_1_12' title='bbox 653 1310 852 1363; x_wconf 77' lang='lat' dir='ltr'>SACELLUM</span> <span class='ocrx_word' id='word_1_13' title='bbox 874 1314 921 1363; x_wconf 90' lang='grc' dir='ltr'>ΕΤ</span> <span class='ocrx_word' id='word_1_14' title='bbox 944 1314 1135 1366; x_wconf 86' lang='lat' dir='ltr'>REGRESSU</span> <span class='ocrx_word' id='word_1_15' title='bbox 1158 1317 1209 1366; x_wconf 82' lang='lat' dir='ltr'>AD</span> 
     </span>
     <span class='ocr_line' id='line_1_4' title="bbox 422 1403 1016 1458; baseline 0.007 -5"><span class='ocrx_word' id='word_1_16' title='bbox 422 1404 569 1454; x_wconf 80' lang='lat' dir='ltr'>AL&#39;PARE</span> <span class='ocrx_word' id='word_1_17' title='bbox 590 1403 668 1454; x_wconf 82' lang='lat' dir='ltr'>CUM</span> <span class='ocrx_word' id='word_1_18' title='bbox 689 1403 736 1455; x_wconf 87' lang='lat' dir='ltr'>SS.</span> <span class='ocrx_word' id='word_1_19' title='bbox 757 1405 1016 1458; x_wconf 78' lang='lat' dir='ltr'>SAORAMENTO.</span> 
     </span>
    </p>
   </div>
   <div class='ocr_carea' id='block_1_4' title="bbox 407 1573 1029 1653">
    <p class='ocr_par' dir='ltr' id='par_1_4' title="bbox 407 1573 1029 1653">
     <span class='ocr_line' id='line_1_5' title="bbox 407 1573 1029 1653; baseline 0.006 -18"><span class='ocrx_word' id='word_1_20' title='bbox 407 1574 444 1635; x_wconf 78' lang='lat' dir='ltr'>A.</span> <span class='ocrx_word' id='word_1_21' title='bbox 475 1573 520 1636; x_wconf 83' lang='lat' dir='ltr'>De</span> <span class='ocrx_word' id='word_1_22' title='bbox 545 1573 649 1635; x_wconf 83' lang='lat' dir='ltr'>Officio</span> <span class='ocrx_word' id='word_1_23' title='bbox 673 1574 790 1653; x_wconf 83' lang='lat' dir='ltr'>absque</span> <span class='ocrx_word' id='word_1_24' title='bbox 814 1593 837 1636; x_wconf 78' lang='lat' dir='ltr'>a.</span> <span class='ocrx_word' id='word_1_25' title='bbox 862 1575 1029 1639; x_wconf 76' lang='lat' dir='ltr'>Ministris.</span> 
     </span>
    </p>
   </div>
   <div class='ocr_carea' id='block_1_5' title="bbox 170 1730 1263 3760">
    <p class='ocr_par' dir='ltr' id='par_1_5' title="bbox 172 1730 1263 2447">
     <span class='ocr_line' id='line_1_6' title="bbox 218 1730 1263 1817; baseline 0.005 -23"><span class='ocrx_word' id='word_1_26' title='bbox 218 1730 287 1795; x_wconf 72' lang='lat'>196.</span> <span class='ocrx_word' id='word_1_27' title='bbox 323 1732 509 1796; x_wconf 85' lang='lat' dir='ltr'>“Celebrans</span> <span class='ocrx_word' id='word_1_28' title='bbox 524 1739 611 1797; x_wconf 87' lang='lat' dir='ltr'>stans</span> <span class='ocrx_word' id='word_1_29' title='bbox 627 1739 700 1797; x_wconf 90' lang='lat' dir='ltr'>ante</span> <span class='ocrx_word' id='word_1_30' title='bbox 715 1734 845 1798; x_wconf 83' lang='lat' dir='ltr'>Altare’&#39;</span> <span class='ocrx_word' id='word_1_31' title='bbox 861 1737 895 1796; x_wconf 92' lang='lat' dir='ltr'>in</span> <span class='ocrx_word' id='word_1_32' title='bbox 912 1735 1005 1817; x_wconf 89' lang='lat' dir='ltr'>plano</span> <span class='ocrx_word' id='word_1_33' title='bbox 1022 1738 1178 1816; x_wconf 85' lang='lat' dir='ltr'>“imponit</span> <span class='ocrx_word' id='word_1_34' title='bbox 1194 1738 1263 1800; x_wconf 90' lang='lat' dir='ltr'>sine</span> 
     </span>
     <span class='ocr_line' id='line_1_7' title="bbox 176 1825 1263 1908; baseline 0.002 -20"><span class='ocrx_word' id='word_1_35' title='bbox 176 1825 390 1889; x_wconf 88' lang='lat' dir='ltr'>benedictione</span> <span class='ocrx_word' id='word_1_36' title='bbox 404 1830 435 1889; x_wconf 86' lang='lat' dir='ltr'>et</span> <span class='ocrx_word' id='word_1_37' title='bbox 449 1828 517 1889; x_wconf 91' lang='lat' dir='ltr'>sine</span> <span class='ocrx_word' id='word_1_38' title='bbox 530 1826 643 1889; x_wconf 89' lang='lat' dir='ltr'>osculis</span> <span class='ocrx_word' id='word_1_39' title='bbox 658 1828 819 1889; x_wconf 90' lang='lat' dir='ltr'>incensum</span> <span class='ocrx_word' id='word_1_40' title='bbox 835 1828 868 1888; x_wconf 96' lang='lat' dir='ltr'>in</span> <span class='ocrx_word' id='word_1_41' title='bbox 883 1829 1066 1891; x_wconf 89' lang='lat' dir='ltr'>thuribulo.¹</span> <span class='ocrx_word' id='word_1_42' title='bbox 1103 1828 1263 1908; x_wconf 81' lang='lat' dir='ltr'>Dirigitur</span> 
     </span>
     <span class='ocr_line' id='line_1_8' title="bbox 175 1918 1263 2000; baseline 0.002 -20"><span class='ocrx_word' id='word_1_43' title='bbox 175 1918 356 1983; x_wconf 88' lang='lat' dir='ltr'>Processio”</span> <span class='ocrx_word' id='word_1_44' title='bbox 375 1919 532 2000; x_wconf 86' lang='lat' dir='ltr'>perviam</span> <span class='ocrx_word' id='word_1_45' title='bbox 552 1919 724 1984; x_wconf 87' lang='lat' dir='ltr'>breviorem</span> <span class='ocrx_word' id='word_1_46' title='bbox 744 1920 803 1982; x_wconf 90' lang='lat' dir='ltr'>“ad</span> <span class='ocrx_word' id='word_1_47' title='bbox 826 1920 991 1996; x_wconf 81' lang='lat' dir='ltr'><strong>Sacellum,</strong></span> <span class='ocrx_word' id='word_1_48' title='bbox 1011 1921 1065 1984; x_wconf 93' lang='lat' dir='ltr'>ubi</span> <span class='ocrx_word' id='word_1_49' title='bbox 1086 1928 1263 1984; x_wconf 80' lang='lat' dir='ltr'><strong>asservatur</strong></span> 
     </span>
     <span class='ocr_line' id='line_1_9' title="bbox 176 2011 1261 2095; baseline 0.003 -22"><span class='ocrx_word' id='word_1_50' title='bbox 176 2011 233 2074; x_wconf 90' lang='lat' dir='ltr'>SS.</span> <span class='ocrx_word' id='word_1_51' title='bbox 263 2011 511 2088; x_wconf 78' lang='lat' dir='ltr'>Sacramentum,</span> <span class='ocrx_word' id='word_1_52' title='bbox 536 2013 594 2075; x_wconf 88' lang='lat' dir='ltr'>hoe</span> <span class='ocrx_word' id='word_1_53' title='bbox 620 2013 747 2075; x_wconf 89' lang='lat' dir='ltr'>ordine:</span> <span class='ocrx_word' id='word_1_54' title='bbox 776 2013 810 2074; x_wconf 84' lang='lat'>1⁰</span> <span class='ocrx_word' id='word_1_55' title='bbox 841 2012 1001 2076; x_wconf 86' lang='lat' dir='ltr'>Vexillum</span> <span class='ocrx_word' id='word_1_56' title='bbox 1029 2015 1159 2076; x_wconf 81' lang='lat' dir='ltr'>viatici²</span> <span class='ocrx_word' id='word_1_57' title='bbox 1191 2014 1261 2095; x_wconf 83' lang='lat' dir='ltr'>[seu</span> 
     </span>
     <span class='ocr_line' id='line_1_10' title="bbox 175 2104 1261 2187; baseline 0.002 -21"><span class='ocrx_word' id='word_1_58' title='bbox 175 2104 493 2185; x_wconf 80' lang='lat' dir='ltr'>Confratemitatis];</span> <span class='ocrx_word' id='word_1_59' title='bbox 513 2107 550 2166; x_wconf 78' lang='lat'>2⁰</span> <span class='ocrx_word' id='word_1_60' title='bbox 572 2106 699 2169; x_wconf 88' lang='lat' dir='ltr'>Sodales</span> <span class='ocrx_word' id='word_1_61' title='bbox 717 2106 781 2170; x_wconf 88' lang='lat' dir='ltr'>sive</span> <span class='ocrx_word' id='word_1_62' title='bbox 799 2106 843 2187; x_wconf 89' lang='lat' dir='ltr'>pii</span> <span class='ocrx_word' id='word_1_63' title='bbox 864 2106 940 2181; x_wconf 85' lang='lat' dir='ltr'>viri3</span> <span class='ocrx_word' id='word_1_64' title='bbox 960 2107 996 2167; x_wconf 88' lang='lat'>3⁰</span> <span class='ocrx_word' id='word_1_65' title='bbox 1019 2108 1261 2181; x_wconf 82' lang='lat' dir='ltr'>tlnrrilcrarius3</span> 
     </span>
     <span class='ocr_line' id='line_1_11' title="bbox 174 2197 1258 2279; baseline 0.002 -21"><span class='ocrx_word' id='word_1_66' title='bbox 174 2198 210 2258; x_wconf 84' lang='lat'>4⁰</span> <span class='ocrx_word' id='word_1_67' title='bbox 231 2198 316 2260; x_wconf 81' lang='lat' dir='ltr'>Crux</span> <span class='ocrx_word' id='word_1_68' title='bbox 332 2197 567 2279; x_wconf 79' lang='lat' dir='ltr'>processionalis</span> <span class='ocrx_word' id='word_1_69' title='bbox 582 2198 751 2274; x_wconf 86' lang='lat' dir='ltr'>denudata,</span> <span class='ocrx_word' id='word_1_70' title='bbox 766 2207 798 2263; x_wconf 91' lang='lat' dir='ltr'>et</span> <span class='ocrx_word' id='word_1_71' title='bbox 813 2199 915 2262; x_wconf 89' lang='lat' dir='ltr'>delata</span> <span class='ocrx_word' id='word_1_72' title='bbox 930 2220 948 2261; x_wconf 87' lang='lat' dir='ltr'>a</span> <span class='ocrx_word' id='word_1_73' title='bbox 965 2201 1058 2262; x_wconf 89' lang='lat' dir='ltr'>tertio</span> <span class='ocrx_word' id='word_1_74' title='bbox 1074 2201 1203 2274; x_wconf 89' lang='lat' dir='ltr'>elorico;</span> <span class='ocrx_word' id='word_1_75' title='bbox 1221 2200 1258 2260; x_wconf 86' lang='lat'>5⁰</span> 
     </span>
     <span class='ocr_line' id='line_1_12' title="bbox 175 2290 1261 2372; baseline 0.001 -19"><span class='ocrx_word' id='word_1_76' title='bbox 175 2291 341 2355; x_wconf 88' lang='lat' dir='ltr'>Celebrans</span> <span class='ocrx_word' id='word_1_77' title='bbox 369 2312 440 2353; x_wconf 88' lang='lat' dir='ltr'>curn</span> <span class='ocrx_word' id='word_1_78' title='bbox 468 2290 604 2372; x_wconf 87' lang='lat' dir='ltr'>planeta,</span> <span class='ocrx_word' id='word_1_79' title='bbox 631 2290 746 2354; x_wconf 89' lang='lat' dir='ltr'>habens</span> <span class='ocrx_word' id='word_1_80' title='bbox 774 2295 846 2354; x_wconf 83' lang='lat' dir='ltr'>ante</span> <span class='ocrx_word' id='word_1_81' title='bbox 875 2291 978 2371; x_wconf 89' lang='lat' dir='ltr'>ipsum</span> <span class='ocrx_word' id='word_1_82' title='bbox 1006 2313 1023 2353; x_wconf 91' lang='lat' dir='ltr'>a</span> <span class='ocrx_word' id='word_1_83' title='bbox 1051 2293 1188 2354; x_wconf 82' lang='lat' dir='ltr'>sinistris</span> <span class='ocrx_word' id='word_1_84' title='bbox 1215 2312 1261 2354; x_wconf 92' lang='lat' dir='ltr'>se-</span> 
     </span>
     <span class='ocr_line' id='line_1_13' title="bbox 172 2383 508 2447; baseline -0.003 -1"><span class='ocrx_word' id='word_1_85' title='bbox 172 2384 312 2446; x_wconf 91' lang='lat' dir='ltr'>cundum</span> <span class='ocrx_word' id='word_1_86' title='bbox 329 2383 508 2447; x_wconf 89' lang='lat' dir='ltr'>clericum.&#39;&#39;</span> 
     </span>
    </p>

    <p class='ocr_par' dir='ltr' id='par_1_6' title="bbox 173 2477 1260 2835">
     <span class='ocr_line' id='line_1_14' title="bbox 216 2477 1259 2557; baseline 0.003 -20"><span class='ocrx_word' id='word_1_87' title='bbox 216 2481 243 2539; x_wconf 79' lang='lat'>2.</span> <span class='ocrx_word' id='word_1_88' title='bbox 267 2477 337 2540; x_wconf 84' lang='lat' dir='ltr'>“Ad</span> <span class='ocrx_word' id='word_1_89' title='bbox 359 2477 532 2540; x_wconf 79' lang='lat' dir='ltr'>Sacellum:</span> <span class='ocrx_word' id='word_1_90' title='bbox 550 2477 708 2540; x_wconf 86' lang='lat' dir='ltr'>Labarum</span> <span class='ocrx_word' id='word_1_91' title='bbox 727 2483 758 2539; x_wconf 92' lang='lat' dir='ltr'>ct</span> <span class='ocrx_word' id='word_1_92' title='bbox 778 2477 863 2538; x_wconf 82' lang='lat' dir='ltr'>Crux</span> <span class='ocrx_word' id='word_1_93' title='bbox 881 2499 897 2540; x_wconf 94' lang='lat' dir='ltr'>e</span> <span class='ocrx_word' id='word_1_94' title='bbox 917 2479 1041 2557; x_wconf 87' lang='lat' dir='ltr'>regione</span> <span class='ocrx_word' id='word_1_95' title='bbox 1060 2478 1200 2540; x_wconf 81' lang='lat' dir='ltr'>Altaris&#39;&#39;</span> <span class='ocrx_word' id='word_1_96' title='bbox 1220 2478 1259 2540; x_wconf 91' lang='lat' dir='ltr'>ad</span> 
     </span>
     <span class='ocr_line' id='line_1_15' title="bbox 173 2570 1260 2652; baseline -0.002 -19"><span class='ocrx_word' id='word_1_97' title='bbox 173 2571 255 2633; x_wconf 89' lang='lat' dir='ltr'>latus</span> <span class='ocrx_word' id='word_1_98' title='bbox 270 2571 444 2650; x_wconf 82' lang='lat' dir='ltr'>Evangelii,</span> <span class='ocrx_word' id='word_1_99' title='bbox 460 2570 683 2632; x_wconf 79' lang='lat' dir='ltr'>thuriferarius</span> <span class='ocrx_word' id='word_1_100' title='bbox 697 2571 735 2631; x_wconf 91' lang='lat' dir='ltr'>ad</span> <span class='ocrx_word' id='word_1_101' title='bbox 752 2591 848 2631; x_wconf 91' lang='lat' dir='ltr'>cornu</span> <span class='ocrx_word' id='word_1_102' title='bbox 864 2571 1041 2650; x_wconf 80' lang='lat' dir='ltr'>Epistolae3</span> <span class='ocrx_word' id='word_1_103' title='bbox 1056 2571 1260 2652; x_wconf 83' lang='lat' dir='ltr'>“praeceden-</span> 
     </span>
     <span class='ocr_line' id='line_1_16' title="bbox 173 2663 1259 2743; baseline -0.005 -15"><span class='ocrx_word' id='word_1_104' title='bbox 173 2669 219 2728; x_wconf 82' lang='lat' dir='ltr'>tes</span> <span class='ocrx_word' id='word_1_105' title='bbox 234 2665 307 2725; x_wconf 91' lang='lat' dir='ltr'>hinc</span> <span class='ocrx_word' id='word_1_106' title='bbox 322 2663 395 2726; x_wconf 94' lang='lat' dir='ltr'>inde</span> <span class='ocrx_word' id='word_1_107' title='bbox 413 2663 567 2724; x_wconf 83' lang='lat' dir='ltr'>Sacellum</span> <span class='ocrx_word' id='word_1_108' title='bbox 584 2665 617 2724; x_wconf 95' lang='lat' dir='ltr'>in</span> <span class='ocrx_word' id='word_1_109' title='bbox 632 2663 709 2724; x_wconf 90' lang='lat' dir='ltr'>duas</span> <span class='ocrx_word' id='word_1_110' title='bbox 726 2663 833 2736; x_wconf 86' lang='lat' dir='ltr'>lineas,</span> <span class='ocrx_word' id='word_1_111' title='bbox 848 2669 878 2725; x_wconf 92' lang='lat' dir='ltr'>ct</span> <span class='ocrx_word' id='word_1_112' title='bbox 895 2664 1035 2739; x_wconf 87' lang='lat' dir='ltr'>juniores</span> <span class='ocrx_word' id='word_1_113' title='bbox 1050 2683 1145 2743; x_wconf 89' lang='lat' dir='ltr'>prope</span> <span class='ocrx_word' id='word_1_114' title='bbox 1161 2663 1259 2724; x_wconf 87' lang='lat' dir='ltr'>Laba-</span> 
     </span>
     <span class='ocr_line' id='line_1_17' title="bbox 173 2754 917 2835; baseline -0.003 -18"><span class='ocrx_word' id='word_1_115' title='bbox 173 2777 254 2831; x_wconf 91' lang='lat' dir='ltr'>rum,</span> <span class='ocrx_word' id='word_1_116' title='bbox 269 2757 404 2818; x_wconf 92' lang='lat' dir='ltr'>seniores</span> <span class='ocrx_word' id='word_1_117' title='bbox 420 2755 657 2835; x_wconf 86' lang='lat' dir='ltr'>propinquiores</span> <span class='ocrx_word' id='word_1_118' title='bbox 673 2761 766 2816; x_wconf 89' lang='lat' dir='ltr'>erunt</span> <span class='ocrx_word' id='word_1_119' title='bbox 782 2754 917 2817; x_wconf 82' lang='lat' dir='ltr'>Altari.&#39;&#39;</span> 
     </span>
    </p>

    <p class='ocr_par' dir='ltr' id='par_1_7' title="bbox 172 2847 1258 3207">
     <span class='ocr_line' id='line_1_18' title="bbox 214 2847 1258 2929; baseline -0.001 -20"><span class='ocrx_word' id='word_1_120' title='bbox 214 2852 242 2911; x_wconf 85' lang='lat'>3.</span> <span class='ocrx_word' id='word_1_121' title='bbox 266 2848 463 2920; x_wconf 76' lang='lat' dir='ltr'>“Celebransr,</span> <span class='ocrx_word' id='word_1_122' title='bbox 484 2849 566 2909; x_wconf 80' lang='lat' dir='ltr'>facta</span> <span class='ocrx_word' id='word_1_123' title='bbox 585 2847 801 2927; x_wconf 78' lang='lat' dir='ltr'>genuflexione</span> <span class='ocrx_word' id='word_1_124' title='bbox 822 2849 854 2908; x_wconf 92' lang='lat' dir='ltr'>iu</span> <span class='ocrx_word' id='word_1_125' title='bbox 874 2847 967 2928; x_wconf 89' lang='lat' dir='ltr'>plano</span> <span class='ocrx_word' id='word_1_126' title='bbox 989 2849 1143 2929; x_wconf 80' lang='lat' dir='ltr'>Capellae,</span> <span class='ocrx_word' id='word_1_127' title='bbox 1162 2868 1258 2927; x_wconf 90' lang='lat' dir='ltr'>genu-</span> 
     </span>
     <span class='ocr_line' id='line_1_19' title="bbox 172 2940 1258 3022; baseline -0.002 -20"><span class='ocrx_word' id='word_1_128' title='bbox 172 2941 271 3005; x_wconf 90' lang='lat' dir='ltr'>flectit</span> <span class='ocrx_word' id='word_1_129' title='bbox 291 2941 324 3002; x_wconf 94' lang='lat' dir='ltr'>in</span> <span class='ocrx_word' id='word_1_130' title='bbox 344 2941 446 3022; x_wconf 94' lang='lat' dir='ltr'>primo</span> <span class='ocrx_word' id='word_1_131' title='bbox 466 2940 566 3020; x_wconf 89' lang='lat' dir='ltr'>gradu</span> <span class='ocrx_word' id='word_1_132' title='bbox 588 2940 718 3014; x_wconf 74' lang='lat' dir='ltr'>Altaria,</span> <span class='ocrx_word' id='word_1_133' title='bbox 738 2947 769 3002; x_wconf 89' lang='lat' dir='ltr'>et</span> <span class='ocrx_word' id='word_1_134' title='bbox 789 2946 856 3003; x_wconf 91' lang='lat' dir='ltr'>orat</span> <span class='ocrx_word' id='word_1_135' title='bbox 878 2960 1046 3021; x_wconf 87' lang='lat' dir='ltr'>parumper</span> <span class='ocrx_word' id='word_1_136' title='bbox 1067 2960 1137 3001; x_wconf 90' lang='lat' dir='ltr'>cum</span> <span class='ocrx_word' id='word_1_137' title='bbox 1158 2940 1258 3001; x_wconf 91' lang='lat' dir='ltr'>omni-</span> 
     </span>
     <span class='ocr_line' id='line_1_20' title="bbox 172 3032 1258 3112; baseline -0.003 -17"><span class='ocrx_word' id='word_1_138' title='bbox 172 3033 259 3096; x_wconf 85' lang='lat' dir='ltr'>hus.&#39;’</span> <span class='ocrx_word' id='word_1_139' title='bbox 304 3033 437 3095; x_wconf 85' lang='lat' dir='ltr'>Interim</span> <span class='ocrx_word' id='word_1_140' title='bbox 463 3033 698 3095; x_wconf 82' lang='lat' dir='ltr'>“accenduntur</span> <span class='ocrx_word' id='word_1_141' title='bbox 723 3033 801 3093; x_wconf 89' lang='lat' dir='ltr'>cerei</span> <span class='ocrx_word' id='word_1_142' title='bbox 829 3052 884 3112; x_wconf 90' lang='lat' dir='ltr'>pro</span> <span class='ocrx_word' id='word_1_143' title='bbox 910 3034 1113 3112; x_wconf 85' lang='lat' dir='ltr'>processione,</span> <span class='ocrx_word' id='word_1_144' title='bbox 1140 3038 1170 3095; x_wconf 88' lang='lat' dir='ltr'>et</span> <span class='ocrx_word' id='word_1_145' title='bbox 1195 3032 1258 3093; x_wconf 89' lang='lat' dir='ltr'>dis-</span> 
     </span>
     <span class='ocr_line' id='line_1_21' title="bbox 172 3124 805 3207; baseline -0.005 -19"><span class='ocrx_word' id='word_1_146' title='bbox 172 3128 301 3207; x_wconf 90' lang='lat' dir='ltr'>ponitur</span> <span class='ocrx_word' id='word_1_147' title='bbox 318 3126 538 3188; x_wconf 86' lang='lat' dir='ltr'>baldachinum</span> <span class='ocrx_word' id='word_1_148' title='bbox 557 3126 620 3187; x_wconf 85' lang='lat' dir='ltr'>sive</span> <span class='ocrx_word' id='word_1_149' title='bbox 638 3124 805 3186; x_wconf 87' lang='lat' dir='ltr'>runbella.&#39;&#39;</span> 
     </span>
    </p>

    <p class='ocr_par' dir='ltr' id='par_1_8' title="bbox 170 3216 1259 3760">
     <span class='ocr_line' id='line_1_22' title="bbox 213 3216 1259 3297; baseline 0 -17"><span class='ocrx_word' id='word_1_150' title='bbox 213 3224 241 3282; x_wconf 85' lang='lat'>4.</span> <span class='ocrx_word' id='word_1_151' title='bbox 265 3218 431 3282; x_wconf 80' lang='lat' dir='ltr'>Celebrans</span> <span class='ocrx_word' id='word_1_152' title='bbox 457 3218 589 3297; x_wconf 81' lang='lat' dir='ltr'>‘&#39;surgit,</span> <span class='ocrx_word' id='word_1_153' title='bbox 615 3219 714 3297; x_wconf 89' lang='lat' dir='ltr'>aperit</span> <span class='ocrx_word' id='word_1_154' title='bbox 741 3217 910 3296; x_wconf 86' lang='lat' dir='ltr'>capsulam,</span> <span class='ocrx_word' id='word_1_155' title='bbox 935 3216 1139 3297; x_wconf 83' lang='lat' dir='ltr'>genuflectit&#39;&#39;</span> <span class='ocrx_word' id='word_1_156' title='bbox 1165 3218 1259 3280; x_wconf 90' lang='lat' dir='ltr'>unico</span> 
     </span>
     <span class='ocr_line' id='line_1_23' title="bbox 170 3310 1258 3392; baseline -0.005 -18"><span class='ocrx_word' id='word_1_157' title='bbox 170 3333 264 3392; x_wconf 91' lang='lat' dir='ltr'>genu,</span> <span class='ocrx_word' id='word_1_158' title='bbox 278 3311 459 3375; x_wconf 88' lang='lat' dir='ltr'>“descendit</span> <span class='ocrx_word' id='word_1_159' title='bbox 474 3315 504 3372; x_wconf 88' lang='lat' dir='ltr'>et</span> <span class='ocrx_word' id='word_1_160' title='bbox 520 3320 604 3373; x_wconf 86' lang='lat' dir='ltr'>stans</span> <span class='ocrx_word' id='word_1_161' title='bbox 621 3311 756 3389; x_wconf 87' lang='lat' dir='ltr'>imponit</span> <span class='ocrx_word' id='word_1_162' title='bbox 772 3313 933 3371; x_wconf 90' lang='lat' dir='ltr'>incensum</span> <span class='ocrx_word' id='word_1_163' title='bbox 948 3315 979 3371; x_wconf 89' lang='lat' dir='ltr'>et</span> <span class='ocrx_word' id='word_1_164' title='bbox 995 3311 1134 3371; x_wconf 85' lang='lat' dir='ltr'>incensat</span> <span class='ocrx_word' id='word_1_165' title='bbox 1151 3310 1258 3370; x_wconf 87' lang='lat' dir='ltr'>Sacra·</span> 
     </span>
     <span class='ocr_line' id='line_1_24' title="bbox 172 3402 1257 3485; baseline -0.004 -19"><span class='ocrx_word' id='word_1_166' title='bbox 172 3411 313 3467; x_wconf 88' lang='lat' dir='ltr'>mentum</span> <span class='ocrx_word' id='word_1_167' title='bbox 328 3405 358 3467; x_wconf 95' lang='lat' dir='ltr'>in</span> <span class='ocrx_word' id='word_1_168' title='bbox 373 3403 519 3485; x_wconf 81' lang='lat' dir='ltr'>capsula&#39;&#39;</span> <span class='ocrx_word' id='word_1_169' title='bbox 534 3425 617 3466; x_wconf 91' lang='lat' dir='ltr'>more</span> <span class='ocrx_word' id='word_1_170' title='bbox 631 3404 740 3476; x_wconf 88' lang='lat' dir='ltr'>solit0;</span> <span class='ocrx_word' id='word_1_171' title='bbox 754 3403 876 3479; x_wconf 83' lang='lat' dir='ltr'>“surgit</span> <span class='ocrx_word' id='word_1_172' title='bbox 889 3408 921 3464; x_wconf 88' lang='lat' dir='ltr'>et</span> <span class='ocrx_word' id='word_1_173' title='bbox 935 3402 1017 3463; x_wconf 89' lang='lat' dir='ltr'>facta</span> <span class='ocrx_word' id='word_1_174' title='bbox 1030 3402 1257 3481; x_wconf 80' lang='lat' dir='ltr'>genuflexione,</span> 
     </span>
     <span class='ocr_line' id='line_1_25' title="bbox 170 3489 1257 3578; baseline -0.004 -18"><span class='ocrx_word' id='word_1_175' title='bbox 170 3499 336 3561; x_wconf 87' lang='lat' dir='ltr'>extrahite</span> <span class='ocrx_word' id='word_1_176' title='bbox 351 3497 477 3578; x_wconf 88' lang='lat' dir='ltr'>capsula</span> <span class='ocrx_word' id='word_1_177' title='bbox 492 3489 617 3558; x_wconf 83' lang='lat' dir='ltr'>calicem</span> <span class='ocrx_word' id='word_1_178' title='bbox 635 3501 664 3557; x_wconf 91' lang='lat' dir='ltr'>ct</span> <span class='ocrx_word' id='word_1_179' title='bbox 681 3494 770 3576; x_wconf 89' lang='lat' dir='ltr'>ponit</span> <span class='ocrx_word' id='word_1_180' title='bbox 785 3515 877 3574; x_wconf 87' lang='lat' dir='ltr'>super</span> <span class='ocrx_word' id='word_1_181' title='bbox 893 3495 1009 3556; x_wconf 79' lang='lat' dir='ltr'>Altare.</span> <span class='ocrx_word' id='word_1_182' title='bbox 1056 3494 1257 3568; x_wconf 84' lang='lat' dir='ltr'>Genufleetit,</span> 
     </span>
     <span class='ocr_line' id='line_1_26' title="bbox 170 3585 1257 3671; baseline -0.006 -18"><span class='ocrx_word' id='word_1_183' title='bbox 170 3592 289 3654; x_wconf 88' lang='lat' dir='ltr'>claudit</span> <span class='ocrx_word' id='word_1_184' title='bbox 309 3590 478 3671; x_wconf 89' lang='lat' dir='ltr'>capsulam,</span> <span class='ocrx_word' id='word_1_185' title='bbox 499 3590 612 3669; x_wconf 90' lang='lat' dir='ltr'>inqua</span> <span class='ocrx_word' id='word_1_186' title='bbox 637 3588 673 3668; x_wconf 83' lang='lat' dir='ltr'>[i.</span> <span class='ocrx_word' id='word_1_187' title='bbox 693 3611 718 3651; x_wconf 91' lang='lat' dir='ltr'>e.</span> <span class='ocrx_word' id='word_1_188' title='bbox 740 3588 766 3649; x_wconf 90' lang='lat' dir='ltr'>si</span> <span class='ocrx_word' id='word_1_189' title='bbox 786 3588 819 3648; x_wconf 93' lang='lat' dir='ltr'>in</span> <span class='ocrx_word' id='word_1_190' title='bbox 840 3585 890 3666; x_wconf 87' lang='lat' dir='ltr'>oa]</span> <span class='ocrx_word' id='word_1_191' title='bbox 917 3593 1055 3650; x_wconf 90' lang='lat' dir='ltr'>remanet</span> <span class='ocrx_word' id='word_1_192' title='bbox 1075 3587 1164 3667; x_wconf 78' lang='lat' dir='ltr'>pyxis</span> <span class='ocrx_word' id='word_1_193' title='bbox 1184 3607 1257 3647; x_wconf 92' lang='lat' dir='ltr'>cum</span> 
     </span>
     <span class='ocr_line' id='line_1_27' title="bbox 174 3679 1257 3760; baseline -0.005 -15"><span class='ocrx_word' id='word_1_194' title='bbox 174 3685 357 3746; x_wconf 82' lang='lat' dir='ltr'>Particulis:</span> <span class='ocrx_word' id='word_1_195' title='bbox 381 3685 494 3745; x_wconf 92' lang='lat' dir='ltr'>iterum</span> <span class='ocrx_word' id='word_1_196' title='bbox 516 3680 697 3760; x_wconf 85' lang='lat' dir='ltr'>genntlectit</span> <span class='ocrx_word' id='word_1_197' title='bbox 720 3687 750 3744; x_wconf 89' lang='lat' dir='ltr'>et</span> <span class='ocrx_word' id='word_1_198' title='bbox 772 3680 932 3743; x_wconf 82' lang='lat' dir='ltr'>descendit</span> <span class='ocrx_word' id='word_1_199' title='bbox 954 3682 1091 3759; x_wconf 86' lang='lat' dir='ltr'>primum</span> <span class='ocrx_word' id='word_1_200' title='bbox 1113 3679 1257 3757; x_wconf 89' lang='lat' dir='ltr'>gradum.</span> 
     </span>
    </p>
   </div>
   <div class='ocr_carea' id='block_1_6' title="bbox 168 3773 1258 4322">
    <p class='ocr_par' dir='ltr' id='par_1_9' title="bbox 169 3773 1258 4041">
     <span class='ocr_line' id='line_1_28' title="bbox 171 3773 1258 3856; baseline -0.004 -16"><span class='ocrx_word' id='word_1_201' title='bbox 171 3777 359 3840; x_wconf 82' lang='lat' dir='ltr'>Genuflexus</span> <span class='ocrx_word' id='word_1_202' title='bbox 382 3779 414 3837; x_wconf 97' lang='lat' dir='ltr'>in</span> <span class='ocrx_word' id='word_1_203' title='bbox 436 3775 633 3856; x_wconf 84' lang='lat' dir='ltr'>suppedaneo</span> <span class='ocrx_word' id='word_1_204' title='bbox 654 3775 768 3853; x_wconf 86' lang='lat' dir='ltr'>accipit</span> <span class='ocrx_word' id='word_1_205' title='bbox 788 3774 891 3836; x_wconf 89' lang='lat' dir='ltr'>velum</span> <span class='ocrx_word' id='word_1_206' title='bbox 912 3774 1081 3846; x_wconf 90' lang='lat' dir='ltr'>humerale,</span> <span class='ocrx_word' id='word_1_207' title='bbox 1103 3773 1205 3854; x_wconf 88' lang='lat' dir='ltr'>surgit</span> <span class='ocrx_word' id='word_1_208' title='bbox 1225 3777 1258 3836; x_wconf 87' lang='lat' dir='ltr'>et</span> 
     </span>
     <span class='ocr_line' id='line_1_29' title="bbox 170 3865 1257 3950; baseline -0.006 -17"><span class='ocrx_word' id='word_1_209' title='bbox 170 3872 253 3933; x_wconf 84' lang='lat' dir='ltr'>iacta</span> <span class='ocrx_word' id='word_1_210' title='bbox 271 3869 496 3950; x_wconf 87' lang='lat' dir='ltr'>genuflexione,</span> <span class='ocrx_word' id='word_1_211' title='bbox 514 3873 600 3931; x_wconf 86' lang='lat' dir='ltr'>stans</span> <span class='ocrx_word' id='word_1_212' title='bbox 618 3868 741 3946; x_wconf 77' lang='lat' dir='ltr'>accipit,</span> <span class='ocrx_word' id='word_1_213' title='bbox 758 3871 795 3929; x_wconf 83' lang='lat' dir='ltr'>ut</span> <span class='ocrx_word' id='word_1_214' title='bbox 813 3866 890 3940; x_wconf 90' lang='lat' dir='ltr'>heri,</span> <span class='ocrx_word' id='word_1_215' title='bbox 908 3867 1035 3928; x_wconf 88' lang='lat' dir='ltr'>calicem</span> <span class='ocrx_word' id='word_1_216' title='bbox 1053 3873 1084 3929; x_wconf 87' lang='lat' dir='ltr'>ct</span> <span class='ocrx_word' id='word_1_217' title='bbox 1102 3865 1257 3928; x_wconf 87' lang='lat' dir='ltr'>secundus</span> 
     </span>
     <span class='ocr_line' id='line_1_30' title="bbox 169 3959 568 4041; baseline -0.008 -15"><span class='ocrx_word' id='word_1_218' title='bbox 169 3965 299 4026; x_wconf 89' lang='lat' dir='ltr'>clericus</span> <span class='ocrx_word' id='word_1_219' title='bbox 317 3962 383 4025; x_wconf 85' lang='lat' dir='ltr'>velo</span> <span class='ocrx_word' id='word_1_220' title='bbox 401 3959 568 4041; x_wconf 87' lang='lat' dir='ltr'>cooperit.&#39;’</span> 
     </span>
    </p>

    <p class='ocr_par' dir='ltr' id='par_1_10' title="bbox 168 4052 1256 4322">
     <span class='ocr_line' id='line_1_31' title="bbox 212 4052 1256 4132; baseline -0.005 -15"><span class='ocrx_word' id='word_1_221' title='bbox 212 4061 239 4117; x_wconf 83' lang='lat'>5.</span> <span class='ocrx_word' id='word_1_222' title='bbox 263 4055 450 4118; x_wconf 80' lang='lat' dir='ltr'>“Celebrans</span> <span class='ocrx_word' id='word_1_223' title='bbox 480 4054 560 4114; x_wconf 84' lang='lat' dir='ltr'>facie</span> <span class='ocrx_word' id='word_1_224' title='bbox 589 4053 626 4114; x_wconf 89' lang='lat' dir='ltr'>ud</span> <span class='ocrx_word' id='word_1_225' title='bbox 657 4053 882 4132; x_wconf 88' lang='lat' dir='ltr'>processionem</span> <span class='ocrx_word' id='word_1_226' title='bbox 913 4074 1008 4121; x_wconf 82' lang='lat' dir='ltr'>versa,</span> <span class='ocrx_word' id='word_1_227' title='bbox 1038 4053 1161 4113; x_wconf 84' lang='lat' dir='ltr'>inchoat</span> <span class='ocrx_word' id='word_1_228' title='bbox 1191 4052 1256 4112; x_wconf 89' lang='lat' dir='ltr'>alta</span> 
     </span>
     <span class='ocr_line' id='line_1_32' title="bbox 169 4145 1255 4224; baseline -0.005 -13"><span class='ocrx_word' id='word_1_229' title='bbox 169 4148 271 4223; x_wconf 88' lang='lat' dir='ltr'>voce‚&#39;&#39;</span> <span class='ocrx_word' id='word_1_230' title='bbox 290 4149 315 4208; x_wconf 88' lang='lat' dir='ltr'>si</span> <span class='ocrx_word' id='word_1_231' title='bbox 336 4155 476 4209; x_wconf 89' lang='lat' dir='ltr'>cantores</span> <span class='ocrx_word' id='word_1_232' title='bbox 496 4145 609 4217; x_wconf 84' lang='lat' dir='ltr'>desint,</span> <span class='ocrx_word' id='word_1_233' title='bbox 629 4146 819 4224; x_wconf 69' lang='lat' dir='ltr'>“&#39;hyrnnum:</span> <span class='ocrx_word' id='word_1_234' title='bbox 844 4147 966 4209; x_wconf 76' lang='lat' dir='ltr'>Vecillo</span> <span class='ocrx_word' id='word_1_235' title='bbox 985 4148 1078 4224; x_wconf 71' lang='lat' dir='ltr'>Regis</span> <span class='ocrx_word' id='word_1_236' title='bbox 1101 4146 1255 4224; x_wconf 79' lang='lat' dir='ltr'>prodeunt</span> 
     </span>
     <span class='ocr_line' id='line_1_33' title="bbox 168 4236 1097 4322; baseline -0.01 -17"><span class='ocrx_word' id='word_1_237' title='bbox 168 4248 237 4314; x_wconf 71' lang='lat' dir='ltr'>etc,</span> <span class='ocrx_word' id='word_1_238' title='bbox 251 4260 342 4322; x_wconf 86' lang='lat' dir='ltr'>quem</span> <span class='ocrx_word' id='word_1_239' title='bbox 357 4260 429 4301; x_wconf 90' lang='lat' dir='ltr'>cum</span> <span class='ocrx_word' id='word_1_240' title='bbox 444 4238 578 4300; x_wconf 89' lang='lat' dir='ltr'>secundo</span> <span class='ocrx_word' id='word_1_241' title='bbox 592 4237 702 4299; x_wconf 90' lang='lat' dir='ltr'>clerico</span> <span class='ocrx_word' id='word_1_242' title='bbox 719 4238 916 4317; x_wconf 83' lang='lat' dir='ltr'>prosequitur</span> <span class='ocrx_word' id='word_1_243' title='bbox 929 4243 965 4299; x_wconf 87' lang='lat' dir='ltr'>ut</span> <span class='ocrx_word' id='word_1_244' title='bbox 982 4236 1097 4297; x_wconf 83' lang='lat' dir='ltr'>inira.’&#39;</span> 
     </span>
    </p>
   </div>
   <div class='ocr_carea' id='block_1_7' title="bbox 148 4376 1257 4602">
    <p class='ocr_par' dir='ltr' id='par_1_11' title="bbox 148 4376 1257 4602">
     <span class='ocr_line' id='line_1_34' title="bbox 204 4376 1257 4442; baseline -0.001 -14"><span class='ocrx_word' id='word_1_245' title='bbox 204 4378 309 4430; x_wconf 86' lang='lat' dir='ltr'>¹Haec</span> <span class='ocrx_word' id='word_1_246' title='bbox 341 4378 441 4428; x_wconf 86' lang='lat' dir='ltr'>incensi</span> <span class='ocrx_word' id='word_1_247' title='bbox 474 4377 610 4441; x_wconf 87' lang='lat' dir='ltr'>impositio</span> <span class='ocrx_word' id='word_1_248' title='bbox 640 4393 684 4442; x_wconf 92' lang='lat' dir='ltr'>po·</span> <span class='ocrx_word' id='word_1_249' title='bbox 775 4379 861 4426; x_wconf 78' lang='lat' dir='ltr'>²The</span> <span class='ocrx_word' id='word_1_250' title='bbox 879 4377 990 4435; x_wconf 86' lang='lat' dir='ltr'>hanncr,</span> <span class='ocrx_word' id='word_1_251' title='bbox 1010 4377 1034 4424; x_wconf 80' lang='lat' dir='ltr'>if</span> <span class='ocrx_word' id='word_1_252' title='bbox 1052 4377 1126 4425; x_wconf 81' lang='lat' dir='ltr'>there</span> <span class='ocrx_word' id='word_1_253' title='bbox 1144 4376 1177 4424; x_wconf 85' lang='lat' dir='ltr'>hc</span> <span class='ocrx_word' id='word_1_254' title='bbox 1195 4391 1257 4439; x_wconf 81' lang='lat' dir='ltr'>any.</span> 
     </span>
     <span class='ocr_line' id='line_1_35' title="bbox 164 4453 939 4507; baseline 0 -1"><span class='ocrx_word' id='word_1_255' title='bbox 164 4456 222 4506; x_wconf 83' lang='lat' dir='ltr'>tius</span> <span class='ocrx_word' id='word_1_256' title='bbox 246 4458 392 4507; x_wconf 85' lang='lat' dir='ltr'>omittitur.</span> <span class='ocrx_word' id='word_1_257' title='bbox 437 4456 600 4504; x_wconf 73' lang='lat' dir='ltr'>hlnrtimaci</span> <span class='ocrx_word' id='word_1_258' title='bbox 628 4455 682 4504; x_wconf 89' lang='lat' dir='ltr'>lll.</span> <span class='ocrx_word' id='word_1_259' title='bbox 738 4456 838 4506; x_wconf 82' lang='lat' dir='ltr'>Cerem.</span> <span class='ocrx_word' id='word_1_260' title='bbox 859 4454 892 4505; x_wconf 92' lang='lat' dir='ltr'>U.</span> <span class='ocrx_word' id='word_1_261' title='bbox 912 4453 939 4506; x_wconf 88' lang='lat' dir='ltr'>S.</span> 
     </span>
     <span class='ocr_line' id='line_1_36' title="bbox 148 4535 459 4602; baseline 0.01 -17"><span class='ocrx_word' id='word_1_262' title='bbox 148 4535 235 4600; x_wconf 54' lang='lat'>278,</span> <span class='ocrx_word' id='word_1_263' title='bbox 251 4542 281 4588; x_wconf 85' lang='lat' dir='ltr'>et</span> <span class='ocrx_word' id='word_1_264' title='bbox 299 4535 337 4588; x_wconf 87' lang='grc' dir='ltr'>Π,</span> <span class='ocrx_word' id='word_1_265' title='bbox 355 4537 399 4602; x_wconf 80' lang='lat'>26,</span> <span class='ocrx_word' id='word_1_266' title='bbox 416 4535 459 4588; x_wconf 84' lang='grc'>69.</span> 
     </span>
    </p>
   </div>
   <div class='ocr_carea' id='block_1_8' title="bbox 0 0 1406 4890">
    <p class='ocr_par' dir='ltr' id='par_1_12' title="bbox 0 0 1406 4890">
     <span class='ocr_line' id='line_1_37' title="bbox 0 0 1406 4890; baseline 0 3"><span class='ocrx_word' id='word_1_267' title='bbox 0 0 1406 4890; x_wconf 95' lang='lat' dir='ltr'> </span> 
     </span>
    </p>
   </div>
  </div>
 </body>
</html>
