2804 4890
420 731 474 786 DE
497 729 574 785 USU
600 727 765 794 MITRAE,
787 724 872 780 ETC.
1140 713 1193 774 191

105 896 706 977 benedictione1n.-l'lerumquemitra
725 894 899 975 imponitur
915 912 970 973 per
988 889 1075 953 Diae.
1094 889 1194 953 assist.

105 1000 131 1064 1.
165 998 302 1078 (abbrev.
331 995 369 1056 D.
397 994 440 1072 Ι.)
473 993 520 1054 rol
547 992 722 1053 Diaconum
750 1010 803 1063 ua,
829 987 997 1070 deponitur
1024 1005 1079 1066 per
1107 983 1194 1048 Diae.

107 1093 208 1154 assist.
224 1090 269 1151 II.
291 1090 428 1168 (abbrev.
446 1085 482 1145 D.
499 1085 563 1164 ΙΙ.)

151 1189 178 1245 2.
203 1183 339 1245 Proinde
360 1199 489 1260 sequens
511 1177 586 1238 ordo
609 1174 778 1238 servandus
798 1177 845 1236 est
867 1193 923 1254 per
945 1171 1100 1237 Diaconos
1120 1167 1196 1234 assi·

108 1282 224 1342 etentes
242 1282 274 1339 et
292 1274 468 1337 Diaconum
487 1271 738 1333 ministrantem:

158 1479 272 1530 Mitram
288 1476 423 1540 Episcopo
440 1473 572 1537 imponit:
804 1469 920 1519 Mittam
940 1467 1070 1530 deponit:

122 1596 152 1645 10
165 1595 231 1644 Post
241 1596 379 1660 planetam
391 1593 546 1659 impositam
553 1592 624 1643 D.m.
680 1593 753 1643 Ante
764 1592 870 1642 Altaria
880 1592 982 1656 gradus
991 1590 1024 1641 D.
1036 1605 1070 1641 m.

125 1672 157 1721 20
169 1673 322 1736 Antequam
336 1671 384 1736 sp.
398 1671 551 1721 incensatur
561 1668 625 1719 D.I.
681 1669 724 1718 Ad
736 1668 883 1718 Introitum
894 1668 1037 1732 legendum
1046 1666 1080 1717 D.
1091 1664 1131 1718 Π.

127 1749 159 1797 30
172 1748 282 1799 Scdeuti
293 1748 328 1797 ad
341 1748 367 1797 K
369 1748 426 1809 yria
436 1752 508 1797 cant.
520 1746 552 1796 D.
563 1745 586 1796 I.
681 1744 811 1809 Surgenti
822 1748 883 1809 post
895 1745 922 1794 K
924 1744 982 1805 yria
992 1743 1024 1794 D.
1036 1742 1075 1794 11.

126 1827 158 1881 4⁰
170 1826 236 1875 Post
254 1825 360 1876 recitat.
377 1825 471 1876 Gloria
487 1825 519 1874 D.
536 1824 559 1875 1.
682 1821 748 1871 Post
759 1822 852 1872 Gloria
862 1836 879 1871 a
888 1822 969 1871 choro
978 1823 1051 1871 cant.
1061 1820 1094 1872 D.
1106 1817 1147 1872 11.

128 1900 160 1949 50
173 1899 315 1949 Absolutis
324 1900 444 1951 collectis
454 1899 486 1949 D.
499 1898 521 1949 1.
682 1900 830 1964 Postquam
841 1899 980 1950 benedixit
991 1899 1112 1950 Diacono
1122 1897 1198 1951 1211.

128 1977 160 2025 60
173 1976 298 2026 Recitata
309 1977 436 2039 Symbola
447 1975 479 2025 D.
490 1974 513 2025 1.
682 1976 817 2025 Absoluto
828 1975 949 2038 Symboli
959 1979 1042 2026 cantu
1053 1975 1085 2026 D.
1096 1973 1136 2027 Π.

130 2051 161 2100 70
172 2052 253 2102 Dicto
262 2052 412 2103 Offertorio
422 2052 455 2102 D.
469 2052 489 2102 l.
683 2056 756 2104 Ante
768 2054 886 2102 intimum
898 2053 1004 2104 Altaria
1014 2067 1054 2118 gr.
1065 2052 1098 2103 D.
1108 2067 1143 2104 m.

127 2129 160 2178 80
172 2129 326 2192 Antequam
338 2130 368 2178 ll.
381 2129 535 2179 incensatur
546 2129 578 2179 D.
590 2128 626 2178 1.1
683 2131 727 2180 Ad
738 2130 849 2180 Lavabo
859 2136 924 2180 ante
935 2131 1028 2181 Gloria
1037 2131 1068 2180 P.
1080 2130 1112 2180 D.
1123 2128 1161 2180 1.1

130 2205 162 2254 90
175 2205 239 2255 Post
251 2205 406 2255 ablutiones
416 2205 447 2255 D.
459 2221 493 2255 m.
685 2207 750 2256 Post
761 2207 889 2256 lotionem
899 2221 1026 2256 manuum
1036 2205 1070 2256 D.
1081 2221 1115 2256 m.

112 2282 160 2331 10⁰
173 2282 216 2331 Ad
227 2281 359 2332 benedict.
367 2282 422 2342 (Sit
436 2297 528 2332 nomen
540 2282 627 2344 D.)D.
648 2299 681 2332 m.
699 2283 765 2333 Post
776 2282 991 2333 benedictionem
1001 2283 1034 2332 D.
1044 2297 1078 2332 m.

115 2358 162 2407 110
175 2358 339 2422 Regressuro
349 2359 385 2408 ab
395 2359 487 2408 Alteri
498 2359 530 2408 D.
541 2375 575 2409 m.
684 2359 750 2409 Post
761 2373 912 2423 regressum
922 2360 958 2409 ad
969 2359 1095 2409 thronum
1105 2358 1138 2409 D.
1148 2373 1184 2410 m.

154 2551 400 2613 Nora-Mina
427 2554 561 2631 pretiosa
591 2553 764 2632 Episcopus
790 2553 894 2614 utitur
921 2550 1013 2613 initio
1040 2570 1136 2631 usque
1163 2550 1203 2613 ad

113 2643 303 2718 Introitum3
324 2645 436 2707 deinde
457 2647 551 2706 mitra
572 2647 809 2725 auriphrygiuta
830 2646 985 2726 usquead
1007 2646 1101 2706 finem
1121 2648 1203 2707 cant.

117 2736 274 2892 ξὲιὸιὲίἐὲἰὴ
292 2742 367 2798 tunc
386 2736 465 2799 lecto
484 2737 653 2801 Offertorio
671 2739 766 2800 mitra
784 2739 919 2819 pretiosa
936 2757 1033 2818 usque
1050 2736 1090 2799 ad
1108 2736 1204 2799 finem

158 3021 186 3080 3.
212 3018 366 3081 Granoialo
387 3019 561 3098 imponitur
580 3039 635 3100 per
655 3018 830 3081 Diaconum
849 3019 1045 3081 assistentem
1065 3018 1092 3081 Ι.
1112 3038 1205 3099 super

113 3133 215 3192 genua
230 3114 374 3193 Episcopi
390 3115 526 3177 sedentis
542 3116 625 3176 inira
640 3114 749 3193 Kyme,
766 3114 881 3177 Gloria.
897 3114 996 3178 Credo
1010 3117 1042 3178 et
1055 3114 1206 3179 lotionem

118 3225 268 3268 manuum
286 3211 355 3285 post
373 3207 597 3281 Oliartorium3
612 3207 758 3268 aufertur
774 3228 829 3286 per
847 3207 1022 3270 Diaconum
1038 3208 1139 3270 assist.
1158 3205 1204 3269 II.

160 3303 187 3360 4.
211 3299 364 3361 Burni-iun
397 3302 583 3380 [anatomiam
616 3300 790 3379 Episcopus
821 3301 949 3362 sinistra
981 3305 1076 3376 tenet,
1108 3321 1204 3380 quan-

118 3392 290 3473 ducumque
309 3393 426 3455 accedit
448 3394 485 3454 ad
510 3394 617 3455 Altare
638 3394 683 3455 vel
705 3393 831 3464 recedit,
852 3395 976 3474 qiiando
998 3395 1206 3473 Evangelium

119 3492 273 3551 cantatur.
300 3488 478 3563 (postauam
504 3487 560 3566 Ep.
583 3510 614 3549 se
635 3489 772 3565 signavit
793 3509 889 3567 usqne
911 3489 948 3549 ad
970 3490 1110 3550 osculum
1133 3489 1206 3550 libri

117 3582 226 3661 exal),
247 3582 287 3645 ad
309 3581 555 3644 benedictionem
579 3582 612 3643 in
636 3581 706 3658 fine,
728 3587 896 3663 antequam
919 3583 1004 3649 dicat
1024 3584 1130 3658 Pater,
1151 3589 1209 3651 etc.

302 3769 313 3802 1
333 3762 384 3813 Vel
396 3762 630 3814 Caoremoniarius
644 3761 785 3814 deficiente
805 3763 926 3815 Diacono
946 3763 1037 3817 mut
