2804 4890
191 622 253 687 344
420 631 474 691 DE
497 629 627 692 CULTU
653 632 707 692 SS.
732 629 1045 695 nuensatsrmn.

234 800 263 859 3.
287 795 400 859 Coram
420 796 624 860 sanctissimo
642 798 762 878 lampas
779 818 902 879 semper
919 816 1046 862 accensa
1064 796 1227 872 habeatur,
1244 816 1283 860 ex

190 889 257 953 eleo
284 890 438 954 olivarum
466 892 597 966 nutrita,
626 892 672 953 vel
701 891 811 953 saltem
840 894 898 952 “ex
924 891 996 954 aliis
1022 890 1097 954 oleis
1125 895 1282 971 quantuni

188 984 256 1047 fieri
290 985 389 1065 possit
419 985 642 1066 vegetabilibus
650 984 694 1061 ;''⁸
727 1005 783 1048 nec
817 986 896 1047 eitra
930 1003 1035 1048 veram
1064 983 1285 1049 necessitatem

190 1069 354 1158 privilegio
383 1077 547 1153 utendum,
577 1078 604 1139 si
634 1077 716 1156 quod
747 1077 846 1139 tuerit
875 1096 1065 1153 concessum,
1095 1075 1183 1137 Illud
1212 1075 1283 1138 siue

192 1170 311 1233 lumine
328 1168 509 1234 retinendi.l

637 1413 753 1485 ΛΒΤ.
779 1413 830 1485 Π.

261 1599 310 1650 DE
329 1599 614 1650 BENEDICTIONE
633 1600 711 1650 CUM
732 1600 779 1651 SS.
799 1600 1051 1652 SAORAMENTO
1069 1599 1211 1652 DANDA.

233 1777 303 1841 216.
328 1777 421 1842 Cone.
453 1779 534 1840 Balt.
565 1778 613 1840 Pl.
644 1780 680 1841 II
710 1802 760 1843 no.
791 1784 850 1843 375
880 1784 1016 1845 statuere
1046 1782 1193 1857 decrevit,
1223 1783 1282 1843 “ut

191 1872 338 1936 solemnis
365 1873 421 1936 SS.
450 1873 642 1935 Sacramenti
670 1873 833 1955 Expositio
858 1878 889 1936 et
915 1874 1107 1948 Benedictio,
1132 1881 1281 1939 consueto

193 1967 258 2028 ritu
282 1966 391 2029 stricte
415 1965 584 2040 observato,
611 1967 645 2027 in
668 1968 813 2029 omnibus
838 1974 962 2031 nostrae
986 1968 1118 2030 ditionis
1142 1967 1282 2031 ecclesiis

190 2063 223 2122 et
242 2060 276 2120 in
295 2058 415 2121 sacellis
433 2060 694 2122 monasteriorum
716 2065 747 2122 et
766 2061 1030 2124 communitatum
1052 2061 1281 2141 religiosarum,

189 2153 300 2215 saltem
327 2153 573 2234 quandocunque
601 2153 705 2216 debita
733 2174 804 2214 cum
832 2153 1029 2216 solemnitate
1058 2154 1125 2216 fieri
1153 2155 1281 2234 poterit,

189 2245 323 2326 singulis
341 2246 439 2310 totius
456 2248 531 2308 anni
551 2246 727 2307 Dominicis
745 2247 863 2315 diebus,
882 2247 1031 2326 testisque
1049 2247 1087 2308 de
1107 2254 1282 2327 praecepto,

192 2339 238 2401 vel
260 2339 349 2401 festis
368 2341 464 2402 etiam
484 2340 604 2419 primae
624 2346 655 2402 et
675 2339 826 2401 secundae
847 2340 952 2400 elassis
973 2361 1035 2401 non
1056 2340 1094 2403 de
1115 2344 1281 2420 praecepto

191 2434 285 2496 semel
302 2438 427 2496 tantum
447 2435 480 2494 in
499 2434 549 2494 die
568 2434 635 2494 dari
654 2434 761 2513 possit.
804 2434 864 2493 Per
882 2439 1022 2494 octavam
1042 2453 1112 2495 uero
1132 2431 1281 2512 Corporis

193 2525 322 2589 Domini
346 2525 452 2588 licebit
476 2547 544 2589 eum
568 2527 748 2587 solemniter
774 2527 839 2587 tieri
866 2537 932 2587 tum
959 2528 991 2587 in
1016 2527 1113 2587 Missa
1136 2526 1281 2595 solemni,

192 2625 260 2683 tum
282 2622 314 2681 in
334 2620 491 2699 Vesperis‚
512 2619 734 2681 Benedictieue
754 2619 866 2681 iterato
886 2619 968 2681 data.
1010 2619 1132 2681 Licebit
1152 2620 1281 2698 insuper

192 2712 361 2777 solemnem
392 2712 646 2774 Benedictionem
677 2712 751 2773 dare
781 2712 827 2772 bis
858 2713 891 2772 in
920 2712 1111 2774 hebdomade
1140 2717 1281 2792 tempore

193 2805 472 2885 Quadragesimali,
486 2805 619 2883 singulis
634 2806 752 2884 pariter
765 2805 874 2867 diebus
888 2826 911 2866 s.
928 2805 1115 2867 biissionum
1131 2810 1281 2884 tempore,

192 2901 224 2961 in
250 2900 331 2962 sesto
359 2898 556 2959 Sanctissimi
584 2898 694 2960 Cordis
720 2898 808 2974 Jesu,
834 2904 864 2960 et
892 2898 1067 2978 ubieunque
1095 2898 1130 2960 fit
1156 2898 1281 2959 devotio

192 2992 409 3071 Quadraginta
427 2991 605 3065 llorarum3
622 2996 654 3053 et
670 2994 705 3053 in
722 2991 793 3053 aliis
810 2992 919 3055 diebus
937 2992 974 3053 ab
994 2991 1162 3054 tlrdinario
1179 2990 1280 3070 desig-

192 3085 284 3148 natis.
328 3085 463 3158 Quodsi
486 3084 598 3145 Ordiui
619 3085 714 3146 alicui
735 3084 879 3163 religioso
900 3085 946 3146 vel
967 3085 1105 3144 societati
1131 3084 1161 3145 S.
1185 3083 1280 3145 Sedes

192 3179 311 3258 aliquid
349 3178 484 3258 amplius
524 3178 701 3252 indulserit,
739 3177 819 3238 illud
855 3178 983 3238 omnino
1022 3177 1177 3239 incolume
1214 3196 1280 3238 esse

191 3271 363 3334 volumus?

234 3369 261 3428 2.
285 3366 468 3428 Benedictio
490 3386 560 3426 cum
586 3364 642 3426 SS.
669 3365 869 3426 Sacramenta
894 3363 1010 3442 pluries
1035 3365 1066 3424 in
1090 3362 1196 3424 eadem
1221 3361 1279 3424 Ee·

191 3460 284 3522 elesia
307 3464 337 3522 et
360 3459 410 3520 die
435 3458 590 3538 impertiri
616 3459 687 3519 licet
713 3459 824 3535 “juxta
849 3456 985 3536 prudeus
1011 3456 1173 3516 Ordinarii
1198 3455 1279 3518 arbi-

191 3553 298 3627 trium,
328 3555 443 3614 evitata
473 3557 578 3612 tumen
610 3551 707 3610 nimia
739 3550 924 3628 frequentia,
955 3558 985 3610 et
1016 3547 1186 3609 dummodo
1216 3567 1278 3609 non

189 3650 302 3726 agatur
317 3646 355 3708 de
371 3645 563 3724 expositione
580 3648 619 3702 lt)
641 3641 840 3702 llorarum.''¹

232 3822 302 3886 217.
326 3822 556 3900 Praeparanda.
612 3821 843 3901 Antipendium
875 3820 995 3882 Altaria
1025 3826 1057 3884 et
1088 3839 1278 3899 conopaeum

190 3918 380 3980 tabernaculi
394 3937 515 3997 semper
528 3917 590 3977 albi
603 3915 737 3977 eoloris.¹
782 3913 954 3976 Duodecim
969 3912 1015 3976 vei
1028 3914 1154 3977 “decem
1168 3914 1278 3975 saltem

224 4070 288 4119 Η).
313 4070 389 4119 3121.
761 4066 946 4128 inservientia,
973 4081 1032 4116 eum
1059 4071 1138 4116 extra
1166 4066 1278 4116 Missam

225 4145 335 4210 'Prope
363 4144 578 4207 tabernaculum,
606 4143 633 4192 iu
658 4157 710 4207 quo
761 4143 966 4194 sanctissimum
984 4147 1124 4205 tangatur.

188 4227 343 4274 asservatur
396 4221 437 4271 Sa.
493 4221 705 4283 Sacramentum,
798 4229 806 4259 ¹
828 4222 859 4271 D.
881 4222 957 4270 3438.
979 4223 1009 4281 5;
1033 4222 1109 4270 344⁸.
1130 4222 1153 4271 3.

189 4315 293 4366 semper
307 4300 399 4349 adsint
412 4300 549 4349 vasculum
563 4313 622 4348 eum
636 4313 707 4362 aqua
797 4307 806 4338 ¹
828 4300 859 4349 D.
878 4301 951 4349 1615.
969 4300 998 4355 7:
1016 4304 1041 4348 et
1061 4301 1099 4348 12.
1116 4299 1185 4348 Mar.
1204 4299 1278 4359 1897,

194 4379 265 4435 (siue
288 4378 419 4441 spongia)
446 4382 471 4425 et
497 4390 608 4440 parvum
634 4377 705 4441 puri-
760 4393 785 4427 n.
807 4377 883 4426 3949.
905 4378 919 4425 7
940 4381 967 4426 et
987 4378 1011 4426 8.

188 4455 339 4507 ficatorium
382 4454 515 4504 ablutioni
558 4454 705 4517 digitorum
