2804 4890
152 653 213 715 560
249 662 335 716 ΑΡΡ.
360 661 402 716 11.
441 662 495 715 DE
519 661 713 718 VESTIBUS
737 658 875 713 SACRIS
898 656 1163 713 SACERDOTIS.

192 832 220 890 5.
243 827 436 892 Decurrente
464 829 585 892 saeculo
616 829 657 889 Χ.
689 828 844 890 terminus
873 825 1003 891 “Stolo''
1033 826 1133 888 etiam
1162 824 1254 906 apud

151 921 249 983 italos
280 922 380 1001 magis
411 922 571 1001 magisque
604 920 750 995 invaluit,
781 921 880 983 donec
912 918 1040 981 tandem
1070 917 1253 1000 pristinum

149 1034 263 1075 nomen
282 1012 473 1075 “Omnem''
492 1013 641 1077 oblivioni
662 1012 761 1075 suerit
778 1013 898 1074 datum.
939 1011 1066 1074 Missale
1083 1018 1117 1075 et
1138 1013 1254 1075 Caere·

150 1106 285 1168 moniale
309 1106 486 1169 Romanum
506 1103 701 1167 solummodo
725 1125 829 1169 vocem
849 1101 980 1167 “Stolo''
1002 1104 1202 1185 adoptarunt
1222 1109 1256 1167 et

151 1200 196 1260 ita
215 1199 306 1261 hodie
325 1200 399 1260 baec
417 1197 511 1261 vestis
529 1198 643 1278 ubique
660 1198 811 1279 appellari
829 1197 917 1262 solet.

193 1296 220 1354 6.
245 1293 362 1366 Quanti
378 1291 531 1355 momenti
547 1290 636 1353 Stnla
651 1290 754 1354 medio
772 1311 845 1354 aevo
862 1290 970 1353 habita
985 1291 1083 1354 fuerit
1101 1291 1254 1354 concludi

151 1389 290 1464 potesta
312 1382 440 1447 statutis
461 1383 572 1463 synodi
594 1383 768 1463 Moguntii⁵
789 1403 871 1445 anno
894 1387 953 1445 813
977 1385 1102 1448 habitae
1123 1386 1157 1445 in
1182 1385 1255 1466 qui-

57 1522 60 1527 ·
155 1478 211 1537 bus
242 1478 359 1557 legitur
388 1476 606 1557 presbyterum
635 1475 785 1537 Orarium
816 1496 939 1557 semper
966 1488 1091 1557 gestare
1123 1475 1252 1540 debere.

152 1571 259 1633 Bruno
280 1571 448 1650 Segnensis
469 1570 625 1649 (†1123)
649 1572 790 1645 annotat,
807 1589 894 1650 posse
913 1570 1129 1651 presbyterum
1148 1571 1256 1651 bapti-

151 1683 220 1724 zare
249 1668 283 1724 et
314 1662 452 1724 diversas
483 1661 561 1724 alias
592 1661 773 1724 functiones
802 1681 949 1742 peragere
978 1660 1144 1729 interdum
1176 1665 1252 1726 sine

151 1755 222 1816 aliis
234 1755 426 1834 paramentis
440 1772 527 1816 secus
539 1753 751 1836 praescriptis,
763 1755 816 1818 sed
830 1773 993 1834 nunquam
1006 1755 1039 1816 id
1053 1754 1124 1818 fieri
1137 1755 1257 1820 debere

151 1847 218 1910 sine
236 1847 324 1909 stola.

196 1944 223 2003 l.
247 1939 351 2003 Hodie
369 1940 458 2002 Stola
474 1940 565 2004 debet
581 1961 645 2004 esse
660 1941 803 2019 ejusdem
820 1942 969 2004 materiae
986 1961 1022 2004 ac
1039 1941 1167 2018 Casula,
1187 1944 1210 2005 i.
1229 1965 1257 2006 e.

152 2032 250 2095 serica
277 2052 398 2094 necnon
425 2032 567 2114 ejusdem
593 2033 714 2096 coloris.
761 2034 845 2095 Crux
873 2053 969 2114 parva
996 2034 1136 2112 affigitur
1164 2037 1256 2116 parti

152 2125 316 2206 superiori,
335 2124 389 2187 ubi
409 2125 489 2189 stola
505 2125 584 2187 collo
604 2125 860 2205 circumligatur;
877 2127 952 2188 haec
971 2145 1047 2188 cmx
1066 2146 1195 2207 semper
1213 2129 1257 2191 sit

152 2217 295 2293 visibilis,
315 2219 398 2298 qnia,
418 2217 462 2279 sic
482 2218 607 2281 rubrica
627 2218 749 2297 dirigit,
769 2218 937 2281 osculanda
957 2224 1004 2282 est
1023 2220 1149 2299 quando
1171 2221 1257 2284 stola

152 2315 208 2373 aut
235 2311 407 2373 assumitur
436 2314 493 2373 aut
519 2310 696 2389 deponitur.
750 2310 824 2371 ldeo
853 2331 915 2372 non
944 2316 1025 2375 recte
1053 2316 1166 2391 agunt,
1199 2316 1254 2394 qui

153 2403 358 2484 panniculum
384 2424 515 2483 parrum
542 2403 674 2465 lineum⁰
699 2403 806 2465 collari
832 2403 928 2465 stolae
954 2409 1095 2466 assutum
1121 2406 1256 2479 habent,

154 2497 197 2557 itn
215 2499 250 2557 ut
266 2516 342 2556 crux
359 2495 498 2557 totaliter
514 2496 687 2573 obtegatur.

195 2592 224 2651 8.
248 2589 338 2650 Circa
363 2591 510 2649 ornatum
534 2588 638 2650 Stolac
663 2588 796 2651 breviter
820 2590 894 2651 hacc
919 2589 1140 2669 adjungamus.
1193 2594 1255 2654 Ga·

154 2685 266 2742 vantus
292 2681 434 2760 requirit,
461 2684 496 2740 ut
524 2681 556 2740 in
585 2680 673 2742 Stola
705 2682 752 2758 (et
778 2681 860 2743 idem
886 2683 968 2744 valet
994 2682 1032 2745 de
1059 2683 1248 2764 Manipulol

154 2777 276 2852 praeter
302 2794 424 2834 erucem
450 2773 532 2833 circa
558 2772 674 2833 collum
700 2773 779 2835 duaa
805 2773 883 2835 aliae
910 2794 1015 2835 cruces
1042 2776 1074 2836 in
1099 2779 1255 2839 extremis

154 2865 294 2945 partibus
323 2868 540 2927 annectantur.
592 2864 661 2927 Hae
689 2865 902 2928 extremitates
930 2887 1019 2946 saepe
1046 2869 1173 2930 laciniis
1205 2869 1253 2933 uel

155 2958 288 3035 frangiis
308 2979 324 3019 e
344 2958 440 3018 scrico
460 2958 506 3018 vcl
526 2978 602 3020 auro
621 2958 772 3019 confectis
790 2959 984 3020 decorantur.
1030 2961 1167 3041 Insuper
1188 2984 1252 3026 non

155 3071 224 3112 raro
248 3050 466 3127 inscriptiones
488 3071 504 3111 e
527 3070 613 3111 sacra
638 3050 802 3128 Scriptura
824 3050 1006 3130 desumptae
1027 3073 1083 3115 acu
1107 3053 1253 3134 depictae

156 3141 252 3203 Stolis
272 3143 365 3202 inseri
386 3142 495 3203 solent.
537 3141 701 3214 Convenit,
720 3146 756 3203 ut
778 3142 875 3220 Stola,
893 3165 970 3223 quae
989 3167 1051 3207 non
1070 3145 1253 3210 destinatur

154 3254 211 3314 pro
236 3233 300 3295 solo
327 3233 440 3295 Missae
467 3232 628 3296 Sacrificio
653 3234 704 3295 sed
730 3236 824 3296 etium
851 3257 907 3316 pro
932 3236 1004 3298 aliis
1030 3240 1253 3303 functionibus

153 3333 185 3389 et
204 3346 282 3407 quse
304 3327 419 3388 idcirco
439 3325 531 3387 rectis
551 3325 643 3387 lineis
662 3346 754 3405 super
774 3330 882 3407 pectus
901 3328 1065 3409 dependet,
1085 3331 1251 3395 cordulam

154 3419 265 3483 babent
290 3439 343 3481 seu
370 3418 549 3480 funiculum
575 3438 647 3479 cum
672 3419 786 3496 floccis,
812 3441 869 3500 ope
893 3422 984 3499 cujus
1010 3423 1119 3486 ambae
1145 3430 1254 3504 partes

156 3512 260 3577 Stolae
277 3513 398 3593 possint
414 3512 576 3589 conjungi,
594 3533 632 3575 ne
650 3513 738 3574 Stola
755 3513 816 3574 huc
831 3517 861 3577 et
880 3515 954 3576 illuc
972 3519 1110 3595 vagetur.
1142 3518 1253 3580 Minus

153 3610 361 3684 congruenter
379 3604 591 3668 extremitates
613 3603 717 3667 Stolae
736 3604 813 3670 adeo
832 3607 1036 3687 ampliantur,
1055 3614 1092 3672 ut
1113 3610 1253 3675 formam

154 3699 269 3760 batilli⁷
295 3702 464 3760 assnrnant.

196 3794 224 3853 9.
249 3791 424 3870 Scriptores
444 3791 584 3865 liturgici
604 3791 803 3852 aemulantur
823 3792 856 3852 in
874 3792 987 3855 dandis
1005 3800 1037 3857 et
1055 3797 1253 3876 explicandis

154 3884 331 3964 symbolicis
347 3883 640 3961 significationibus,
658 3905 734 3963 quas
752 3884 838 3945 Stola
856 3888 1066 3965 praesefert.
1088 3887 1252 3963 Quatenus

157 3978 244 4040 Stols
265 3982 311 4038 est
334 3977 425 4037 restis
446 3976 613 4054 dignitatis
634 3982 663 4037 et
686 3977 835 4053 muneris,
857 3979 937 4057 quod
960 3979 1071 4042 Clerici
1097 3983 1129 4042 in
1152 4004 1251 4045 sacra·

155 4101 304 4150 Abzelehen
326 4102 372 4150 des
391 4101 486 4150 Amtcs
504 4101 559 4149 und
579 4102 674 4150 clarum
727 4099 847 4153 zeichnet
870 4102 947 4166 wird,
972 4104 997 4153 d.
1023 4103 1039 4153 ἰ.
1065 4105 1116 4154 den
1143 4105 1252 4160 Names

154 4177 193 4226 als
209 4177 259 4226 das
273 4175 432 4237 liturgische
448 4175 564 4224 Gewnml
582 4176 615 4223 lm
631 4176 674 4225 be·
726 4176 810 4227 Stolo.
852 4177 969 4239 (Braun.
988 4179 1098 4229 llandb.
1119 4181 1145 4231 d.
1166 4182 1251 4236 Para·

154 4254 284 4302 senderen
307 4251 389 4301 Sinna
410 4252 477 4314 gall.
498 4252 548 4301 den
570 4251 674 4302 Namen
728 4254 837 4316 ruentilr,
858 4270 883 4318 p.
907 4255 980 4310 156.)

155 4328 284 4390 gegeben,
308 4328 357 4376 mit
382 4328 440 4377 dem
466 4327 501 4375 im
526 4326 674 4390 Spracbae·
762 4329 922 4392 ⁵llayencc.

154 4403 255 4454 trraucb
275 4403 321 4452 der
340 4402 374 4452 hl.
395 4401 499 4452 schrift
518 4403 674 4454 wirulerlrolt
762 4411 773 4437 ¹¹
788 4405 809 4453 Α
825 4406 903 4454 small
917 4406 988 4470 strip
1003 4406 1035 4454 ot
1047 4407 1130 4460 linen.

154 4479 197 4528 eln
236 4478 472 4541 ausgemichnetes
512 4480 593 4530 Kleid
632 4480 674 4527 be-
762 4481 891 4533 ²Shovel.
