2804 4890
156 637 411 700 massuetus
423 639 624 696 HORARUM
636 638 929 697 CANONIOARUM
942 636 1158 696 SPEOIALIS.
1187 627 1248 692 379

204 812 256 889 (O)
285 812 416 875 Saluum
443 811 488 874 II.
515 813 549 873 in
575 813 644 874 Fer.
671 812 843 893 maJ'oribus
868 815 900 874 el
925 831 942 874 a
970 811 1056 891 Sept.
1083 808 1245 890 usquead

157 901 433 984 Quadragesimam
450 909 482 967 et
501 906 533 966 in
554 904 681 984 Vigiliis
699 903 926 967 communibus.

198 1000 227 1058 3.
271 998 465 1080 Capitulum,
483 997 631 1078 Hymnus
647 1003 679 1062 et
698 998 812 1060 Versus

203 1090 254 1169 (a)
282 1090 316 1151 in
352 1091 420 1153 Fer.
456 1110 511 1172 per
543 1092 674 1152 Annum
712 1093 792 1170 (exc.
828 1091 938 1171 Temp.
975 1090 1102 1166 Paseh.)
1143 1092 1175 1151 et
1210 1090 1245 1151 in

157 1182 286 1263 Vigiliis
311 1182 349 1246 de
377 1181 549 1260 Psalteri03

202 1275 253 1355 (b)
282 1276 317 1337 in
335 1276 403 1338 Fer.
424 1278 533 1356 major.
553 1280 584 1340 el
603 1278 713 1357 Temp.
734 1276 843 1339 Pasch.
863 1276 901 1340 de
922 1276 1099 1338 Ordinatio.

196 1373 224 1430 4.
269 1367 451 1449 Antiphoua
468 1370 507 1432 ad
523 1367 712 1431 Benedictus

201 1460 253 1539 (a)
280 1459 315 1521 in
345 1461 446 1523 Feriis
477 1480 533 1541 per
563 1460 693 1523 Annum
731 1462 811 1540 (exc.
843 1460 953 1542 Temp.
985 1459 1112 1539 Pasch.)
1148 1463 1180 1523 et
1211 1459 1245 1520 in

159 1553 284 1632 l'igiliis
305 1554 342 1616 de
365 1554 536 1629 l‘salterio;

200 1644 252 1723 (b)
281 1645 314 1705 in
337 1645 405 1707 Fer.
429 1647 539 1724 major.
561 1651 593 1709 et
615 1647 724 1726 Teiup.
746 1647 856 1709 Paseh.
878 1667 915 1711 ex
938 1647 1072 1727 Proprio
1092 1646 1130 1710 de
1153 1645 1244 1708 Tem·

154 1757 237 1817 pore.

194 1829 392 1894 Benedictus.
441 1831 624 1913 Antiplmua
650 1832 771 1913 integra
796 1834 923 1899 dieitur.

195 1925 222 1983 5.
243 1922 353 1985 Preces
376 1923 498 1987 feriales
518 1924 669 1988 dicuutur
692 1925 725 1985 in
748 1925 847 1987 Feriis
870 1924 1042 2004 majoribus
1063 1930 1094 1988 et
1114 1924 1245 2007 Vigiliis

151 2016 339 2079 communib.
358 2016 446 2078 flexis
464 2016 605 2097 genibus.

195 2113 222 2171 6.
266 2109 421 2173 Ilomiuua
445 2110 611 2174 uobiscum.
657 2112 800 2175 Oramus.
846 2112 955 2177 Oratio
978 2113 1050 2175 diei.

195 2205 222 2265 ¹7.
267 2202 595 2277 Oouuuemorationes,
621 2207 646 2265 si
675 2205 835 2268 faciendae
861 2207 934 2267 sint.

193 2298 222 2358 8.
267 2295 461 2375 Suffragium
484 2296 522 2358 de
545 2297 689 2359 omnibus
713 2298 837 2359 Sanctis
859 2319 922 2360 exe.
946 2303 1084 2378 tempore
1106 2299 1185 2360 Adv.
1209 2302 1241 2362 et

153 2388 320 2452 Passionis.
346 2388 454 2469 Teiup.
481 2388 623 2451 Pasehali
650 2391 719 2468 ejus
744 2390 810 2453 loeo
833 2389 951 2452 dieitur
977 2392 1240 2455 Commemoratio

151 2479 189 2541 de
208 2479 316 2543 Oruee.

192 2573 219 2632 9.
242 2569 399 2636 Dominus
418 2570 585 2637 vobiscum.
629 2573 739 2636 Cetera
757 2579 794 2636 ut
812 2575 845 2635 in
867 2574 977 2638 Pestis.

628 2856 759 2909 PRIMA.

190 3052 218 3115 1.
263 3051 366 3116 Pater.
390 3052 464 3115 Ave.
488 3052 597 3116 Oredo.
620 3055 706 3116 Deua
729 3055 760 3116 iu
784 3055 991 3136 aaljiaelorium.

190 3145 218 3206 2.
238 3142 386 3224 Hymnus
405 3146 480 3208 Jom
503 3145 591 3209 lucis.

190 3241 220 3301 3.
263 3240 446 3318 Antiphona

194 3330 245 3409 (a)
273 3330 307 3392 iu
326 3330 427 3394 Feriis
445 3332 633 3395 minoribus⁸
652 3333 691 3395 de
711 3333 883 3410 Psalteri03

196 3424 248 3502 (b)
276 3425 309 3486 in
331 3426 431 3488 Feriis
451 3427 633 3506 majoribus.

190 3518 242 3592 (1)
271 3517 433 3580 Adventus
457 3540 494 3583 ex
522 3519 631 3601 Propi.
658 3520 696 3585 de
721 3522 829 3601 Tomp.
855 3520 894 3584 de
917 3522 1017 3584 Laud.
1054 3522 1237 3588 Dominicae

146 3608 376 3687 praecedentis:
399 3630 415 3672 a
440 3610 490 3673 die
515 3615 562 3673 17.
587 3610 660 3675 Deo.
684 3632 721 3674 ex
744 3612 844 3675 Laud.
869 3611 987 3677 Feriae.

195 3706 248 3777 (⁴2)
276 3703 538 3781 Quuilragesimuo
555 3710 585 3767 el
604 3707 761 3767 Passionis
779 3707 816 3767 ‹le
834 3706 1012 3769 Ordinatio.

188 3798 217 3855 4.
242 3794 358 3857 Psalmi
389 3795 426 3858 de
458 3797 548 3860 Faria
578 3799 727 3860 eurrsuli.
759 3797 891 3871 Quando
918 3798 957 3860 ad
989 3798 1087 3862 Laud.
1118 3798 1238 3862 adhibi·

146 3890 215 3947 tum
233 3887 330 3949 fuerit
350 3887 481 3950 Saluum
502 3889 749 3965 ll.,di(·uutur4
770 3889 898 3953 Psalmi.

188 3976 370 4058 Antiplionu
388 3980 508 4059 integra
526 3981 653 4043 dieitur.

191 4076 217 4132 5.
263 4072 445 4152 Capitulum
470 4075 579 4135 l'umm
603 4075 641 4137 de
663 4075 841 4139 Ordiuario.
868 4078 922 4156 (T.
945 4078 981 4139 P.
1003 4078 1083 4158 Regi
1101 4079 1237 4144 soeculo·

147 4164 244 4241 ritui.)
291 4164 356 4227 Deo
377 4165 504 4246 yrulioa.

190 4258 217 4316 6.
257 4256 403 4337 Rospuus.
424 4260 468 4320 lu.
491 4258 625 4325 Chrsalo.
647 4262 719 4323 Pili.

176 4420 269 4474 sstem
292 4427 351 4476 Fer.
375 4427 410 4477 ll.
432 4429 538 4491 llogul.,
556 4428 646 4493 Quat„
666 4432 758 4497 Teuuip.
778 4432 948 4498 Septembris
965 4438 993 4485 et
1013 4435 1126 4501 Vigiliis
1144 4448 1240 4490 comm.
