2804 4890
177 666 236 733 120
278 676 333 735 DE
356 675 452 736 amu
470 674 741 735 remissarum
765 675 808 734 IN
829 674 950 735 mssa
973 674 1155 737 valvum.

218 854 247 912 8.
271 849 310 912 Ιιι
326 849 434 912 Missas
451 851 487 914 de
503 852 621 932 Requie
638 870 702 912 non
717 850 835 912 dicitur
852 850 903 912 Ps.
918 851 1055 925 ducllum·
1070 852 1264 915 omittuntur

175 943 289 1007 oscula.
331 943 383 1006 Ad
402 945 610 1027 Requiesccnt
630 945 665 1006 in
685 964 759 1025 poce
780 944 986 1023 respondetur
1005 945 1118 1008 Amen.

622 1228 737 1300 ΛΒΤ.
763 1228 814 1300 Π.

209 1437 260 1490 ΒΕ
282 1437 435 1490 omem
456 1438 762 1490 cAPELLANORUM
784 1438 829 1488 IN
850 1438 966 1489 MIssn
987 1438 1156 1489 PRIVATA
1177 1438 1228 1490 AB

500 1524 681 1576 EPISOOPO
707 1524 937 1576 CELEBRATA.

481 1707 519 1770 A.
542 1706 586 1769 ue
606 1708 699 1770 rebus
719 1708 954 1786 praeparandis.

215 1859 265 1924 77.
287 1860 391 1924 “Cum
409 1861 584 1943 Episcopus
601 1862 769 1927 celebrabit
787 1864 927 1941 Missam,
946 1864 1102 1942 convenit,
1119 1870 1156 1929 ut
1173 1885 1262 1946 para·

173 1957 279 2018 menta
306 1954 420 2039 Missae
446 1976 509 2018 non
537 1956 576 2020 de
602 1958 754 2033 sacristia,
781 1958 835 2020 sed
861 1979 899 2023 ex
926 1960 993 2039 ipso
1020 1959 1126 2022 Altari
1152 1960 1262 2021 ordine

173 2048 326 2130 disposita
345 2049 541 2130 accipiat;”¹
563 2050 676 2130 quibus
697 2051 826 2113 additur
845 2052 1116 2133 superpelliceum,
1137 2053 1164 2114 si
1186 2051 1261 2132 Epi-

172 2162 284 2223 scopus
302 2144 345 2207 sit
364 2143 526 2224 regularis.
571 2143 755 2225 Manipulus
775 2145 904 2208 seorsim
924 2146 957 2206 in
978 2165 1075 2207 cornu
1097 2144 1261 2226 Evangelii

173 2236 220 2299 vel
242 2236 276 2298 in
298 2237 457 2300 credentia
477 2239 618 2318 ponitur,
639 2239 701 2299 nisi
724 2238 820 2300 Missa
841 2241 884 2302 sit
904 2239 943 2301 de
966 2239 1125 2319 Requiem.
1161 2240 1262 2320 Super

172 2329 332 2394 credentia
355 2331 446 2407 calix,
470 2331 575 2412 bugia,
597 2352 718 2395 necnon
742 2332 804 2393 duo
827 2332 986 2395 intortitia
1009 2352 1067 2413 pro
1090 2333 1262 2396 elevatione

172 2424 224 2487 “et
244 2423 307 2486 alia
325 2427 497 2488 necessaria
517 2426 606 2505 prius
625 2445 682 2506 per
701 2425 836 2505 aliquem
857 2427 926 2505 ejus
947 2425 1153 2507 Capellanum
1175 2446 1261 2507 prae·

172 2519 376 2598 parabuntur.
428 2519 503 2580 Ideo
532 2519 620 2582 valde
649 2519 834 2581 conveniens
861 2525 951 2595 esset,
979 2526 1016 2581 ut
1044 2520 1122 2584 duos
1150 2520 1260 2583 saltem

173 2610 357 2693 Capellanos
381 2612 473 2674 cottis
497 2611 625 2674 mundis
650 2612 777 2674 inclutos
801 2612 885 2692 apud
910 2633 941 2675 se
965 2613 1183 2676 ministrantes
1207 2613 1260 2674 lia·

171 2703 277 2768 beret''
297 2705 480 2786 Episcopus.
521 2704 762 2785 (lapellanorum
781 2706 908 2770 nomine
928 2706 1153 2788 intelliguntur
1172 2706 1261 2769 Pres-

172 2797 290 2878 byteri;
317 2818 425 2861 verum
452 2800 479 2860 si
506 2799 656 2874 deessent,
683 2799 788 2861 clerici
815 2800 1015 2881 supplebunt.
1067 2800 1187 2864 Stolam
1215 2820 1261 2862 as-

172 2911 293 2954 sumere
306 2912 370 2954 non
384 2898 526 2973 possunt,
538 2894 550 2926 ²
564 2894 622 2955 etsi
638 2898 752 2972 patena
766 2893 823 2954 sub
837 2897 944 2955 mento
959 2895 1261 2956 communicantium

172 2985 307 3049 tenenda
326 2986 441 3049 foret³

214 3081 242 3140 2.
265 3079 350 3140 Ante
367 3078 476 3142 Altare
493 3080 623 3158 ponitur
639 3079 888 3160 genuflexorium
905 3100 977 3142 cum
995 3084 1094 3142 strato
1112 3085 1143 3143 et
1160 3079 1262 3161 pulvi·

172 3173 232 3248 nis,
256 3192 291 3234 ac
315 3192 408 3253 super
431 3172 643 3253 genuflexorio
667 3193 767 3235 canon
791 3173 992 3253 pontificalis,
1016 3178 1047 3236 et
1072 3174 1166 3254 bugia
1189 3193 1261 3236 cum

172 3266 301 3329 candela
322 3286 449 3328 accensa
470 3286 489 3327 a
510 3265 657 3328 sinistris.
702 3265 742 3327 In
764 3265 869 3328 Altari
891 3266 1106 3329 accenduntur
1128 3271 1262 3346 quatuor

171 3360 326 3422 candelae.

215 3457 243 3516 3.
267 3453 302 3515 Si
324 3459 448 3534 praeter
470 3452 654 3535 Capellanos
676 3453 732 3515 alii
753 3453 858 3515 clerici
881 3453 997 3529 adsint,
1019 3458 1205 3535 permanent
1226 3473 1262 3516 ac

170 3547 388 3629 genuflectunt
418 3548 458 3610 ad
490 3546 693 3622 credentiam,
724 3552 943 3627 praeterquam
975 3547 1061 3609 inira
1093 3551 1262 3628 utrumque

172 3641 390 3722 Evangelium‚
406 3640 562 3721 ampullas
577 3639 726 3715 afferunt,
743 3640 962 3719 campanulum
978 3639 1117 3721 pulsant,
1133 3646 1164 3703 et
1180 3660 1261 3702 cere

171 3757 206 3799 os
230 3736 270 3798 ad
295 3736 498 3799 elevationem
524 3735 707 3797 sustinent.⁴
750 3733 839 3796 Alias
865 3735 944 3797 cerei
971 3735 1141 3815 “poterunt
1168 3753 1261 3814 super

172 3830 292 3892 duobus
313 3829 508 3892 candelabris
529 3829 652 3908 magnis
672 3828 810 3903 accendi,
831 3827 907 3889 dum
928 3828 1068 3892 elevatur
1089 3828 1210 3908 Corpus
1230 3831 1262 3889 et

173 3923 310 4004 Sanguis
324 3920 484 3995 Domini,''
499 3922 519 3983 i.
534 3943 559 3984 e.
575 3925 646 4002 post
659 3921 795 3984 Sanctus
809 3920 1111 3998 ante‘elevationem,
1124 3921 1177 3984 “et
1191 3928 1262 4002 post

173 4016 433 4081 Communionem
448 4013 623 4094 extingui.’'

210 4199 359 4250 ¹Caersm.
375 4199 426 4264 Ep.
442 4197 465 4248 I.
482 4197 523 4261 29,
538 4198 609 4248 unde
623 4197 690 4248 cita·
777 4199 849 4251 ³De
870 4198 972 4264 Conny,
992 4199 1034 4251 Da
1053 4198 1152 4251 Herdt.

168 4277 259 4330 tiones
280 4292 384 4342 quoque
406 4281 555 4341 sequentes.
777 4282 790 4315 ⁴
809 4275 886 4327 Caer.
906 4276 958 4341 Ep.

209 4354 274 4407 ¹1).
293 4354 370 4406 2741.
393 4355 421 4419 13
443 4357 471 4405 st
491 4353 568 4405 3367.
