2804 4890
207 709 261 764 DE
282 709 398 766 vuele
421 710 571 777 secale,
596 709 646 764 ET
668 707 954 764 SUPELLEGTILI
978 706 1143 762 camois.
1174 696 1212 756 21

124 871 332 935 perpendimur
351 870 405 922 tine
423 871 517 922 drawn
534 872 609 934 {rom
628 872 673 921 the
692 874 740 933 top
758 870 791 932 o!
808 869 854 920 the
874 868 943 919 boeto
960 869 993 931 o!
1010 868 1056 921 tae
1075 872 1139 917 neat
1157 881 1215 931 poio

124 949 212 998 otreod
227 952 255 997 to
272 947 317 997 the
332 948 408 1009 ytoor.

162 1024 216 1075 The
234 1024 334 1074 middle
351 1024 419 1074 oiale
435 1027 483 1073 uot
501 1024 552 1074 leae
569 1023 636 1073 than
654 1024 670 1073 6
685 1024 754 1085 feet,
771 1022 817 1072 tho
834 1021 892 1072 aide
910 1020 977 1071 atate
995 1022 1011 1071 5
1027 1021 1086 1083 teet
1104 1019 1180 1070 wide.

163 1101 308 1164 (Corporol
330 1102 361 1149 18
383 1101 452 1149 ineo.
474 1114 531 1163 aq.;
551 1099 610 1164 poll
631 1100 647 1149 6
667 1098 737 1148 incr.
758 1111 816 1160 aq.;
836 1096 997 1162 purificator
1018 1096 1123 1147 noae
1144 1095 1214 1146 enon

125 1176 256 1228 -Amiee
270 1177 286 1227 2
300 1189 319 1226 a
331 1176 348 1226 3
360 1173 446 1241 leot.)

215 1567 264 1618 DE
292 1568 403 1619 VASIS
430 1567 567 1629 secale,
595 1568 643 1617 ΕΤ
672 1567 942 1618 SUPELLECTILI
971 1567 1124 1618 camera.

174 1702 220 1764 10.
244 1701 334 1766 earu
355 1703 528 1784 requiritur
550 1704 623 1783 “qui
646 1703 737 1767 debet
758 1724 822 1767 esse
844 1724 956 1766 aureus
979 1705 1026 1766 vel
1049 1710 1214 1783 argenteus

130 1796 175 1860 rel
189 1796 299 1859 saltem
312 1787 424 1861 habere
437 1816 570 1877 cuppam
584 1802 763 1876 argenteam
777 1799 863 1859 intua
878 1799 1056 1859 inauratam
1064 1796 1094 1873 ;'’
1108 1802 1164 1860 aut
1176 1797 1214 1858 ob

128 1895 345 1971 paupertatem
365 1910 431 1953 eoae
453 1895 554 1971 potest
576 1911 613 1953 ex
635 1895 756 1953 stanno.

171 1986 198 2044 2.
223 1982 313 2047 Calix
325 1987 357 2047 et
370 1988 485 2065 patena
497 1983 611 2048 debent
623 2005 687 2048 ease
701 1985 868 2047 chrismate
882 1990 1068 2047 consecrata.
1113 1983 1215 2046 Amit-

128 2080 171 2141 tit
183 2077 264 2140 calix
275 2078 550 2154 consecrationem,
563 2077 687 2159 quando
701 2078 740 2140 ad
757 2078 953 2140 Sacrificium
968 2079 1003 2140 fit
1020 2080 1161 2159 ineptus:

176 2172 227 2250 (a)
255 2166 316 2235 Per
332 2171 524 2246 fracturam3

176 2266 229 2345 (b)
258 2265 292 2327 Si
310 2285 363 2346 pes
380 2286 398 2327 a
415 2285 516 2346 cuppa
533 2269 703 2345 separetur,
720 2267 781 2327 nisi
799 2266 879 2327 calix
897 2267 939 2328 sit
956 2265 1133 2342 tomatilis;

178 2359 226 2437 (c)
255 2358 290 2420 Si
307 2361 449 2422 foramen
466 2358 523 2421 fiat
541 2359 574 2420 in
592 2358 702 2434 fundo,
720 2360 764 2420 ita
781 2363 818 2420 ut
836 2358 944 2419 vinum
962 2358 1083 2421 effluere
1101 2359 1216 2439 possit3

177 2452 231 2532 (d)
259 2453 320 2515 Per
335 2472 448 2515 noram
465 2453 712 2525 inaurationem;
729 2471 792 2515 non
810 2473 880 2513 vero
898 2457 999 2526 antea,
1016 2453 1041 2513 si
1060 2453 1216 2513 inauratio

130 2567 185 2628 per
207 2566 298 2608 usum
321 2546 453 2608 decidat.
499 2545 623 2607 Pariter
644 2550 758 2626 patena
781 2550 943 2608 execratur
965 2566 1021 2626 per
1043 2546 1216 2608 fracturam

129 2644 161 2703 et
181 2660 294 2704 noram
315 2641 555 2703 inaurationem.

172 2737 200 2796 3.
223 2734 320 2814 Pyrria
336 2754 390 2796 seu
407 2733 559 2796 ciborium
577 2738 609 2796 et
627 2735 737 2796 luo'uto
754 2735 918 2796 ostensorii
936 2755 990 2796 seu
1007 2740 1216 2796 remonstran-

131 2829 215 2891 tiae¹
238 2826 448 2891 benedicenda
471 2829 568 2890 sunt²
592 2827 728 2889 formula
752 2827 888 2889 Ritualis
911 2826 1093 2891 Benedictio
1119 2831 1217 2892 tober-

131 2922 236 2985 nocolo'
247 2928 305 2984 ete.
327 2922 364 2999 (i.
380 2942 405 2984 e.
420 2921 547 3001 ciborii)
567 2941 585 2982 a
602 2920 767 2984 Sacerdote
781 2921 913 2983 habente
929 2922 1113 2984 facultatem
1128 2922 1217 2984 bene·

131 3014 255 3079 dicendi
271 3015 456 3078 vestimenta
470 3015 620 3078 ete—Ex
635 3015 758 3077 decreto
775 3014 806 3076 S.
822 3014 858 3076 R.
876 3014 1135 3096 Congregationis
1150 3036 1217 3096 per·

131 3109 217 3172 mitti
233 3115 335 3190 potest
353 3109 505 3170 ciborium
522 3128 560 3170 ex
577 3128 673 3188 cupro
691 3108 849 3184 deaurato,
868 3110 944 3171 item
961 3110 1170 3172 monstrantia
1188 3114 1218 3172 et

131 3202 265 3266 lunula.⁸
333 3202 405 3264 Non
428 3202 515 3264 decet
539 3222 657 3264 sacram
683 3202 815 3281 speeiem
841 3203 923 3264 inter
948 3203 1061 3264 vitreas
1085 3203 1218 3265 laminas

131 3296 258 3359 lunulae
285 3298 330 3358 ita
358 3295 527 3369 includere,
555 3315 688 3375 quarum
715 3295 893 3374 superficies
923 3295 1010 3358 illam
1040 3296 1219 3359 immediate

131 3393 287 3471 tangant.⁴

173 3489 202 3545 4.
226 3483 417 3546 ornamenta
444 3481 567 3543 ealirir:
596 3481 864 3560 Purificotorium,
892 3485 976 3564 potio
1003 3490 1033 3545 et
1063 3486 1219 3565 corporale

130 3598 209 3658 quae
227 3598 264 3640 ex
283 3577 349 3639 lino
368 3577 415 3639 rel
434 3576 570 3638 cannabe
590 3575 700 3637 confici
720 3575 844 3652 debent,
864 3577 1053 3641 “interdicto
1072 3584 1104 3638 et
1123 3578 1219 3639 vetito

131 3673 268 3735 aliorum
290 3690 359 3746 usu,
383 3689 460 3750 quae
482 3690 520 3733 ex
542 3670 678 3749 gossipio
701 3668 944 3748 supererunt.’'⁶
990 3671 1078 3731 Palla
1101 3675 1132 3734 et
1156 3692 1220 3733 eor-

132 3766 247 3847 potale,
264 3785 327 3827 non
344 3785 415 3827 vero
432 3762 693 3845 purificatorium,
709 3763 920 3825 benedicenda
938 3769 1021 3826 sunt.
1067 3764 1220 3828 Convenit

130 3881 189 3922 aru
213 3861 340 3940 pingere
363 3859 495 3921 Crucem
520 3858 551 3920 in
575 3858 678 3921 medio
701 3858 906 3938 purificatorii
932 3864 963 3920 et
987 3858 1087 3939 pallae
1116 3859 1163 3937 (et
1187 3861 1219 3920 in

127 3954 245 4035 angulo
267 3953 491 4035 manutergii),
514 3955 606 4033 atque
629 3952 662 4014 in
685 3956 792 4017 centro
814 3951 992 4033 corporalia.

175 4046 264 4108 Palla
279 4050 402 4127 aparte
417 4045 576 4125 superiore
593 4049 746 4123 cooperta,
763 4065 867 4123 panno
884 4045 990 4117 serico,
1007 4046 1060 4124 qui
1079 4047 1161 4107 “non
1179 4046 1221 4108 sit

131 4141 217 4221 nigri
232 4140 354 4216 coloris,
370 4160 427 4202 nee
443 4139 559 4202 referat
575 4137 680 4218 aliqua
696 4139 806 4199 mortis
823 4137 933 4218 signa''
950 4139 1091 4219 permitti
1109 4144 1221 4220 potest,

167 4285 178 4317 ¹
198 4276 239 4329 De
254 4277 353 4342 quibua
369 4276 418 4326 hoe
434 4276 493 4325 loeo
507 4274 602 4340 agitur
617 4274 652 4324 ob
740 4282 751 4314 ¹
772 4277 803 4327 D.
826 4278 902 4327 3234.
925 4279 948 4327 4.

129 4353 409 4471 cognationem-eum
437 4351 527 4439 calice.
703 4358 766 4477 Οοίῃ
760 4351 794 4402 Ι).
834 4353 980 4405 2600.-V.
1016 4367 1042 4402 n.
1080 4355 1131 4406 353
1165 4351 1224 4417 huj.

167 4513 179 4550 ι
199 4430 383 4562 grogfgglro‘n
402 4431 546 4480 sententia
768 4442 794 4494 p.
