2804 4890
349 706 434 761 APP.
461 705 502 761 ll.
541 704 595 760 DE
619 703 766 761 BIRETO
787 704 837 760 ΕΤ
860 701 1040 761 Plnuouo.
1186 693 1246 759 573

154 862 312 927 intersunt
327 865 430 939 choro,
447 864 615 945 imponunt
632 863 786 938 Biretum‚
803 882 901 943 quum
916 861 1035 938 sedent,
1052 864 1246 934 nouantem,

153 956 277 1036 quando
291 961 378 1020 stant
393 956 438 1018 vel
452 956 677 1037 genuflectunt.
716 956 882 1018 Celebrans
898 961 929 1019 et
944 955 1084 1017 ministri
1100 955 1134 1017 in
1148 955 1246 1015 Missa

152 1049 283 1112 solemni
297 1054 392 1130 caput
404 1053 516 1129 tegunt
531 1048 638 1110 Bireto
652 1055 801 1134 tempore,
816 1067 876 1128 quo
896 1049 998 1128 (inira
1012 1047 1130 1123 Gloria,
1145 1045 1246 1109 Credo

152 1143 227 1222 etc.)
258 1141 354 1204 sedile
377 1146 540 1222 occupant,
567 1146 706 1203 attamen
732 1160 894 1221 uunquam
922 1160 1019 1221 quum
1046 1140 1144 1202 Missa
1169 1139 1245 1202 cele-

152 1234 262 1298 bretur
279 1253 383 1299 coram
405 1234 463 1297 SS.
485 1236 686 1296 Sacramento
705 1235 854 1314 exposito.

196 1331 223 1391 7.
247 1327 386 1390 Pileolus
408 1331 455 1391 est
474 1346 590 1407 parvus
611 1345 735 1407 pannus
758 1328 877 1389 formae
900 1325 1053 1390 rotundae
1077 1326 1123 1388 vel
1147 1326 1245 1388 circu·

152 1418 238 1497 lsris,
255 1439 316 1501 quo
332 1419 511 1500 contegitur
527 1439 640 1482 corona
658 1417 781 1498 capitis,
800 1439 878 1500 quae
896 1419 981 1500 apud
1001 1418 1137 1482 clericos
1154 1437 1245 1500 prop-

152 1517 200 1577 ter
219 1518 380 1577 tonsuram
399 1514 476 1575 solet
495 1533 559 1575 csse
578 1511 674 1574 nuda,

194 1608 223 1668 8.
246 1606 433 1686 Antiquitus
449 1604 639 1667 valetudinis
653 1625 747 1668 causo
762 1605 851 1686 prius
866 1609 1046 1686 assumptus
1061 1608 1168 1686 postea
1184 1606 1246 1685 sig·

151 1718 229 1761 num
257 1699 395 1774 honoris,
423 1701 523 1759 slatus
554 1703 584 1760 ct
613 1697 781 1775 dignitatis
811 1699 917 1761 evasit.
970 1700 1056 1780 Papa
1088 1698 1242 1760 Pileolum

151 1796 253 1872 gestat
268 1791 331 1854 slbi
349 1791 469 1854 coloris.
510 1790 692 1853 Cardinules
711 1792 867 1854 Pilcolum
886 1792 997 1855 coloris
1016 1792 1102 1853 rubri
1120 1796 1153 1855 et
1170 1790 1245 1871 Epi-

153 1885 237 1964 scopi
258 1885 307 1964 (hi
323 1884 391 1961 soli,
406 1904 469 1946 non
486 1888 591 1947 aulem
607 1885 661 1945 alii
680 1884 817 1946 Proclsti
832 1885 899 1947 sine
915 1884 1042 1964 speciali
1057 1884 1239 1967 privilegio)

152 1977 263 2041 coloris
280 1976 408 2041 violacei
429 1977 462 2056 (e
476 1975 670 2040 concessione
687 1978 739 2038 Pii
755 1978 814 2038 IX.
832 1981 879 2039 17.
898 1978 918 2038 J
923 1997 976 2040 un.
993 1980 1090 2056 1867)
1110 1982 1245 2058 gestant.

154 2069 270 2134 Omnes
291 2070 347 2133 elii
373 2068 497 2145 Clerici,
519 2071 546 2131 si
571 2068 661 2131 illum
686 2074 807 2149 goslare
832 2069 940 2145 velint,
966 2070 1085 2132 Pileolo
1109 2072 1245 2133 utuntur

151 2161 236 2244 nigri
256 2161 377 2226 coloris.

191 2259 219 2320 9.
243 2255 382 2319 Pileolus
406 2255 528 2317 ‹livcrsc
552 2256 681 2317 nomina
707 2255 809 2330 habet,
836 2255 927 2317 siculi
955 2254 1065 2329 calote,
1091 2257 1244 2328 rochetto,

154 2349 220 2413 Soli
239 2348 313 2412 Deo.
354 2347 470 2410 Stricte
488 2353 621 2413 velatur.
638 2346 805 2427 quominus
823 2347 995 2408 sacerdotes
1016 2347 1134 2410 Pileolo
1153 2351 1244 2409 ulon-

153 2533 317 2616 Episoopis
347 2533 431 2595 intra
461 2532 576 2595 Missae
605 2535 708 2613 parles
739 2533 844 2593 minus
873 2532 1035 2607 solemnes,
1063 2552 1126 2595 non
1158 2532 1244 2596 infra

152 2646 312 2691 cononem.
