2804 4890
150 672 190 735 66
275 682 329 737 DE
351 683 590 752 QUIBUSDAM
612 685 746 741 MISSIS
768 685 812 741 IN
836 684 1117 743 Paaulcunaaa

193 856 362 938 Regulares
384 857 476 919 choro
498 857 642 919 adstricti
664 861 813 919 tenentur
834 857 974 937 quotidie
996 859 1029 919 in
1051 880 1161 923 eorum
1183 859 1237 923 Dc·

150 952 252 1014 clesiis
268 950 421 1013 celebrare
437 951 567 1013 Missam
584 951 853 1014 Conventualem¹
869 951 1043 1032 etquidem
1059 973 1155 1015 unam
1172 957 1239 1016 tan-

150 1052 218 1109 tum
232 1066 304 1107 cum
317 1047 495 1108 assistentia
509 1046 682 1108 choralium
695 1047 734 1110 de
749 1046 857 1110 Officio
870 1047 932 1111 diei
946 1048 957 1081 ²
971 1067 1034 1111 non
1048 1053 1154 1111 tamen
1169 1069 1240 1111 cum

150 1144 245 1202 cantu
271 1141 369 1219 (siout
389 1141 422 1200 in
445 1139 684 1205 Cathedralibus
704 1146 736 1203 et
758 1140 986 1222 Collegiatis,)³
1006 1142 1069 1203 nisi
1090 1141 1240 1224 obligatio

149 1234 277 1296 aliunde
312 1234 465 1310 oriatur3⁴
501 1254 557 1296 nec
593 1254 665 1297 oum
700 1234 891 1315 obligatione
926 1236 1149 1317 applicationis
1185 1255 1240 1318 pro

150 1328 419 1391 “benefactoribus
437 1329 469 1390 in
483 1327 627 1408 genere.''

192 1423 342 1485 Attamen
360 1423 393 1483 in
411 1424 491 1486 festo
511 1424 541 1483 S.
562 1423 660 1485 Marci
678 1429 710 1486 et
727 1424 827 1487 tribus
846 1424 934 1486 feriis
951 1424 1166 1505 Rogatiouum
1184 1425 1239 1487 Re

148 1517 272 1592 gulones
287 1516 365 1577 duas
383 1516 495 1578 Missas
510 1516 730 1580 conventuales
746 1517 849 1580 dicere
865 1517 977 1580 debent
985 1539 995 1594 3
1011 1518 1046 1579 in
1064 1519 1095 1580 N
1097 1518 1240 1580 ativitata

150 1609 280 1671 Domini
302 1611 389 1672 tres.⁶

192 1702 367 1782 Aliquoties
384 1703 588 1767 conformitas
604 1702 701 1783 hujus
720 1704 833 1767 Missae
849 1725 921 1766 curn
938 1703 1037 1768 officio
1055 1704 1159 1767 feriali
1177 1725 1239 1767 non

149 1797 381 1877 praescribitur.
425 1797 516 1876 (Vid.
533 1797 629 1859 Rubr.
644 1817 715 1877 gen.
732 1797 782 1861 tit.
799 1797 858 1859 IV.
874 1801 906 1860 et
920 1797 961 1859 V.
1006 1797 1068 1871 Qui
1085 1818 1175 1860 casus
1190 1797 1240 1859 vix

150 1910 288 1970 unquam
304 1891 387 1970 apud
404 1911 460 1954 nos
474 1893 670 1969 occurrunt.)

192 1983 360 2064 Regulares
382 1984 435 2065 qui
457 1983 503 2046 vel
524 2005 561 2047 ex
583 1984 809 2049 consuetudine
830 1983 879 2047 vel
900 2004 937 2047 ex
958 2004 1068 2049 eorum
1089 1985 1240 2048 constitu·

150 2077 299 2152 tionibus,
314 2079 348 2138 in
362 2078 548 2157 quibusdam
563 2079 651 2140 feriis
665 2083 697 2141 et
710 2078 828 2158 vigiliis
841 2078 880 2140 ad
895 2079 972 2140 duas
986 2077 1034 2142 vel
1048 2083 1113 2141 tres
1130 2079 1241 2141 Missas

150 2171 369 2235 conventuales
394 2176 552 2246 tenentur,
578 2172 674 2234 etiam
699 2173 733 2233 in
758 2178 919 2253 posterum
944 2173 1000 2234 has
1026 2172 1140 2234 Missas
1165 2173 1240 2235 cele

150 2263 239 2326 brare
260 2264 373 2328 debent
393 2269 463 2345 post
483 2265 643 2346 propriam
665 2265 787 2327 Horam
808 2264 1010 2343 Canusinam,
1031 2265 1085 2328 sed
1106 2267 1175 2329 sine
1194 2286 1241 2328 as-

151 2358 294 2421 sistentia
308 2358 505 2421 choralium.⁰

193 2455 220 2513 3.
245 2451 312 2517 Qua
330 2450 409 2512 hora
427 2451 470 2515 sit
489 2450 677 2513 celebranda
685 2469 736 2513 :-

199 2548 249 2624 (α)
277 2547 339 2607 “In
352 2546 441 2607 iestis
456 2545 634 2626 duplicibus
647 2554 678 2610 et
691 2545 958 2625 semiduplicibus,
972 2546 1006 2607 in
1020 2544 1198 2609 Dominicis
1210 2552 1243 2611 et

151 2640 237 2701 infra
254 2645 385 2710 octavas,
403 2640 487 2701 dicta
506 2641 537 2700 in
556 2640 648 2702 choro
665 2640 742 2700 hora
760 2637 899 2701 Tertia.''

200 2734 252 2811 (b)
281 2733 341 2792 “In
374 2733 463 2796 festis
496 2732 691 2812 simplicibus
722 2736 754 2795 et
786 2733 874 2794 feriis
906 2752 962 2813 per
993 2753 1124 2807 annum,
1156 2733 1242 2796 dicta

153 2825 278 2888 Sexta.''

199 2923 248 2999 (c)
276 2920 337 2982 “ln
371 2920 529 2994 Adventu,
566 2918 820 2997 Quadragesima,
856 2917 999 2993 Quatuor
1034 2919 1244 3000 Temporibus

151 3015 247 3078 etiam
264 3014 349 3075 intra
366 3018 505 3075 octavam
524 3013 730 3087 Pentecostes,
746 3017 777 3074 et
793 3012 910 3092 vigiliis
927 3032 1005 3092 quae
1022 3012 1243 3092 jejunantur,''

151 3108 275 3172 etiamsi
302 3107 340 3168 de
367 3107 489 3187 jejunio
516 3127 553 3170 ex
581 3105 712 3168 Indulto
739 3105 919 3186 Apostolico
945 3105 1162 3185 dispensatum
1190 3107 1243 3180 sit,

151 3201 314 3282 “quamvis
331 3201 397 3262 sint
415 3200 481 3261 dies
500 3200 661 3273 solemnes,
681 3198 778 3260 Missa
797 3198 834 3260 de
854 3203 993 3278 tempore
1011 3198 1102 3260 debet
1120 3200 1242 3261 cantari

156 3294 218 3375 [rel
240 3293 317 3375 legi]
343 3301 412 3374 post
435 3291 591 3356 Nonam.”
636 3292 732 3353 Missa
753 3313 824 3353 uero
845 3292 883 3353 de
905 3291 985 3353 festo
1005 3292 1099 3353 etiam
1123 3292 1156 3352 in
1178 3291 1243 3352 Ad·

152 3395 247 3452 ventu
269 3394 326 3451 etc.
348 3392 529 3451 occurrente
551 3407 671 3468 semper
693 3385 876 3448 celebranda
897 3388 944 3447 est
964 3389 1035 3465 post
1057 3382 1243 3459 Tertiam3'

153 3483 249 3545 Missa
269 3483 307 3547 de
327 3483 435 3559 vigilia
457 3482 642 3543 Natiuitatis
665 3481 803 3554 Domini,
824 3482 849 3541 si
871 3481 904 3541 in
925 3477 1092 3542 Dominica
1112 3480 1243 3549 venerit,

151 3582 221 3657 post
237 3577 386 3638 Tertiam.
432 3576 471 3637 In
486 3575 595 3655 vigilia
612 3575 810 3638 ascensionis
826 3574 955 3636 Domini
971 3574 1009 3636 de
1025 3574 1106 3636 festo
1121 3572 1241 3653 duplici

152 3677 205 3732 aut
227 3670 425 3750 semiduplici
447 3675 516 3749 post
538 3670 689 3745 Tertiam,
711 3671 749 3734 de
770 3671 878 3750 uigilia
900 3676 970 3750 post
993 3668 1131 3741 Sextam,
1152 3672 1184 3729 et
1204 3667 1243 3728 de

155 3764 389 3841 ltoputiorribus.
425 3765 478 3826 ubi
513 3764 667 3843 processio
702 3764 874 3843 peragitur,
909 3767 980 3843 post
1016 3762 1150 3824 Nouam.
1208 3760 1242 3824 Si

151 3863 293 3919 occurrat
318 3858 431 3920 lestruu
456 3858 541 3937 dupl.
569 3861 614 3917 1⁸0
636 3857 752 3929 classis,
775 3856 854 3918 nibil
879 3857 915 3918 fit
937 3856 975 3918 de
999 3855 1116 3936 vigilia·

199 3953 252 4029 (d)
280 3951 399 4012 “Missa
416 3952 638 4013 ‹lelnnctorum
657 3950 717 4011 dici
736 3950 826 4013 debet
844 3953 914 4030 post
931 3949 1073 4010 Primam
1090 3949 1172 4023 diei;
1188 3947 1241 4010 ubi

152 4066 223 4108 uero
236 4046 386 4108 dicuntur
398 4066 505 4107 corum
523 4045 548 4104 V
552 4044 656 4121 igiliae
675 4042 904 4122 {llalutiuuml
922 4064 1012 4106 mane
1026 4048 1095 4123 post
1111 4043 1241 4104 Matuti-

152 4158 227 4199 num
244 4139 317 4213 diei,
332 4139 425 4201 dictis
440 4139 624 4218 hujusmodi
642 4137 770 4218 Vigiliis
786 4158 856 4200 cum
873 4136 1044 4211 Laudibus,
1061 4136 1241 4201 immediate

187 4275 196 4306 ¹
217 4267 250 4317 D.
273 4268 349 4316 2524.
373 4269 395 4317 1.
759 4269 770 4300 ⁵
790 4263 858 4312 Nor.
875 4262 958 4312 Rubr.
976 4261 1044 4312 XII.

187 4349 198 4381 ²
217 4344 286 4392 Nou.
303 4343 386 4392 Rubr.
405 4340 472 4392 XII.
758 4344 770 4375 θ
792 4338 861 4387 lbid.

186 4425 197 4458 ³
216 4419 281 4468 Scil.
300 4419 322 4467 si
343 4419 416 4468 adsit
435 4417 569 4479 obligatio
588 4415 670 4466 chori.
760 4419 771 4451 ἵ
791 4414 823 4463 Ι).
839 4415 917 4464 2618.
932 4416 955 4469 1.

187 4502 198 4535 ⁴
219 4496 258 4546 De
285 4494 382 4570 Carpo,
409 4493 481 4558 sibl.
509 4493 550 4557 lit,
577 4491 601 4554 Ι.
630 4493 670 4543 10.
