2804 4890
218 681 272 738 DE
296 681 485 739 BENEDIO.
508 683 593 739 CUM
615 683 667 739 SS.
687 683 953 740 SAORAMENTO
977 684 1127 742 DANDA.
1168 675 1228 740 347

140 842 226 905 infra
240 848 381 907 octavam
397 845 544 926 Corporis
561 847 678 908 Christi
696 847 825 910 additur
841 848 990 928 Altelnja.
1035 848 1125 909 Tunc
1142 845 1225 908 Cele-

139 937 232 999 brans
261 937 375 1018 absque
405 939 609 1002 inclinatione
638 940 721 1001 solus
750 940 853 1020 surgit
881 945 912 1003 et
941 944 1065 1003 cantat:
1096 941 1228 1003 Oremns

145 1030 311 1109 (inclinat)
331 1033 416 1094 Dens
431 1034 485 1114 qni
499 1035 587 1096 nobis
601 1037 657 1094 etc.
703 1033 830 1113 ltaque:

184 1125 220 1188 V.
242 1125 363 1187 Panem
385 1127 422 1190 de
443 1129 525 1189 caelo
545 1126 732 1208 praestitisti
752 1129 805 1190 aaa.
855 1127 1038 1207 (Alleluia.)

69 1266 78 1283 .
179 1218 218 1282 Β.
241 1219 342 1282 Omne
359 1219 619 1282 delectamentum
636 1223 669 1282 in
683 1243 715 1283 ae
731 1222 904 1286 tabentem.
954 1220 1138 1300 (Alleluia.)

611 1359 753 1422 Oremaa.

178 1482 275 1557 Dens,
295 1484 350 1567 qni
369 1483 458 1547 nobie
476 1486 532 1547 snb
555 1484 757 1548 Sacramenta
778 1485 916 1550 mirabili
942 1533 949 1546 .
982 1534 989 1547 .
1021 1533 1028 1548 .
1055 1485 1117 1564 Qui
1137 1485 1225 1558 ninia,

139 1582 168 1639 et
185 1597 296 1657 repnaa
312 1579 346 1640 in
361 1579 484 1639 saecuta
499 1581 703 1640 saeculoram.
747 1580 784 1641 li.
800 1580 913 1641 Amen.
963 1578 1019 1657 (V.
1036 1598 1068 1641 n.
1086 1580 1156 1653 225,
1173 1580 1220 1657 4.)

178 1674 206 1731 6.
230 1670 371 1732 “Cantus
388 1671 595 1750 Stropharum
613 1672 749 1733 Tantam
766 1692 837 1752 erpo
852 1675 884 1735 et
900 1673 1042 1735 Genitori
1055 1691 1126 1733 cum
1145 1671 1181 1736 V.
1195 1676 1226 1733 et

139 1765 175 1826 R.
189 1768 220 1825 et
235 1763 384 1826 Oratione
398 1764 436 1825 de
451 1764 507 1824 SS.
525 1764 726 1826 Sacramento
740 1765 921 1844 praecedere
935 1765 1026 1827 debet
1039 1763 1225 1826 benedictio·

138 1877 220 1930 nem,
245 1857 386 1936 quamvis
414 1858 445 1917 in
474 1857 569 1918 Missa
595 1866 623 1918 ct
650 1857 811 1919 Laudibus
842 1857 1020 1938 [l'esperis]
1052 1858 1162 1920 Oratio
1187 1858 1225 1919 de

134 1950 243 2012 eodem
263 1949 465 2012 Sacramenta
484 1950 523 2010 sit
544 1949 686 2010 dicta.'·'¹’*
728 1950 817 2013 Aliae
838 1951 1001 2012 Orationes
1021 1951 1095 2012 addi
1114 1970 1225 2030 neque-

136 2044 233 2103 unt.¹⁹
276 2042 326 2103 Ad
347 2044 528 2104 Orationem
549 2051 606 2104 ete.
627 2064 733 2103 onmes
752 2050 874 2123 peractor
895 2043 1110 2105 t'elebrantenr
1130 2064 1225 2122 genu-

138 2135 209 2196 flexi
229 2142 400 2198 remanent.

179 2233 205 2290 l.
231 2229 338 2291 Finita
366 2229 514 2291 Oratione
542 2229 707 2291 Celebrans
733 2229 916 2309 genuflectit
942 2235 982 2305 ct,
1009 2234 1133 2310 accepto
1160 2229 1226 2290 velo

134 2323 289 2385 humerali
315 2343 332 2384 a
355 2325 458 2404 primo
484 2324 605 2399 clerice,
629 2344 691 2385 non
717 2323 885 2395 inclinat‚²⁰
910 2324 1049 2384 ascendit
1075 2323 1226 2403 suppeda-

133 2435 237 2492 neum,
255 2415 354 2479 flectit
369 2418 499 2477 unicum
517 2436 610 2495 genu,
628 2416 772 2476 manibus
790 2435 882 2495 super
898 2415 1001 2477 Altari
1021 2417 1141 2496 positis,
1160 2416 1227 2476 sine

134 2510 246 2588 capitis
273 2507 487 2583 inclinatione,
512 2510 720 2569 ostensorium
744 2508 782 2568 de
808 2507 919 2569 throno
946 2526 1038 2586 super
1062 2506 1166 2568 Alteri
1194 2508 1227 2569 in

138 2601 239 2662 medio
262 2601 415 2680 corporali
438 2602 536 2680 ponit

179 2694 301 2756 Iterum
321 2694 515 2774 genuflectit,
538 2695 755 2773 inversumque
777 2695 984 2755 ostensorium
1006 2693 1104 2754 sumit
1125 2692 1223 2752 mani-

139 2788 193 2850 bus
223 2787 289 2850 velo
316 2789 480 2867 coopertis,
509 2787 619 2848 dextra
648 2786 773 2866 quidem
802 2785 841 2846 ad
870 2785 999 2861 nodum,
1027 2785 1156 2847 sinistra
1184 2784 1224 2847 ad

135 2881 256 2961 pedem,
271 2886 301 2942 et
318 2900 374 2960 per
388 2901 477 2941 suam
493 2880 635 2941 dextram
652 2884 795 2941 “vertens
811 2901 842 2943 se
858 2880 897 2941 ad
914 2879 1065 2959 populum
1082 2899 1153 2940 curn
1171 2879 1226 2940 illo

133 2976 260 3054 signum
283 2975 394 3037 Crucis
414 2994 507 3054 super
528 2973 681 3054 populum
702 2974 907 3049 taciet‚'nihil
928 2971 1092 3047 dicens‚''²¹
1116 2993 1227 3053 nempe

136 3067 193 3130 hoc
214 3067 321 3128 modo:
345 3067 584 3128 “Ostensorium
604 3076 676 3127 ante
696 3071 802 3145 pectus
823 3070 917 3141 tenet,
938 3070 1007 3127 tum
1026 3065 1125 3129 elevat
1144 3064 1224 3126 illud

137 3161 258 3224 decenti
279 3181 367 3223 mora
388 3180 485 3238 usque
506 3159 544 3220 ad
565 3158 668 3222 oculos
689 3165 720 3221 ct
741 3158 848 3220 codam
869 3159 961 3220 modo
981 3159 1062 3221 illud
1083 3159 1223 3221 demittit

137 3255 221 3316 inira
239 3262 364 3333 pectus;
382 3273 453 3314 mox
471 3255 585 3314 iterum
604 3257 686 3314 recta
705 3252 782 3312 illud
801 3253 919 3314 attollit
937 3253 1087 3331 usquead
1106 3261 1224 3333 pactae,

136 3353 167 3410 et
189 3348 302 3409 deinde
326 3347 365 3408 ad
390 3348 554 3407 sinistrum
577 3346 742 3406 truncorum
767 3345 865 3419 alricii,
888 3351 920 3408 ct
944 3345 1065 3408 reducit
1089 3346 1127 3407 ad
1152 3346 1223 3407 dcx-

137 3440 253 3515 trum,''
275 3448 306 3502 et
328 3446 405 3503 tunc
427 3440 472 3501 vel
495 3445 597 3520 potest
618 3441 726 3501 statim
749 3459 804 3518 per
825 3459 921 3499 cornu
945 3438 1108 3518 Evangelii
1131 3460 1162 3502 ae
1184 3439 1223 3499 ad

138 3535 245 3598 Altare
262 3540 449 3608 convertere,
467 3533 629 3613 perficiens
647 3531 817 3604 circulum;
835 3532 880 3592 rel
900 3538 1000 3612 potest
1017 3532 1224 3593 ostensorium

137 3650 154 3690 a
181 3629 290 3689 dextro
319 3648 426 3689 rursus
455 3627 599 3690 reducere
626 3633 698 3687 arrtc
727 3630 832 3704 pectus
861 3625 963 3704 ibique
992 3624 1224 3705 aliquantulum

135 3724 253 3798 sistere,
273 3728 349 3784 tunc
367 3742 480 3802 gyrum
499 3721 538 3782 ad
559 3721 701 3781 dextram
722 3738 809 3780 suam
828 3719 991 3799 perficiens
1011 3739 1104 3799 super
1124 3718 1227 3780 Altari

135 3815 323 3877 collocare²²

179 3913 207 3970 8.
232 3908 411 3970 Ostensorio
433 3907 573 3988 deposito
596 3906 762 3968 Celebrans
784 3906 910 3965 unicum
932 3924 1014 3983 genu
1036 3904 1172 3977 flectit?
1193 3907 1224 3966 et

136 4025 153 4064 a
171 4005 273 4082 primo
290 4003 401 4064 clerico
418 4002 520 4061 relmn
539 3999 696 4061 lmmerale
713 4003 739 4060 ci
757 3998 944 4059 detrahitur.
991 3996 1105 4058 Statim
1123 4000 1224 4059 osten-

171 4145 194 4174 m
215 4137 246 4186 D.
267 4137 343 4186 3058.
364 4137 387 4185 3.
743 4132 949 4182 2³1mmediate
985 4137 1049 4182 ante
1086 4131 1126 4181 rel
1163 4136 1225 4195 post

171 4221 195 4252 ¹⁹
214 4214 246 4264 D.
270 4215 311 4262 23.
335 4214 403 4262 Nor.
431 4214 504 4273 1906,
527 4227 551 4260 n.
574 4213 650 4260 4194.
709 4210 921 4260 benedictionem
966 4224 1024 4258 curn
1067 4207 1224 4259 Venerabili

136 4297 174 4343 10.
709 4289 815 4337 landas:
838 4287 1003 4336 Benedictus
1022 4286 1058 4333 ait
1079 4284 1151 4335 Deae
1170 4285 1225 4335 vul·

169 4378 193 4407 ²⁰
213 4371 245 4420 D.
266 4372 304 4418 16.
323 4369 386 4418 l'cb.
406 4369 480 4428 1906,
497 4383 521 4416 n.
539 4367 614 4416 4179.
626 4367 650 4415 3.
705 4366 764 4428 gari
778 4380 900 4415 sermone
914 4364 1023 4414 recitari
1037 4368 1158 4430 possunt.
1189 4362 1222 4413 D.

168 4456 190 4485 2¹
213 4447 289 4496 (laer.
303 4447 353 4510 Ep.
370 4444 408 4494 ll.
424 4446 465 4507 33,
479 4445 520 4493 27.
705 4444 780 4493 3271.
802 4445 824 4494 1.

168 4524 380 4573 ²21).1563.2.
