2804 4890
388 139 436 190 m:
466 142 579 190 nissi
609 142 644 190 rx
672 144 815 191 mirsi
845 145 1043 197 inclusis.
1221 131 1258 195 61

174 313 212 369 u}
246 315 379 370 <aarum
411 314 594 385 uniformes,
622 314 684 375 sive
712 312 783 375 illae
811 314 844 374 in
872 314 1022 390 Romano,
1049 315 1112 376 sive
1139 315 1173 376 in
1201 315 1257 378 Re-

172 410 328 484 gularinm
354 404 474 466 Missali
499 406 744 486 contineantur,
762 405 894 469 exclusis
919 412 1025 470 tamen
1049 408 1258 488 peculiaribus

172 500 283 560 ritibus
301 497 457 560 Ordinum
475 496 640 578 propriia'’

212 596 240 653 2.
264 592 319 653 “Si
342 612 413 654 vero
434 593 468 653 in
488 592 573 654 dicta
593 592 743 668 Ecclesia,
764 593 811 654 vel
833 593 989 669 Oratorio,
1012 594 1156 656 Officium
1178 596 1258 658 ritus

171 686 288 766 duplici
307 686 467 748 inferioris
485 691 606 765 agatur,
624 687 794 766 unicuique
813 707 850 750 ex
869 687 1105 750 Celebrantibus
1125 689 1255 751 liberum

172 780 211 843 sit
226 779 355 841 Missam
369 779 407 841 de
420 780 525 859 requie
538 798 694 859 peragere,
709 779 756 842 vel
769 781 916 856 votivam,
930 782 976 843 vel
991 783 1088 845 etiam
1101 782 1139 845 de
1153 803 1257 845 occur-

172 875 252 936 renti
266 873 347 935 feria
355 893 365 948 ;
378 873 418 935 iis
432 876 537 934 tamen
550 873 687 953 exceptis
701 873 820 948 diebus,
834 875 995 955 inquibus
1011 876 1168 956 praefatas
1183 876 1257 937 Mis-

171 987 217 1030 sas
230 967 383 1030 Rubricae
398 967 534 1028 Missalis
548 968 680 1028 Romani
695 967 739 1028 vel
756 967 787 1031 S.
804 968 838 1030 Il.
854 969 887 1030 C.
905 968 1034 1030 Decreta
1048 969 1254 1048 prohibent.''¹

211 1065 239 1123 3.
264 1061 353 1123 Idem
371 1061 453 1124 valet
470 1062 509 1124 de
526 1061 654 1143 Capella
671 1062 839 1144 principali
860 1064 1097 1144 Episcoporum,
1117 1063 1257 1125 Semina-

173 1158 299 1229 riorum‚
327 1155 549 1236 Collegiorum
577 1159 702 1236 piarum
731 1156 1013 1231 Communitatum‚
1043 1157 1257 1236 Hospitalium

172 1255 201 1312 et
214 1249 393 1323 Camernm,
406 1268 483 1330 quae
497 1250 597 1311 instar
611 1250 749 1313 Oratorii
763 1250 891 1331 publici,
905 1251 945 1313 ad
958 1250 1105 1313 effectum
1124 1250 1251 1330 (supra)

172 1344 333 1406 memorati
351 1341 487 1417 Decreti,
503 1342 643 1404 habenda
659 1345 730 1406 est.²

209 1440 238 1498 4.
264 1437 299 1499 Si
323 1436 357 1498 in
382 1435 486 1499 aliena
510 1436 648 1499 Ecclesia
674 1437 819 1499 Officium
845 1438 926 1499 ritus
951 1438 1070 1518 duplici
1098 1437 1257 1501 inferioris

171 1536 290 1612 agatur,
307 1531 402 1593 sicuti
419 1530 475 1591 sub
494 1533 521 1592 2.
539 1531 660 1592 dictum
679 1537 735 1605 est,
754 1536 828 1592 tunc
848 1531 1013 1593 Celebrans
1031 1532 1126 1595 etiam
1145 1533 1257 1612 potest,

170 1624 221 1688 sed
241 1645 304 1688 non
324 1623 426 1699 debet,
447 1623 598 1687 celebrare
619 1624 749 1686 Missam
771 1623 878 1686 Officio
898 1626 1025 1705 proprio
1046 1625 1257 1698 conformem

171 1718 221 1782 sed
236 1739 300 1783 non
315 1720 381 1781 ritu
396 1720 509 1793 votivo,
524 1721 598 1799 quia
614 1719 711 1780 Missa
728 1717 835 1781 Officio
851 1720 977 1797 proprio
993 1719 1164 1782 conformis
1178 1738 1256 1779 sem·

171 1819 293 1892 pereat
316 1813 440 1887 festiva,
463 1814 515 1875 scl.
540 1813 573 1874 in
596 1812 741 1874 omnibus
765 1812 936 1873 conformis
961 1812 1147 1873 Calendario
1171 1811 1267 1876 Cela.

170 1904 298 1970 brantis.

207 2004 235 2064 5.
259 2000 294 2063 Si
310 1999 450 2065 Ecclesia
464 2001 506 2063 sit
520 1999 697 2063 concredita
711 1998 805 2060 alicui
822 1998 933 2061 Ordini
950 2000 998 2060 vel
1014 1998 1258 2079 congregationi

166 2094 229 2154 aive
250 2095 283 2155 in
303 2100 490 2174 perpetuum
511 2093 574 2154 sive
595 2092 633 2154 ad
655 2096 779 2172 tempus
800 2091 1013 2167 indefinitum,
1034 2111 1140 2153 omnes
1161 2110 1257 2153 sacer-

163 2184 252 2248 dotes
274 2185 317 2247 ibi
339 2184 529 2249 celebrantes
551 2205 582 2247 se
605 2183 801 2247 conformare
823 2184 936 2247 debent
960 2183 1145 2246 Calendario
1167 2183 1257 2244 istius

166 2276 320 2341 Ordinis.⁸
368 2275 459 2339 Idem
485 2276 567 2339 valet
592 2276 630 2338 de
657 2276 803 2340 Oratorio
830 2274 954 2356 publico
982 2277 1028 2338 vel
1055 2275 1258 2356 semipublico

173 2368 390 2453 (principali).

210 2467 238 2524 6.
263 2461 303 2524 In
332 2462 478 2525 Oratorio
506 2462 628 2542 privato
659 2464 764 2522 autem
795 2459 892 2521 Missa
921 2479 1043 2539 semper
1072 2458 1257 2522 concordare

168 2557 352 2621 debetcum
376 2555 475 2620 officio
499 2553 704 2629 Celebrantis,
727 2553 823 2617 etiam
847 2552 885 2616 de
909 2552 1016 2627 Beato,
1041 2552 1102 2613 nisi
1128 2552 1257 2614 Missam

170 2651 303 2714 votivam
317 2651 419 2732 legere
431 2650 528 2730 possit
542 2654 572 2711 et
586 2646 670 2709 velit.
716 2647 804 2708 Idem
818 2645 986 2708 «licendum
1000 2651 1046 2707 est
1060 2645 1098 2706 de
1112 2645 1257 2708 Oratorio

168 2761 231 2807 non
249 2744 418 2824 principali
437 2742 573 2821 alicujus
591 2741 837 2806 Communitatis
856 2740 1039 2819 Religiosae.

211 2842 238 2901 ’1.
262 2837 425 2915 Quomodo
453 2837 619 2899 Celebrcaa
646 2835 680 2897 in
707 2833 809 2897 aliona
837 2833 977 2895 Ecclesia
1003 2855 1034 2895 se
1063 2834 1257 2914 conformare

170 2931 282 2996 debet?

212 3025 340 3088 Missam
356 3024 459 3086 dicere
474 3023 574 3091 delict,
590 3023 638 3083 uti
655 3023 686 3082 in
705 3021 892 3082 calendario
908 3040 961 3080 seu
979 3019 1155 3083 Directorio
1172 3018 1258 3079 illius

173 3115 325 3183 &clasiae
337 3116 561 3198 praescribitur
573 3136 644 3177 cum
659 3114 704 3177 vel
718 3115 785 3175 sine
800 3114 916 3183 (llario,
931 3114 1040 3184 Credo,
1054 3132 1175 3175 necnon
1187 3131 1256 3172 cum

174 3210 371 3276 Praefatione
392 3216 424 3274 et
445 3207 792 3272 commemorationibus
814 3212 849 3268 ut
873 3206 986 3268 ibidem
1010 3210 1147 3268 notatur.
1193 3205 1258 3267 Nec

173 3303 241 3371 licet
256 3305 435 3369 Celebranti
452 3305 485 3366 in
500 3304 602 3365 aliena
619 3300 766 3375 Ecclesia,
782 3300 835 3360 ubi
852 3299 949 3361 Missa
963 3299 1002 3361 de
1017 3298 1185 3360 Communi
1201 3302 1258 3367 est,

172 3417 290 3465 sumere
310 3398 442 3461 Missam
461 3417 548 3459 suam
570 3395 740 3477 propriam,
759 3397 791 3457 et
810 3414 849 3457 ne
868 3391 996 3474 quidem
1018 3391 1200 3474 Symbolum
1221 3412 1257 3453 ex

172 3495 296 3574 proprio
311 3492 420 3557 Officio
435 3491 572 3555 addere*

204 3658 268 3711 ²1).
284 3660 309 3710 0.
325 3658 392 3720 Jul,
409 3657 484 3715 1895,
499 3670 524 3705 n.
542 3654 618 3706 3862.
643 3653 687 3704 Cf.
742 3657 840 3706 tortum
880 3655 1064 3708 concreditum
1103 3653 1140 3704 sit
1178 3654 1258 3703 alicui

172 3737 195 3791 a
208 3736 274 3790 lab.
292 3736 369 3794 1896,
384 3751 409 3785 n.
425 3734 502 3785 3883.
740 3734 868 3795 Remrlari
892 3738 1030 3797 tamqnam
1053 3745 1185 3798 personae
1207 3731 1259 3797 pri·

202 3814 266 3867 ⁸1).
284 3815 327 3865 22.
345 3812 416 3876 Maj.
437 3811 513 3870 1896,
531 3827 556 3860 n.
575 3811 652 3860 3910,
742 3815 830 3867 ratae,
863 3810 1055 3860 Calendarinm
1087 3807 1259 3858 diocesamrrn

202 3890 265 3943 ¹1).
287 3893 328 3942 15.
347 3889 411 3940 Dec.
433 3889 508 3944 1899,
528 3902 553 3936 n.
573 3888 640 3936 4051
661 3888 688 3936 et
740 3886 922 3936 adhibendum
943 3888 993 3935 est.
1015 3884 1047 3935 D.
1068 3881 1145 3931 3919.
1168 3882 1208 3932 17.

170 3966 535 4036 adpr.1⁹10,n.4252.
572 3963 600 4011 Si
622 3962 687 4013 (lra-
775 3963 838 4012 ⁴1).
856 3962 879 4010 3.
897 3960 953 4010 Jul.
974 3961 1038 4010 111111ξ
1065 3974 1078 3981 ”
1108 3955 1135 3966 ”
