2804 4890
208 675 270 742 444
385 685 439 745 ns
463 686 730 745 saoanunuro
753 686 1108 745 couriauamours.

252 840 387 904 Interim
410 844 582 923 aspersorio
605 844 742 923 aspergit
765 862 857 922 super
879 844 1094 925 pavimentum
1117 841 1302 924 presbyterii

211 934 245 995 in
260 935 373 1011 medio,
389 956 406 996 a
421 935 559 997 sinistris
572 943 604 998 et
619 956 636 997 a
652 936 771 997 dextris
787 936 851 996 suis
859 956 868 1012 3
885 936 997 999 deinde
1015 936 1160 1017 imposito
1177 939 1303 998 incenso

210 1027 245 1090 in
260 1028 421 1090 thuribulo
434 1032 465 1090 et
479 1027 534 1090 illo
548 1027 719 1103 benedicto,
732 1027 840 1089 eodem
854 1029 945 1090 modo
960 1029 1109 1090 incensat.
1136 1027 1204 1102 Quo
1218 1028 1303 1090 facto

210 1120 305 1182 dicit:

253 1213 292 1277 V.
313 1213 358 1278 Εἰ
372 1235 410 1278 ne
428 1235 484 1277 nos
499 1220 557 1277 ete.
596 1215 632 1276 R.
656 1214 719 1276 Sed
737 1213 833 1276 libera
847 1234 902 1277 nos
918 1218 977 1278 ete.

253 1306 292 1368 V.
315 1306 356 1369 In
375 1307 526 1371 mensoria
541 1311 668 1369 aeterna
686 1312 778 1369 erunt
794 1306 885 1386 justi.

246 1398 283 1461 R.
305 1400 354 1461 Ab
370 1398 532 1462 auditione
548 1401 631 1462 mala
645 1420 709 1462 non
726 1398 890 1461 timebunt.

252 1492 293 1555 V.
314 1492 342 1553 A
359 1496 452 1574 porta
464 1491 570 1573 interi.

253 1583 291 1646 R.
312 1584 408 1657 Erue,
428 1584 574 1656 Domine,
595 1584 717 1646 animes
739 1605 855 1647 eorum.

255 1677 293 1739 V.
315 1677 467 1758 Requieru
482 1681 641 1740 aeternam
658 1679 739 1739 dorsa
753 1677 807 1748 eis,
822 1676 967 1740 Domine.

254 1769 291 1832 R.
313 1768 357 1831 Et
375 1770 430 1830 lue
445 1772 597 1850 perpetua
616 1771 716 1830 luceat
736 1769 788 1831 eis.

255 1861 293 1924 V.
316 1860 461 1934 Domine,
486 1861 599 1924 eraudi
621 1866 679 1924 ete.
723 1861 759 1923 R.
782 1861 824 1924 ut
849 1863 966 1926 elanror
991 1884 1078 1927 meus
1100 1865 1159 1927 eto.

254 1953 293 2016 V.
316 1952 473 2017 Dominus
488 1952 656 2016 vobiscum.
693 1952 729 2015 R.
752 1954 795 2016 Et
811 1976 882 2016 euru
897 1955 1013 2038 spiritu
1031 1948 1094 2020 tuo.

683 2190 825 2252 Oramus.

252 2315 348 2390 Deus,
366 2315 421 2399 qui
436 2315 522 2378 inter
537 2315 734 2396 Apostolicos
753 2315 936 2379 Sacerdotes
953 2317 1090 2398 famulos
1108 2323 1177 2380 tuos
1194 2316 1305 2379 Ponti-

211 2409 297 2489 fieali
316 2408 424 2490 fecisti
446 2408 600 2488 diurnitate
624 2408 744 2487 cipere:
765 2412 898 2489 praesta,
922 2428 1118 2488 prraesurnns,
1139 2415 1174 2472 ut
1198 2432 1304 2472 eornm

212 2523 331 2584 quoque
355 2506 504 2582 perpetuo
529 2503 740 2578 opprepcutur
764 2500 927 2562 consortio.
973 2501 1035 2562 I’er
1059 2500 1219 2564 Christum
1243 2502 1305 2564 Do·

212 2593 335 2656 minum
353 2599 506 2657 nostrum.
548 2593 583 2653 R.
605 2593 716 2654 Amen.
1242 2651 1244 2654 .

254 2689 282 2749 2,
307 2687 382 2748 Post
399 2687 479 2747 hanc
499 2686 680 2746 Orationem
701 2706 756 2765 pro
776 2684 939 2764 Episcopis
959 2686 1077 2750 radunt
1097 2688 1129 2746 in
1149 2686 1305 2748 Coemete

212 2781 306 2856 rium,
319 2780 365 2841 vel
379 2780 412 2840 in
426 2778 561 2839 mediam
575 2777 745 2838 Ecclesiam
759 2778 797 2838 ad
812 2778 952 2839 tumbam
965 2778 1009 2838 vel
1024 2798 1163 2858 pannum
1179 2779 1305 2857 nigrum

212 2875 246 2934 in
267 2874 446 2953 pavimento
468 2870 615 2950 positum,
643 2869 889 2946 (siremmlatum
911 2875 1045 2949 ‹priatuor
1066 2871 1306 2946 caudelabris‚)²

212 2964 468 3046 praecedentibus
490 2961 611 3024 clericis
632 2982 703 3021 cum
726 2982 805 3040 aqua
827 2962 988 3023 benedicta
1010 2968 1041 3024 et
1062 2963 1233 3037 thuribulo,
1254 2963 1306 3024 de-

213 3058 285 3120 inde
309 3056 462 3118 crucifero
486 3056 568 3116 inter
589 3054 800 3127 ceroferarios,
824 3059 854 3113 et
878 3054 968 3115 Clero
989 3059 1135 3117 cantante
1160 3056 1204 3119 vel
1231 3056 1306 3117 reci-

212 3155 308 3213 tante.

255 3244 350 3305 Ense.
393 3240 456 3318 Qui
474 3242 627 3302 Lazarum
648 3238 841 3300 resuscitasti
859 3260 878 3298 a
898 3244 1100 3301 uroruunento
1118 3241 1306 3320 foetidiora*

214 3338 262 3397 Tu
279 3336 331 3403 eis,
347 3335 493 3402 Domine,
508 3334 590 3393 cloria
605 3331 752 3410 reperient.
770 3335 798 3392 ct
816 3333 917 3391 locutu
934 3331 1158 3410 iurlnlpentiac.

254 3428 293 3489 V.
318 3427 381 3504 Qui
400 3429 550 3487 vetiturus
572 3443 601 3484 es
620 3423 762 3501 judicare
783 3422 867 3484 riuos
889 3428 918 3484 et
941 3427 1079 3484 mortuos
1098 3430 1126 3485 et
1147 3424 1304 3486 saeculum

212 3544 268 3602 per
288 3518 424 3600 iuuene*
447 3518 496 3578 Tu
519 3513 739 3587 uellentne,
762 3515 844 3575 dona
864 3515 1002 3595 requiem
1026 3523 1054 3577 et
1078 3519 1179 3578 locrnn
1203 3518 1306 3579 indul-

212 3612 345 3695 qentiae.

255 3707 428 3786 Episcopus
447 3724 517 3764 cum
539 3698 694 3762 ministris
715 3701 779 3761 suis
800 3701 910 3762 recitat
929 3700 1013 3764 Aur.
1057 3702 1094 3764 si
1112 3702 1307 3783 iniquitates.

213 3800 264 3862 Ps.
284 3799 329 3860 De
348 3795 517 3880 profundis
536 3797 593 3856 etc.
636 3793 675 3853 ln
695 3792 756 3853 sine
776 3790 925 3872 Requirere
946 3798 1104 3855 aeternam
1125 3801 1181 3858 ete.
1221 3796 1306 3858 Aur.

212 3892 251 3954 Si
264 3890 449 3971 iniquitates
466 3886 683 3953 obsurdueris,
702 3883 853 3945 Dareine:
870 3885 1014 3958 Domine,
1032 3887 1102 3968 qai-is
1117 3888 1310 3951 sustinebit?

255 3988 282 4046 3.
306 3983 409 4044 “Cum
434 3981 554 4042 tuerint
583 3979 614 4038 in
643 3978 744 4039 medio
770 3976 979 4053 coemeterii,'’
1004 3985 1059 4041 aut
1085 3981 1240 4044 Ecclesiae
1268 3982 1306 4043 ad

211 4078 352 4142 tumbam
372 4077 418 4138 vel
439 4092 579 4153 pannum
600 4072 738 4146 nigrum,
758 4069 901 4131 “Chorus
918 4075 1025 4133 cantat
1044 4071 1311 4152 Responsorium''

212 4172 335 4237 Libera,
356 4174 392 4230 ut
411 4166 449 4229 ad
472 4163 709 4225 Absolutionem
731 4163 962 4225 detunctorum.
1006 4164 1112 4226 “Dum
1136 4167 1308 4247 Responsa—

214 4266 295 4327 rium
321 4261 476 4340 repetitur
501 4255 649 4318 Pontifex
676 4255 810 4332 imponit
834 4256 994 4317 incensum
1020 4277 1105 4320 more
1130 4261 1309 4322 consueto.''

214 4354 377 4436 Completo
397 4349 603 4431 Responsorio
624 4348 792 4426 deponitur
814 4349 917 4415 mitra,
940 4349 1187 4415 etiamsolum
1212 4355 1308 4429 lr'urie

242 4511 368 4565 ¹Cereru.
391 4509 425 4563 U.
446 4508 473 4561 S.
