2804 4890
380 696 467 754 APP.
492 693 534 754 11.
581 697 634 752 DE
656 693 758 754 VELb
781 690 1009 752 substant.
1186 681 1246 749 571

595 969 710 1040 ART.
736 967 802 1040 IV.

494 1152 545 1204 DE
568 1151 667 1203 visto
690 1149 902 1204 HUMEBALI.

194 1323 265 1389 342.
287 1323 404 1389 Velum
424 1325 584 1388 humerale
603 1330 650 1387 est
670 1342 793 1405 pannus
815 1324 941 1400 sericus,
961 1344 1022 1405 quo
1042 1324 1146 1386 utitur
1167 1321 1245 1385 Sub

153 1417 312 1494 diaconus,
337 1437 433 1498 quum
461 1419 493 1479 in
520 1418 616 1479 Missa
641 1417 772 1479 solemni
799 1416 903 1482 defert
927 1417 1056 1481 calicem
1081 1417 1121 1479 ad
1147 1415 1245 1479 altare

152 1515 292 1590 tempore
315 1509 476 1572 Offertorii
498 1529 618 1572 necnon
642 1514 758 1590 postea,
780 1529 877 1590 quum
900 1514 985 1572 tenet
1009 1509 1172 1583 Patenarn‚
1194 1527 1245 1570 ex·

153 1608 242 1683 cepta
263 1603 359 1664 Missa
378 1603 416 1665 de
439 1603 564 1682 llcquie.
605 1603 694 1663 'lunc
717 1603 808 1665 debet
828 1622 893 1665 esse
914 1601 1056 1682 ejusdem
1077 1601 1188 1665 coloris
1209 1621 1245 1664 ac

153 1701 334 1776 paramenta
354 1696 427 1769 alia,
448 1715 525 1775 quae
545 1716 563 1756 a
584 1695 757 1757 celebrante
777 1699 808 1758 ct
829 1694 985 1756 ministris
1004 1694 1203 1757 adhibentur.

195 1790 223 1852 2.
246 1787 366 1851 Verum
379 1807 443 1848 non
457 1792 584 1849 tantum
599 1786 814 1850 Subdiaconus
828 1788 913 1849 intra
927 1787 1068 1864 Missam,
1082 1787 1245 1850 sedetiam

154 1879 304 1943 Sacerdos
328 1883 415 1942 extra
439 1879 569 1941 Missam
594 1879 696 1941 velum
720 1879 881 1943 humerale
907 1881 1050 1957 assumit,
1075 1899 1186 1960 nempe
1212 1878 1245 1940 in

153 1971 322 2034 deferendo
352 1971 408 2033 SS.
440 1971 641 2034 Sacramenta
669 1977 700 2034 et
728 1973 761 2034 in
789 1971 893 2034 danda
922 1971 1145 2036 Benedictione
1173 1991 1244 2034 cum

153 2064 269 2128 eodem.
316 2063 356 2125 In
383 2064 439 2127 hoc
464 2084 537 2125 casu
562 2084 684 2144 semper
708 2063 799 2127 debet
825 2085 889 2127 csse
914 2065 1030 2128 album.
1076 2065 1149 2129 Non
1174 2084 1245 2127 vero

152 2157 226 2220 licet
251 2158 357 2218 album
384 2156 487 2218 velum
512 2175 667 2218 assumere
693 2175 787 2236 super
812 2157 996 2219 vestimenta
1022 2158 1106 2237 nigri
1134 2155 1245 2218 coloris

152 2256 278 2330 excepta
300 2250 460 2312 functione
477 2250 510 2311 in
528 2249 578 2312 ilie
597 2249 790 2320 Parasceves
812 2250 844 2311 in
863 2248 1052 2329 asportanda
1070 2269 1110 2310 se.
1131 2249 1245 2311 Hostia

152 2340 421 2423 praesanctificata
449 2362 465 2404 e
492 2340 559 2403 loco
587 2340 814 2421 Respositionis
839 2341 879 2404 ad
906 2341 1005 2405 altare
1031 2341 1144 2420 majus.
1193 2339 1243 2401 Ad

153 2437 382 2515 quaestionem:
416 2432 587 2496 “Sacerdos
620 2439 689 2514 post
723 2434 852 2496 Missam
883 2434 920 2497 de
954 2434 1071 2515 Requie
1103 2437 1246 2514 potestne

153 2526 273 2607 aperire
296 2525 546 2588 Tabernaculum
568 2531 599 2590 ct
622 2527 707 2588 dicto
730 2527 868 2588 Tantum
892 2547 975 2607 erpo,
998 2526 1150 2608 populum
1173 2546 1245 2589 cum

154 2620 254 2682 SSmo
276 2618 477 2682 Sacramento
497 2617 687 2694 benedicere,
707 2617 847 2681 adhibito
867 2637 960 2699 super
982 2617 1114 2681 Planeta
1134 2619 1245 2681 coloris

152 2713 237 2793 nigri
267 2711 345 2773 Velo
374 2711 529 2773 humerali
559 2710 671 2772 alb0?''
724 2710 755 2773 S.
787 2711 850 2773 Rit.
882 2710 980 2792 Cong.
1011 2710 1244 2773 rescribendum

152 2805 290 2868 censuit:
313 2801 519 2883 “Negotiis''

195 2901 223 2960 3.
247 2896 361 2961 Forma
379 2897 462 2967 Veli,
479 2894 581 2977 qualis
598 2916 683 2958 nunc
699 2895 842 2971 habetur,
860 2900 906 2960 est
925 2893 1106 2960 recentioris
1123 2895 1245 2970 aetatis,

152 3009 264 3070 nempe
284 2988 398 3053 saeculi
420 2988 512 3052 XIV.
533 2987 581 3051 vel
602 2987 675 3052 XV.
718 2987 856 3051 Videtur
876 2992 981 3054 ortum
1002 3007 1095 3051 suum
1114 2989 1246 3053 traxisse

153 3104 170 3146 e
186 3082 334 3163 mappula
350 3081 490 3161 antiqua,
508 3101 569 3162 qua
585 3079 732 3160 Acolythi
750 3082 850 3144 etalii
868 3082 973 3144 clerici
991 3101 1038 3145 res
1055 3082 1095 3145 ad
1114 3081 1244 3146 Sacrum

152 3175 344 3258 pertinentes
360 3173 400 3236 sd
416 3173 526 3237 Altare
542 3177 701 3254 asportare
717 3173 866 3239 solebant.

604 3430 719 3501 ΛΒΤ.
747 3430 793 3503 V.

466 3615 516 3665 DE
535 3615 674 3666 BIRETO
694 3616 741 3665 ΕΤ
760 3614 929 3666 PILEOLO.

195 3752 265 3817 348.
289 3753 433 3817 Biretum
449 3761 496 3818 est
512 3753 625 3835 capitis
642 3758 870 3833 tegumentum,
888 3774 948 3834 quo
967 3754 1081 3818 Clerici
1099 3755 1134 3819 in
1150 3753 1246 3817 variis

155 3847 371 3909 functionibus
404 3854 548 3909 utuntur.
603 3847 703 3908 Juxta
738 3847 933 3926 llcscripturn
970 3846 1001 3909 S.
1037 3845 1100 3908 nit.
1133 3845 1245 3926 Cong.¹

154 3942 299 4004 Biretum
317 3960 381 4005 non
401 3945 448 4004 est
467 3940 590 4003 chorale
610 3939 840 4001 indumentum.
884 3940 995 4001 Vocari
1018 3941 1122 4001 forsan
1143 3943 1245 4020 potest

154 4034 312 4114 appendix
332 4032 459 4097 habitus
482 4032 657 4105 clericalis,2
679 4033 729 4095 cui
749 4030 846 4095 etiarn
868 4033 1028 4094 character
1049 4033 1143 4095 vestis
1165 4031 1245 4094 sacri

152 4127 248 4191 deest

196 4223 224 4283 2.
247 4219 319 4282 Van
339 4218 395 4281 der
413 4218 568 4299 Stappen⁸
586 4219 624 4282 de
642 4218 750 4282 Bireto
769 4218 897 4298 loquens
918 4217 995 4280 illud
1017 4219 1061 4281 ita
1079 4217 1243 4282 describit:

152 4314 317 4375 “Biretum
347 4317 413 4374 crat
443 4311 591 4392 primitus
619 4311 719 4391 pileus
748 4309 911 4383 rotundus,
940 4311 1047 4373 laneus
1075 4311 1114 4374 ad
1143 4312 1244 4376 instar

188 4447 337 4500 1122877.
759 4439 847 4502 sill,
865 4440 896 4504 Q.
918 4441 975 4494 143.

186 4524 331 4575 ²Cassoclr.
