2804 4890
140 668 193 726 un
216 664 453 738 ourausnan
475 666 845 722 aauaororroxraes
868 668 1139 726 sracrauraus.
1172 657 1231 724 519

140 836 274 911 cisealeS,
311 838 399 917 pium
434 836 618 897 exercitium
655 837 733 898 Viae
770 836 880 898 Crucis
915 859 987 899 cum
1022 838 1231 918 applicatione

140 931 281 992 omnium
301 929 571 1009 indulgentiarum
591 933 621 992 et
642 927 889 1009 privilegiorum,
908 950 985 1011 quae
1005 931 1129 993 Summi
1151 929 1232 990 Pon·

141 1023 238 1084 tifices
275 1022 431 1100 ejusmodi
471 1021 656 1083 exercitium
692 1022 913 1101 peragentibus
954 1023 1108 1103 impertiti
1148 1027 1232 1098 sunt,

141 1114 248 1177 addita
287 1117 414 1194 insuper
450 1118 602 1195 potestate
640 1115 720 1175 lianc
758 1114 941 1177 facultatem
980 1114 1232 1177 communicandi

143 1209 335 1287 Presbyteris
352 1229 438 1269 sacro
455 1208 630 1269 ministerio
648 1207 885 1287 iungentibus.”
929 1209 1018 1288 (Fac.
1037 1214 1114 1271 extr.
1135 1205 1187 1286 0.)

189 1303 240 1381 (b)
268 1301 338 1362 Hac
359 1300 511 1363 facultate
533 1300 594 1361 Via
618 1300 727 1361 Crucis
750 1301 828 1380 erigi
851 1305 954 1382 potest
976 1302 1010 1363 in
1034 1299 1180 1363 Ecclesiis
1203 1305 1232 1362 et

144 1395 297 1456 Oratoriis
320 1392 465 1474 publicis,
490 1393 585 1453 imnro
608 1393 724 1454 “etiam
748 1398 835 1455 extra
861 1392 1014 1456 Ecclesiae
1035 1398 1067 1456 et
1090 1393 1233 1455 Oratoria

144 1488 283 1567 poblica;
305 1491 493 1549 nontamen
515 1485 548 1546 in
570 1484 735 1547 ‘Oratoriis
756 1485 888 1567 priuatis
910 1485 1033 1548 indulto
1055 1484 1234 1566 Apostolico

143 1582 251 1641 erectis
278 1578 348 1657 (ΡΥ
368 1578 414 1640 rel
435 1578 468 1639 in
490 1578 644 1638 Oratoriis
663 1577 826 1658 inquibus
848 1578 979 1640 Missam
999 1577 1151 1642 celebrare
1170 1598 1233 1640 nou

144 1672 259 1735 licet.''³

190 1766 238 1844 (c)
267 1765 347 1826 Cum
374 1765 549 1846 Episcopus
576 1763 775 1826 Sacerdotem
801 1763 947 1827 idoneum
973 1763 1168 1844 subdelegat⁴
1195 1763 1234 1826 ad

143 1858 323 1938 erigendam
351 1857 446 1918 Viam
475 1855 595 1932 (aucis,
623 1855 778 1935 ejusmodi
806 1856 1018 1936 subdelegatio
1045 1858 1161 1938 scripto
1187 1861 1235 1920 est

144 1949 337 2011 concedenda
359 1952 414 2009 snb
437 1970 538 2029 procrea
558 1949 741 2011 nnllitntis!⁵

188 2043 221 2103 Si
246 2041 314 2122 quis
338 2041 488 2103 facultate
511 2041 681 2116 ordinaria,
704 2041 751 2103 rel
775 2061 812 2103 ex
838 2042 1019 2106 immediata
1042 2042 1236 2124 delegatione

147 2137 177 2197 S.
205 2135 293 2196 Sedis
315 2135 409 2194 Viam
433 2134 542 2194 t'rucis
565 2137 724 2195 erecturus
747 2135 788 2196 sit
814 2135 846 2197 in
869 2135 945 2197 locis
968 2133 1182 2213 jurisdictioni
1205 2140 1236 2196 et

146 2227 317 2288 visitationi
360 2225 521 2287 Ordirnnii
563 2225 722 2299 siibjcctis
765 2228 935 2305 requiritur
977 2226 1103 2289 licentia
1144 2229 1236 2290 Ordi-

146 2319 229 2383 narii
247 2318 324 2389 loei;
342 2339 399 2381 nec
419 2318 542 2392 sufficit,
561 2322 597 2379 ut
616 2316 771 2394 ejusmodi
791 2318 918 2381 lieentia
938 2339 990 2380 seu
1010 2338 1176 2382 cousensus
1195 2321 1237 2382 sit

145 2414 285 2490 generice
314 2412 493 2491 praestitus,
522 2410 575 2471 sed
604 2408 775 2489 requiritur
804 2411 838 2471 in
868 2411 1002 2491 singulis
1031 2411 1151 2474 casibus
1180 2434 1236 2495 pro

146 2526 329 2586 unoquoque
353 2504 536 2565 Stationem
560 2502 736 2564 erectione.⁶

194 2601 247 2677 (d)
277 2596 459 2677 Requiritur
488 2600 646 2676 praeterea
675 2614 841 2658 consensus
871 2595 1003 2659 Paroclri
1031 2602 1061 2660 et
1093 2599 1237 2678 Superio-

146 2713 216 2754 rum
245 2689 410 2757 Ecclesiae,
438 2687 633 2763 llouasten'i,
662 2687 837 2768 Hospitalis
864 2698 895 2754 et
922 2689 981 2750 loci
1006 2691 1062 2771 pii,
1088 2690 1140 2751 ubi
1168 2690 1238 2752 Sta-

146 2787 246 2849 tiones
267 2785 298 2846 S.
321 2783 399 2844 Viae
420 2781 530 2843 Crucis
549 2784 642 2843 erunt
661 2779 836 2860 erigendae,
856 2803 891 2844 ae
913 2783 1040 2862 iusuper
1062 2781 1237 2844 Sacerdotis

145 2879 295 2955 erigentis
324 2877 486 2956 deputatio
515 2894 549 2936 ac
580 2871 757 2954 Superioris
784 2873 891 2936 localis
918 2893 1084 2939 consensus
1120 2875 1237 2956 (quoad

148 2972 346 3048 Regrrlaresl.
396 2968 439 3030 alt
465 2988 527 3029 non
555 2965 726 3046 requiritur
754 2966 885 3027 Paroelii
912 2986 1079 3030 consensus
1105 2969 1138 3031 in
1165 2988 1237 3031 casu

147 3065 311 3124 erectionis
340 3061 500 3123 faciendae
530 3061 560 3121 in
592 3058 820 3138 llospitalibus‚
852 3060 1008 3134 lleelesiis
1038 3060 1173 3142 Capellis
1203 3082 1239 3124 ae

147 3157 289 3217 domitius
321 3154 605 3230 Congregationum
639 3151 799 3225 Sororum,
829 3149 1059 3216 administratis
1088 3154 1127 3216 de
1157 3155 1239 3216 lacto

150 3247 393 3327 independenter
409 3267 425 3307 a
444 3246 581 3307 Paroclro
598 3265 653 3323 per
668 3242 863 3321 capellanum
880 3246 1077 3308 nominatum
1094 3248 1132 3309 ab
1149 3247 1238 3328 Epis-

148 3361 233 3419 copo,
253 3344 283 3400 et
306 3340 336 3398 in
359 3338 429 3399 aliis
449 3338 524 3398 locis
544 3336 582 3398 dc
602 3338 672 3411 jure
694 3335 739 3395 rel
762 3333 872 3398 saltem
893 3336 930 3398 de
952 3339 1035 3401 facto
1055 3359 1073 3400 a
1092 3338 1238 3416 jurisdic-

148 3435 232 3495 tione
255 3428 423 3512 parochiali
448 3426 623 3506 exemptis.⁷

195 3528 243 3593 tel
274 3525 344 3584 l‘ost
377 3521 516 3596 legitime
546 3519 733 3580 canditatus
765 3520 796 3580 S.
829 3521 907 3580 Viae
939 3521 1049 3583 (noes
1081 3521 1239 3585 Stationes

148 3618 255 3679 confici
290 3616 376 3677 ‹lelrct
411 3615 551 3693 peraeto
584 3609 748 3674 erectionis
780 3610 1024 3672 instrumentum
1063 3613 1240 3693 (processus

148 3710 311 3778 verbalis).
344 3707 381 3768 al)
411 3709 546 3767 erectore
576 3703 703 3782 propria
733 3721 827 3763 manu
861 3703 1128 3780 subscribendum,
1159 3713 1190 3770 et
1220 3731 1238 3772 n

149 3799 392 3867 eoncessionorio
415 3794 664 3861 cristodiendum
687 3814 840 3858 unacum
866 3796 1028 3860 tlrdinarii
1050 3799 1187 3877 lieentia,
1208 3806 1239 3866 et

179 3946 336 4009 ³Konings,
352 3944 499 3996 Commeat.
516 3941 544 3992 iu
559 3939 665 3992 Facult.
716 3935 866 3991 Instructio
883 3942 917 3993 do
934 3941 1107 3995 Statienibus
1125 3944 1151 3996 S.
1170 3945 1238 4001 Viae

145 4031 231 4090 apost.
252 4040 277 4074 n.
302 4024 358 4073 147.
715 4013 809 4067 Crucis
826 4017 992 4070 auctoritate
1010 4020 1077 4072 Min.
1096 4021 1237 4074 Generalis

183 4100 256 4163 ⁴Qni
279 4103 368 4148 tamen
390 4096 473 4147 alium
492 4092 669 4155 srrbdelegare
715 4095 765 4142 tot.
782 4090 846 4143 Ord.
863 4093 992 4144 Fratrum
1009 4096 1144 4147 Minorum
1161 4099 1236 4151 edita

145 4180 245 4242 nequit.
715 4170 742 4216 el
769 4182 787 4218 a
814 4167 840 4217 S.
868 4167 965 4234 Congr.
994 4169 1055 4223 Iud.
1081 4175 1235 4239 approbata

181 4255 319 4302 ³lleereta
345 4252 419 4301 arith.
448 4248 474 4298 S.
500 4248 528 4298 C.
556 4245 664 4308 Indulg.
718 4245 791 4294 last.

145 4347 169 4380 n.
195 4330 252 4389 175,
275 4331 301 4377 et
325 4326 351 4375 S.
374 4326 402 4375 C.
424 4324 533 4387 Indulg.
557 4325 572 4373 6
595 4322 664 4385 Arrg.
752 4320 856 4370 ⁷lnstr.
883 4336 909 4370 n.
936 4320 1042 4374 22.-S.
1069 4324 1096 4376 C.
1124 4326 1232 4393 Iudulg.

146 4406 219 4456 raso,
715 4398 748 4444 co
771 4394 845 4459 nepe.
870 4396 944 4449 reae.

178 4481 279 4530 tlleer.
305 4479 379 4529 auth.
404 4492 429 4525 n.
455 4477 505 4525 445
529 4474 565 4525 ad
589 4476 613 4530 3,
637 4478 665 4524 et
