2804 4890
208 717 270 781 370
395 727 448 782 DE
470 725 595 780 HORIS
618 722 834 780 cenonlcls
857 720 1112 777 RECITANDIS.

633 889 876 940 MATUTINUM.

252 1024 279 1081 l.
304 1020 408 1083 Peter.
456 1020 530 1082 Ave.
580 1019 689 1081 Credo.
737 1017 884 1090 Domine,
912 1017 995 1081 labie
1020 1038 1097 1081 mea.
1145 1017 1243 1090 Deus,
1269 1016 1304 1078 in

210 1111 417 1192 adjutorium.

252 1208 280 1267 2.
303 1204 529 1267 Invitatorium
556 1225 594 1268 ex
625 1205 758 1284 Proprio
788 1204 836 1266 vel
868 1202 1038 1265 Communi
1070 1221 1142 1264 cum
1172 1201 1224 1263 Ps.
1256 1203 1306 1261 94.

216 1298 326 1362 Van-ite
349 1299 533 1361 exultemus.

253 1395 282 1455 3.
305 1391 454 1471 Hymnus
474 1411 512 1453 ex
532 1391 642 1472 Propr.
664 1391 711 1452 vel
733 1391 800 1453 Coi.

252 1489 282 1546 4.
305 1484 452 1546 Primum
476 1482 687 1546 Nocturnum.

257 1576 309 1656 (a)
342 1575 404 1657 (Ι.)
431 1575 643 1655 Antiphonem,
663 1573 783 1636 Psalmi
801 1578 833 1637 et
851 1575 968 1636 Versus
984 1574 1022 1636 de
1041 1574 1152 1653 Propr.
1171 1573 1219 1635 vel
1240 1571 1307 1634 Coi.

257 1668 339 1750 (ΙΙ.)
366 1669 465 1744 Anae,
486 1668 539 1729 Psi
560 1674 591 1732 et
611 1667 729 1729 Versus
749 1667 788 1730 de
810 1667 902 1729 Feria
922 1668 1062 1729 currenti
1082 1686 1119 1728 ex
1141 1664 1307 1728 Pselterio.

257 1763 309 1843 (b)
336 1761 433 1825 Pater
446 1765 561 1824 noster.

257 1855 307 1933 (c)
335 1852 501 1917 Absolutio
521 1853 658 1929 Exaudi,
680 1852 825 1915 Domine.

256 1947 310 2026 (d)
337 1947 432 2018 dode,
446 1944 581 2009 Domine
596 1950 668 2009 onte
681 1945 822 2025 singulas
836 1945 1076 2009 benedictiones.

256 2039 306 2117 (e)
333 2037 517 2101 Benedictio
534 2058 590 2119 pro
606 2057 727 2119 quaque
745 2037 887 2114 lectione,
905 2036 990 2100 scil.:

256 2132 309 2210 (1)
336 2129 570 2195 Benedictione.
610 2132 663 2211 (2)
691 2129 890 2211 Uniyeniius.
934 2132 986 2210 (3)
1015 2130 1166 2211 Spiritus.

256 2224 304 2304 (f)
338 2222 400 2303 (Ι.)
428 2223 505 2286 Tres
518 2223 666 2286 lectiones
679 2244 750 2285 cum
765 2224 982 2303 Responsoriis
996 2225 1034 2286 de
1050 2224 1160 2304 Propr.
1176 2224 1225 2286 vel
1239 2224 1305 2289 Coi.

257 2316 337 2395 (ΙΙ.)
366 2317 443 2379 Tres
462 2316 610 2379 lectiones
629 2336 702 2378 curn
721 2315 938 2396 Responsoriis
957 2317 995 2378 de
1016 2317 1180 2397 Scriptura
1200 2337 1305 2382 oecur-

210 2411 321 2472 rente.⁸

254 2502 293 2563 In
316 2502 378 2566 fine
401 2502 570 2581 cujuslibet
593 2503 737 2565 lectionis
759 2503 894 2564 dicitur:
941 2505 990 2565 Tu
1013 2508 1127 2573 autem,
1151 2502 1302 2575 Domine,

212 2594 354 2659 irriserere
378 2593 475 2657 nobis.
509 2596 574 2657 Deo
596 2595 723 2675 oratius.

253 2691 280 2747 5.
306 2687 485 2750 Secundum
503 2687 711 2749 Nocturnum.

257 2780 308 2856 (a)
342 2779 403 2856 (Ι.)
431 2779 643 2859 Antiphonue,
663 2779 781 2840 Psalmi
800 2786 830 2842 et
849 2781 967 2842 Versus
986 2782 1024 2843 de
1044 2782 1153 2861 Propr.
1172 2783 1218 2844 rel
1239 2784 1304 2844 Coi.

257 2871 337 2950 (ΙΙ.)
366 2871 464 2947 Anae,
487 2871 541 2932 Psi
560 2877 591 2934 et
612 2872 729 2933 Versus
748 2873 786 2934 de
809 2873 900 2934 Feris
920 2875 1060 2935 currenti
1078 2894 1118 2936 ex
1140 2874 1304 2937 Psalterio.

257 2966 308 3044 (b)
338 2965 434 3026 Peter
454 2969 568 3027 noster.

258 3057 306 3133 (c)
335 3055 500 3119 Absolutio
517 3057 624 3137 Ipsius
642 3057 750 3138 pietas.

258 3148 312 3225 (d)
339 3148 432 3217 ane,
451 3147 597 3223 Domine,
618 3150 795 3213 berreilicere
814 3153 887 3213 ante
904 3153 1045 3230 singulus
1064 3153 1304 3216 benedictiones.

257 3240 306 3317 (e)
335 3239 517 3302 Benedictio
536 3260 593 3322 pro
613 3261 733 3321 qusque
751 3242 901 3318 lectione3
921 3243 1004 3305 seii:

257 3334 309 3411 (1)
336 3331 431 3394 Dens.
474 3335 527 3411 (2)
556 3334 708 3396 Christus.
752 3336 804 3413 (3)
833 3336 954 3414 louein.

258 3426 305 3506 (f)
334 3425 411 3487 Tres
433 3426 581 3489 lectiones
604 3427 642 3488 de
667 3427 777 3506 Propr.
808 3429 871 3506 (vel
897 3429 985 3505 Coi).

256 3520 309 3597 (9)
339 3519 580 3599 Responsorium
608 3525 678 3600 post
705 3522 845 3600 singulas
872 3522 1019 3587 lectiones
1048 3525 1085 3586 de
1113 3525 1225 3606 Propr.
1255 3529 1302 3590 rel

212 3609 277 3672 Coi.

252 3706 279 3763 6.
303 3704 446 3765 Tertium
472 3705 681 3766 Nocturnum.

255 3795 305 3871 (α)
339 3795 400 3871 (Ι.)
429 3796 640 3876 Antiphonse,
659 3796 778 3858 Psalmi
797 3802 828 3860 et
847 3799 964 3859 Versus
981 3800 1019 3861 de
1040 3802 1148 3880 Propr.
1168 3803 1214 3864 rel
1237 3804 1304 3867 Coi.

256 3886 337 3964 (ΙΙ.)
366 3887 463 3963 Anac,
480 3889 533 3950 Psi
550 3893 583 3950 et
596 3889 714 3951 Versus
729 3890 767 3953 de
783 3891 874 3952 Foris
889 3894 1027 3954 currenti
1043 3914 1080 3955 ex
1097 3893 1262 3958 Psslterio.

256 3979 308 4057 (b)
336 3980 432 4042 Pater
455 3987 568 4044 noster.

257 4071 307 4149 (c)
334 4071 499 4134 Absolutio
515 4073 542 4134 A
561 4073 703 4137 vinculis.

257 4164 311 4242 (d)
338 4165 430 4231 ane.
450 4165 594 4230 Domine.
614 4168 792 4231 berredicere
811 4174 883 4234 nnte
902 4172 1042 4249 singulus
1060 4174 1302 4241 benedictiones.

256 4256 305 4331 (e)
334 4256 516 4320 Benedictio
536 4277 592 4337 pro
609 4279 729 4339 qunque
751 4261 899 4328 lectione:
919 4262 1003 4324 seii:

243 4393 382 4456 ⁸Quando
410 4395 437 4444 in
464 4396 606 4447 Brevinrio
633 4399 729 4447 desunt
782 4401 970 4464 {responsoriis
998 4406 1019 4452 1.
1040 4403 1173 4454 Nocturni
1198 4422 1305 4458 sumun·

208 4468 338 4520 lectiones
361 4472 393 4520 de
418 4471 568 4538 Scriptura,
593 4475 676 4524 etiam
705 4475 729 4522 in
782 4480 826 4525 tur
844 4479 877 4526 de
893 4478 1041 4533 (communi.

209 4542 290 4597 Festo
326 4546 472 4600 Ordinnrio
507 4550 635 4600 lectiones
671 4565 729 4601 enm
