2804 4890
178 682 231 738 DE
253 678 438 737 ΡΔΤΒΟΝΟ
457 677 509 733 ΕΤ
530 676 719 733 TITULARI
738 677 959 733 EGGLESIAE
977 676 1186 733 PROPRIAE.
1210 667 1272 730 395

221 843 258 906 Si
273 863 344 909 vcro
363 842 508 906 Officium
525 845 573 906 vel
591 843 854 907 commemoratio
871 845 971 908 fuerit
987 843 1025 906 de
1043 843 1080 906 B.
1099 843 1202 904 Maria
1221 841 1271 916 V,

181 943 255 1000 tunc
275 937 394 999 dicitur
416 937 612 1016 Suffragium
632 935 768 999 alterum
793 939 846 1017 (ut
867 938 901 997 in
923 957 1002 998 novo
1023 934 1217 1012 Breviario)‚
1237 934 1271 994 in

181 1050 250 1111 quo,
277 1031 305 1093 si
330 1029 484 1093 Titularis
510 1036 583 1094 ante
610 1050 716 1092 omnes
742 1030 955 1092 nominandus
981 1030 1090 1105 fuerit,
1117 1024 1272 1110 particula

181 1142 251 1186 cum
267 1122 428 1188 omittitur
445 1128 518 1187 ante
535 1142 649 1189 nomen
669 1122 726 1185 SS.
747 1122 836 1185 Petri
854 1127 885 1185 et
904 1119 997 1184 Pauli
1015 1140 1051 1182 ac
1069 1118 1273 1201 praeponitur

179 1217 302 1278 nomini
323 1216 355 1279 S.
374 1216 396 1278 J
399 1216 503 1297 oseph.

221 1401 299 1465 249.
322 1401 467 1464 Officium
484 1403 616 1466 Patroni
631 1403 678 1465 vel
694 1401 859 1479 Titularis,
873 1403 922 1465 sin
939 1403 1065 1484 proprio
1081 1402 1147 1465 loco
1163 1400 1273 1464 habea-

180 1500 244 1572 tur,
258 1496 396 1558 sumitur
410 1495 448 1558 de
463 1495 631 1558 Communi
647 1497 738 1575 juxta
753 1494 938 1576 qualitatem
955 1495 1073 1558 Sancti.
1111 1495 1273 1557 Lectiones

183 1592 199 1649 1
221 1587 377 1651 Nocturni
396 1589 529 1651 infesto
548 1609 611 1652 non
629 1589 779 1668 leguntur
798 1589 836 1650 de
857 1589 1032 1668 Scriptura,
1051 1589 1104 1651 scd
1125 1587 1162 1650 de
1183 1587 1273 1649 Com-

181 1681 280 1743 muni.
328 1681 363 1742 Si
385 1681 464 1743 duae
488 1681 553 1746 sint
578 1680 743 1744 Orationes
767 1682 904 1746 sumitur
929 1682 1031 1762 prima
1056 1681 1103 1744 vel
1128 1678 1274 1755 secunda,

182 1779 277 1854 prout
295 1773 444 1837 lectiones
463 1776 480 1833 3
502 1773 659 1836 Nocturni
675 1794 715 1835 ex
735 1778 750 1834 1
771 1774 817 1836 vel
839 1776 940 1836 tloco
958 1779 1139 1848 sumuntur,
1157 1779 1194 1836 ut
1211 1792 1274 1836 una

182 1867 348 1946 eademque
383 1866 479 1928 Missa
515 1865 613 1928 officio
647 1866 748 1947 quoad
785 1867 967 1929 Orationem
1002 1872 1033 1930 et
1067 1864 1275 1946 Evangelium

182 1959 443 2038 correspondent.1

224 2061 252 2119 2.
276 2057 333 2119 “Si
353 2059 509 2122 Patronus
526 2059 587 2121 loci
604 2059 791 2140 praecipuus
806 2064 863 2121 eut
881 2057 1009 2120 Titulus
1028 2055 1204 2120 Ecclesiae''
1220 2051 1276 2119 aut

183 2149 264 2214 alius
280 2151 414 2214 Sanctus
426 2152 483 2213 sub
498 2152 562 2214 ritu
577 2150 696 2231 duplici
712 2156 738 2214 1.
755 2153 803 2213 vel
817 2154 845 2214 2.
861 2151 899 2214 cl.
914 2151 1029 2215 alicubi
1043 2147 1276 2226 celebrandus,''

182 2244 236 2325 qui
255 2250 301 2307 est
320 2244 366 2306 vel
385 2245 446 2307 loci
468 2244 624 2306 Patronus
645 2243 857 2319 secundarius,
877 2244 924 2305 rel
945 2243 1080 2306 Sanctus
1101 2246 1134 2305 in
1157 2244 1275 2323 Marty-

184 2336 302 2418 rologio
329 2336 375 2398 vel
406 2338 438 2398 in
465 2337 536 2415 ejus
562 2335 744 2417 Appendice
773 2336 943 2417 approbata
972 2336 1157 2417 descriptus,
1184 2336 1277 2416 cuius

184 2430 315 2493 habetur
337 2449 448 2510 corpus
470 2430 517 2492 vel
538 2429 644 2509 aliqua
665 2429 799 2508 insignis
820 2430 963 2509 reliquia,
986 2429 1033 2492 vel
1055 2429 1200 2503 Sanctus,
1222 2429 1276 2508 qui

183 2524 221 2586 ad
249 2523 430 2599 Ecclesiam,
458 2523 505 2585 vel
533 2523 645 2596 locum,
672 2523 718 2584 vel
747 2542 948 2602 personarum
978 2527 1100 2585 coetum
1128 2521 1276 2602 speciales

185 2616 294 2679 habeat
323 2615 500 2691 relationes,
529 2615 724 2696 “descriptus
753 2616 796 2678 sit
822 2617 856 2678 in
884 2614 1077 2680 Kalendario
1105 2634 1177 2677 cum
1206 2612 1277 2677 aliis

186 2709 321 2784 Sanctis,
339 2709 451 2789 quibus
469 2713 517 2772 est
536 2729 573 2770 ex
589 2714 704 2771 natura
722 2729 778 2770 sua
798 2709 996 2786 conjunctus,
1015 2706 1133 2771 scilicet
1153 2707 1277 2788 quando

184 2804 332 2866 intereos
348 2802 520 2864 necessaria
535 2803 820 2880 consanguinitatis
835 2806 890 2864 aut
906 2801 1068 2864 affinitatis
1084 2801 1165 2864 ratio
1181 2803 1277 2863 inter·

184 2895 277 2972 cedit,
293 2916 357 2957 non
372 2901 419 2959 est
433 2916 452 2958 a
466 2894 566 2957 Sociis
580 2895 781 2974 separandus.
819 2896 853 2957 Si
868 2916 940 2959 vero
956 2893 1020 2958 illis
1034 2896 1222 2974 conjunctus
1236 2893 1278 2957 sit

184 3009 221 3051 ex
239 2991 397 3053 occasione
417 2994 553 3062 tantum,
574 2989 648 3068 quia
667 2988 785 3051 scilicet
805 2987 912 3050 eadem
931 2989 982 3051 die
1003 2988 1147 3063 obierint,
1166 2992 1279 3050 tunca

186 3081 285 3146 Sociis
304 3084 476 3162 separatur,
493 3081 579 3145 etde
597 3102 632 3143 eo
650 3079 757 3160 agitur
775 3082 903 3144 Festum
920 3083 977 3143 sub
994 3083 1058 3144 ritu
1078 3082 1276 3164 competenti.

186 3173 275 3249 Quod
298 3175 324 3236 si
349 3175 431 3236 Socii
453 3175 518 3235 sint
539 3193 610 3235 cum
633 3195 668 3236 eo
692 3175 841 3253 descripti
863 3176 896 3236 in
918 3174 1110 3238 Kalendario
1132 3176 1189 3237 sub
1212 3177 1276 3238 ritu

185 3267 304 3346 pariter
328 3265 455 3346 Duplici
483 3271 509 3329 1.
533 3265 579 3328 vel
605 3269 633 3329 2.
657 3264 773 3341 classis,
796 3272 872 3329 tunc
899 3266 981 3328 Socii
1005 3269 1038 3328 in
1061 3267 1202 3348 proxima
1227 3268 1278 3329 die

185 3379 248 3420 non
274 3358 427 3439 impedita
454 3364 650 3438 reponuntur
676 3358 767 3436 juxta
794 3358 945 3421 Rubricas
973 3359 1029 3422 sub
1056 3359 1128 3433 rita,
1156 3379 1217 3440 qno
1244 3361 1277 3420 in

188 3451 379 3514 Kalendario
408 3450 640 3525 inscribuntur;
668 3451 693 3510 si
720 3470 790 3512 vero
817 3452 962 3530 inscripti
988 3451 1109 3514 fuerint
1133 3451 1190 3513 sub
1217 3450 1280 3513 alio

186 3546 293 3625 quovis
319 3546 393 3615 ritu,
422 3543 459 3605 de
486 3544 530 3605 eis
557 3543 594 3605 lit
618 3548 674 3605 aut
700 3544 861 3605 omittitur
889 3543 1161 3613 Commemoratio,
1188 3547 1278 3624 juxta

187 3638 360 3716 superiores
375 3634 536 3711 Rubricas,
553 3636 585 3697 in
602 3634 710 3699 Officio
724 3635 791 3714 ipso
807 3635 845 3697 de
862 3636 1000 3697 Patrono
1014 3640 1069 3697 aut
1084 3635 1146 3699 alio
1164 3632 1280 3698 Sancto

187 3731 323 3811 proprie,
342 3734 378 3792 ut
397 3727 523 3808 supra.''

229 3826 284 3888 “Si
312 3827 468 3888 Patronus
492 3826 705 3903 secundarius,
729 3826 776 3888 vel
801 3826 882 3891 alius
908 3827 1042 3891 Sanctus
1065 3830 1221 3910 proprius,
1243 3831 1280 3891 ut

187 3939 291 4000 supra,
318 3921 371 4000 qui
400 3919 457 3982 sub
485 3922 550 3983 ritu
578 3918 709 4000 duplici,
735 3921 860 3999 majori,
887 3921 935 3984 vel
965 3921 1081 3986 minori
1108 3927 1164 3985 aut
1190 3922 1280 3984 semi-

187 4013 307 4094 duplici
335 4013 483 4076 celcbrari
512 4013 630 4088 debeat,
658 4015 778 4095 pariter
804 4035 875 4076 curn
908 4014 1008 4077 Sociis
1036 4014 1211 4096 descriptus
1240 4015 1280 4077 sit

189 4109 221 4169 in
245 4106 437 4170 Kalendario
458 4107 515 4169 sub
536 4109 600 4170 ritu
622 4106 769 4186 simplici,
791 4107 829 4170 de
849 4129 884 4172 eo
903 4108 940 4172 fit
961 4109 1089 4171 Festum
1112 4109 1176 4171 ritu
1199 4128 1281 4171 com-

188 4202 317 4280 petenti,
333 4200 416 4263 etde
433 4199 532 4262 Sociis
547 4198 582 4261 fit
595 4203 720 4262 tantum
737 4200 1000 4266 Commemoratio
1015 4203 1106 4282 juxte
1121 4203 1280 4266 Rubricas.

190 4294 224 4356 Si
246 4297 351 4356 tamen
373 4294 457 4356 intra
478 4313 528 4355 eos
547 4291 718 4355 necessaria
738 4294 1022 4374 consanguinitatis
1043 4299 1098 4358 aut
1120 4295 1282 4360 affinitatis

226 4415 289 4468 1De
309 4416 407 4479 Herdt,
430 4414 469 4466 11.
491 4415 550 4466 246.
