2804 4890
337 735 390 790 DE
410 735 532 790 MISSA
553 732 731 790 SOLEMNI
754 735 1057 792 DEFUNCTORUM
1186 724 1244 786 169

152 910 308 985 assistens,
335 908 408 971 data
434 928 507 989 pace
533 908 683 984 Diacono,
709 909 828 972 accedit
854 909 894 971 ad
920 908 1057 985 Missale,
1083 908 1242 971 Diaconus

152 1002 207 1064 dat
226 1022 332 1082 pacem
354 1002 561 1078 subdiacono,
583 1001 799 1065 subdiaconus
820 1001 1071 1066 Caeremoniario
1090 1006 1123 1066 et
1141 1002 1241 1064 thuri-

153 1095 277 1158 serario.

196 1189 243 1252 12.
268 1188 302 1251 Si
322 1189 353 1252 S.
373 1189 561 1251 Communio
579 1190 621 1252 sit
639 1188 865 1265 distribuenda,
883 1189 1042 1252 Assistens
1059 1210 1091 1253 se
1109 1189 1242 1252 retrahit

153 1282 193 1345 ed
215 1303 313 1347 cornu
336 1283 499 1364 Evangelii
523 1288 611 1345 extra
635 1283 745 1344 saltem
770 1302 952 1362 supremum
975 1283 1120 1363 gradum,
1143 1286 1176 1346 et
1198 1282 1242 1345 ibi

153 1381 259 1440 manet
278 1376 375 1439 donee
395 1397 501 1439 omnes
521 1376 744 1438 communicati
765 1377 895 1439 fuerint.
1005 1381 1017 1400 ⁰

196 1474 244 1533 13.
268 1470 364 1533 Facta
386 1470 558 1550 digitorum
581 1469 740 1531 ablutione
762 1469 915 1532 transfert
936 1468 1063 1531 Missale
1084 1468 1123 1531 ad
1145 1488 1242 1531 cornu

156 1563 315 1644 Epistulae
335 1564 389 1625 ubi
411 1564 538 1626 assistit.
584 1562 660 1625 Post
682 1562 847 1624 Orationes
867 1561 987 1625 claudit
1007 1562 1125 1624 librum
1146 1568 1178 1624 et
1198 1561 1242 1623 ibi

154 1662 260 1720 manet
277 1657 357 1720 facie
374 1657 415 1718 ad
431 1657 540 1719 Altare
558 1676 704 1719 conversa
714 1677 722 1731 3
740 1661 810 1737 post
826 1659 843 1718 I
848 1663 876 1720 te
893 1655 992 1719 Missa
1009 1660 1054 1719 est
1070 1655 1186 1718 transit
1203 1654 1242 1716 ad

156 1770 253 1814 cornu
279 1749 454 1830 Evangelii,
481 1750 535 1810 ubi
561 1749 600 1811 ad
627 1749 874 1812 benedictionem
900 1747 1102 1829 genuflectit;
1134 1749 1243 1828 (juxta

154 1845 258 1925 plures
276 1843 460 1924 genuflectit
480 1843 601 1906 medius
621 1844 704 1904 inter
724 1842 899 1904 Diaconum
918 1849 949 1905 et
970 1842 1237 1919 Subdiaconum;)

156 1938 244 2000 etad
261 1937 411 1999 ultimum
430 1936 637 2016 Evangelinm
655 1936 774 1998 assistit
792 1940 827 1997 ut
845 1936 923 1997 alias
942 1934 1167 2000 Subdiaconua.
1208 1933 1243 1996 si

154 2053 225 2095 vero
244 2032 331 2095 aliud
351 2031 558 2111 Evangelium
578 2051 671 2111 quem
692 2031 724 2093 S.
744 2031 879 2092 loannis
898 2029 1065 2110 legendum
1086 2031 1137 2104 sit,
1157 2031 1245 2110 prius

155 2125 282 2188 Missale
317 2124 477 2188 transfert.
536 2122 752 2185 Subdiaconus
784 2123 928 2184 consistit
961 2127 998 2185 ut
1029 2123 1069 2183 ad
1105 2123 1244 2202 primum

156 2218 371 2299 Evangelium.

199 2316 246 2373 14.
270 2312 441 2391 Evangelio
456 2311 547 2373 finito
566 2310 731 2388 Presbyter
747 2309 895 2372 assistens
911 2306 1030 2371 accedit
1046 2307 1085 2370 ad
1102 2307 1245 2371 dextram

157 2404 361 2479 Celebrantis,
392 2403 550 2465 Diaconus
582 2423 653 2465 vero
684 2402 723 2464 ad
755 2402 925 2463 sinistram.
980 2399 1182 2464 Descendunt
1212 2402 1244 2463 et

155 2502 356 2561 revertuntur
375 2497 415 2560 ad
434 2497 608 2559 sacristiam
629 2496 676 2556 uti
697 2499 854 2558 venerant.

586 2816 701 2889 ΛΒΤ.
727 2817 814 2889 VII.

354 3034 404 3085 DE
427 3034 542 3084 MISSA
564 3033 733 3083 SOLEMNI
757 3034 1049 3089 DEFUNC'I'ORUM.

198 3233 249 3300 95.
272 3234 370 3298 Nulla
392 3235 429 3299 fit
450 3234 622 3297 incensatio
643 3235 682 3296 ad
705 3235 880 3298 introitum
900 3242 932 3299 et
954 3237 1171 3318 Evangelium‚
1192 3235 1246 3302 sed

157 3329 346 3395 antuman
371 3329 577 3392 Ollertorium
600 3332 632 3391 et
656 3328 880 3392 Elevationem.
927 3329 1021 3392 Dicta
1044 3331 1247 3396 Confessione

158 3421 316 3488 Diaconus
336 3429 369 3486 et
392 3422 608 3485 Subdiaconus
629 3442 702 3482 eum
725 3421 908 3484 Celebrante
929 3423 1112 3496 ascendunt,
1134 3425 1246 3489 deinde

160 3517 279 3580 vadunt
293 3517 332 3579 ad
347 3536 444 3579 cornu
461 3514 620 3594 Epistolae
629 3534 638 3590 ;
652 3514 695 3577 ad
710 3514 883 3577 introitum
898 3536 930 3578 se
945 3518 1063 3579 sistunt
1077 3525 1112 3580 ut
1127 3519 1160 3578 in
1175 3516 1246 3580 aliis

158 3611 264 3673 Missis
281 3611 494 3672 solenmibus.¹

200 3710 228 3768 2.
252 3707 455 3769 Omittuntur
473 3704 577 3765 oscula
596 3724 708 3766 manus
728 3703 922 3767 Celebrantis
941 3712 972 3768 et
991 3706 1035 3768 rei
1054 3708 1247 3787 porrectae‚²

159 3798 214 3860 sed
233 3798 316 3860 fiunt
336 3796 556 3859 inclinationes
577 3795 616 3858 ad
638 3795 852 3859 Celebrantem
874 3803 905 3860 et
925 3797 965 3859 ad
985 3798 1123 3860 chorum.
1168 3798 1247 3860 Sub-

158 3892 308 3954 diaconus
330 3897 400 3972 post
425 3891 598 3970 Epistolem
622 3895 704 3952 cant.
728 3912 791 3953 non
815 3891 933 3954 accedit
956 3892 995 3953 ed
1021 3888 1245 3955 celebrantem.

203 3989 231 4048 3.
255 3986 425 4066 Postquam
447 3983 614 4046 Celebrans
635 3985 710 4063 legit
730 3983 806 4047 Dies
826 3986 906 4055 lrue,
926 3986 1020 4046 sessio
1040 3985 1107 4047 fieri
1127 3988 1246 4065 potest;

158 4079 272 4161 absque
283 4079 456 4142 reverentia
469 4099 524 4160 per
535 4077 651 4158 gradus
664 4078 806 4140 laterales
818 4078 1012 4141 descendunt
1023 4078 1063 4141 ad
1075 4098 1248 4156 scamnum,

158 4180 190 4238 et
205 4176 406 4238 revertuntur
420 4193 475 4255 per
491 4172 573 4234 viam
589 4171 771 4251 longiorem.
816 4170 960 4251 Surgunt
975 4172 1099 4235 circiter
1115 4173 1155 4235 ad
1169 4174 1248 4237 stro·

159 4268 254 4349 phem
270 4267 362 4330 luter
378 4287 457 4330 oves.

197 4452 285 4582 ποῖ.
314 4450 441 4516 Sebober,
468 4450 485 4501 1.
514 4465 536 4501 c.
563 4464 590 4514 p.
621 4449 679 4513 178,
765 4449 1248 4514 ²D.16.Nov.1906,n.4193.3.

158 4530 222 4584 adn.
