2804 4890
412 628 553 690 Montis
575 627 806 688 ORDINANDI
828 627 1035 687 OFFIOTUM.
1205 618 1265 682 381

215 804 244 865 8.
289 801 484 884 suffragium
512 802 550 864 de
578 801 723 864 omnibus
753 800 878 865 Sanctis
906 821 970 863 exa.
999 803 1094 880 temp.
1122 797 1203 861 Λᾶν.
1230 802 1261 861 et

174 895 342 959 Passionis.
386 896 511 976 (Temp.
539 892 648 957 Pasch.
677 893 939 958 Commemoratio
966 891 1005 956 de
1032 892 1159 971 Oruee.)

215 991 243 1050 9.
285 984 443 1052 Dominus
462 984 631 1050 vobiscum.
670 985 908 1050 Benedicomus.
947 982 1117 1047 Fidelium.

544 1152 547 1158 '
562 1166 868 1221 courusroswu.

173 1309 211 1374 ds
231 1310 300 1378 Fer.
320 1312 471 1376 currenti.
511 1311 684 1374 adduntur
704 1313 825 1375 Preces.

609 1586 724 1660 ART.
750 1586 816 1660 IV.

424 1777 555 1831 MODUS
575 1776 791 1831 ORDINANDI
813 1777 1007 1831 OFFICIUM.

212 1940 289 2006 241:
313 1941 349 2006 Si
377 1942 512 2007 officium
539 1946 582 2009 sit
611 1944 648 2007 de
676 1949 824 2024 tempore,
854 1945 872 2007 i.
900 1965 925 2007 o.
955 1943 993 2007 de
1021 1942 1187 2007 Dominios
1214 1937 1261 2005 vel

171 2035 261 2113 feria,
287 2036 512 2100 recurrendum
537 2042 585 2100 est
609 2037 648 2098 ad
676 2037 844 2117 Proprium
870 2036 908 2098 de
933 2040 1090 2118 tempore3
1114 2055 1192 2113 quae
1217 2034 1261 2096 ibi

170 2147 234 2191 non
267 2132 439 2208 ponuntur,
475 2150 513 2192 ex
540 2129 694 2192 Psaltsrio
721 2149 774 2191 seu
803 2127 972 2191 Communi
999 2127 1037 2191 de
1064 2132 1203 2208 tempore
1229 2131 1261 2190 et

171 2219 340 2284 Oniinario
365 2226 544 2284 sumuntur.

212 2315 240 2374 2.
274 2313 382 2377 Etiam
404 2333 461 2394 pro
484 2313 573 2377 festis
597 2313 725 2375 Domini
750 2311 976 2394 principalibus
1005 2311 1112 2390 (etde
1136 2311 1261 2374 Sanctis

170 2405 257 2471 infra
286 2411 427 2470 octavam
459 2406 645 2470 Natiuitatis
678 2404 824 2484 Domini)
860 2403 1084 2467 recurrendum
1114 2403 1153 2465 ad
1185 2402 1261 2465 Pro·

169 2499 276 2580 prium
300 2497 338 2563 de
363 2502 512 2580 tempore.

211 2594 240 2653 3.
275 2589 309 2653 si
337 2591 473 2654 officium
500 2591 537 2653 fit
563 2591 601 2653 <ie
630 2590 764 2666 Sanctis,
792 2587 1016 2653 romrrrendum
1045 2595 1090 2652 est
1117 2588 1154 2650 ad
1186 2586 1260 2651 Pro·

168 2684 275 2765 prium
301 2682 507 2759 Sanctorum
533 2703 611 2764 quae
638 2682 680 2745 ibi
705 2701 769 2744 non
794 2680 1006 2763 assignantur,
1029 2700 1066 2744 ex
1094 2679 1261 2742 Communi

171 2775 359 2841 Sanctorum
381 2782 551 2839 sumuntur
572 2775 672 2857 quoad
694 2775 793 2838 officia
814 2774 975 2847 solemnia,
997 2794 1033 2837 ex
1056 2773 1209 2836 Psalterio
1230 2778 1259 2834 et

170 2867 339 2932 Communi
367 2867 555 2932 Sanctorum
581 2868 681 2949 quoad
709 2866 808 2931 officia
834 2867 1003 2931 ordinaria.

210 2967 240 3025 4.
272 2960 364 3024 Infra
391 2966 514 3026 octavas
540 2980 720 3023 communes
746 2958 882 3023 officium
910 2959 1029 3022 dieitur
1055 2965 1093 3022 ut
1120 2959 1153 3021 in
1181 2958 1262 3023 festo

169 3053 352 3117 ordinario.²

209 3145 250 3208 In
280 3146 369 3209 feriis
399 3147 536 3209 sumitur
566 3144 675 3207 Oratio
705 3145 744 3207 de
774 3143 942 3208 Dominioa
973 3144 1181 3225 praecedenti,
1211 3143 1260 3205 sin

169 3241 297 3320 propria
319 3238 480 3302 habeatur.

212 3335 240 3392 5.
284 3331 386 3394 “Cum
414 3331 565 3394 dicuntur
591 3329 697 3412 piures
724 3329 920 3405 Orationes,'’
947 3332 1011 3394 sire
1039 3330 1072 3391 in
1099 3328 1197 3392 officio
1224 3327 1263 3391 ob

170 3425 489 3501 commemorationes,
513 3425 634 3486 sivein
661 3423 768 3497 Missa,
793 3422 844 3485 “et
869 3442 932 3485 una
955 3418 1065 3484 Oratio
1089 3421 1195 3483 eadem
1221 3421 1262 3481 sit

170 3538 241 3581 aum
262 3518 325 3581 alia
346 3517 462 3580 ibidem
485 3516 626 3589 dicenda,
650 3514 760 3577 Oratio
783 3513 938 3594 ejusmodi
967 3513 1152 3594 (posterior)
1180 3531 1263 3574 oom-

170 3615 311 3674 mutetur
339 3630 410 3672 cum
440 3610 501 3672 alia
530 3609 567 3671 (io
598 3608 766 3669 Communi
797 3608 842 3669 vel
873 3606 911 3669 de
941 3605 1084 3685 Proprie,
1113 3623 1192 3684 quae
1221 3605 1262 3665 sit

170 3701 323 3766 diversa.''
367 3700 459 3763 siin
483 3701 650 3764 Communi
675 3721 738 3762 una
761 3702 886 3762 tantum
911 3696 1020 3761 Oratio
1042 3696 1204 3765 habeatur,
1227 3704 1264 3759 ut

171 3814 228 3876 pro
260 3793 448 3858 Dostoribus
479 3799 509 3856 et
543 3792 726 3860 Abbatibus‚
758 3791 896 3853 sumitur
926 3789 988 3854 alia
1020 3789 1059 3852 de
1092 3788 1260 3850 Communi

172 3886 384 3962 Confessoris3
412 3907 468 3968 pro
494 3885 682 3965 Virginibus
709 3883 803 3946 Mart.
831 3902 885 3944 seu
911 3901 974 3944 non
1001 3881 1095 3944 Mart.
1122 3886 1179 3942 eto.
1213 3880 1261 3957 (in

172 3980 285 4057 Missa)
319 3979 380 4042 alia
406 3980 445 4042 de
472 3979 597 4053 Sancta,
624 3975 828 4057 exprimendo
855 3975 902 4038 rel
930 3972 1060 4037 tacendo
1089 3973 1264 4053 Virqioem,

171 4074 218 4136 vel
240 4072 413 4154 Martyrem
437 4074 562 4134 tantum
585 4069 632 4134 vel
655 4073 825 4149 utrumque
847 4066 942 4129 simul
965 4068 1057 4147 juxta
1079 4065 1265 4146 qualitatem

170 4165 272 4232 officii.

557 4315 649 4368 ²Nov.
667 4316 750 4368 Rubr.
769 4315 792 4366 Ῑ.
812 4315 836 4365 3.
