2804 4890
159 679 219 747 578
343 691 429 748 APP.
453 691 496 748 11.
541 691 596 747 Da
617 688 874 750 ennaremus
896 691 1066 754 emole.

558 1295 749 1374 CAPUT
782 1293 858 1372 IV.

421 1496 478 1550 DE
506 1496 782 1551 PARAMENTIS
812 1496 985 1551 cunels,

197 1660 267 1722 353.
292 1661 480 1722 Paramenta
513 1662 587 1722 haec
622 1667 696 1721 sunt
728 1661 875 1740 quinque,
908 1681 1035 1741 nempe:
1073 1663 1269 1742 Corporale,

157 1754 257 1830 Palla,
282 1753 550 1828 Purifieatorium‚
575 1753 699 1828 Velum,
725 1754 848 1814 Bursa.l

616 1984 731 2055 ΛΒΤ.
762 1985 792 2056 Ι.

554 2169 604 2218 Da
628 2168 846 2219 conponam.

198 2331 226 2391 1.
249 2325 418 2408 Corporale
436 2333 482 2389 est
501 2346 635 2407 pannus,
655 2327 689 2388 in
708 2347 769 2407 quo
789 2328 952 2407 reponitur
970 2327 1066 2391 Sacra
1085 2328 1211 2391 Hostia
1231 2335 1264 2393 et

155 2441 249 2500 supra
282 2420 364 2499 quod
396 2419 566 2481 collocatur
597 2420 687 2480 Calix
718 2440 789 2480 eum
823 2419 879 2481 SS.
915 2416 1077 2499 Sanguine
1109 2428 1261 2503 tempore

157 2513 279 2587 Missae,
304 2517 336 2575 et
358 2512 439 2591 quod
464 2531 584 2591 semper
608 2513 704 2573 etiam
728 2518 814 2574 extra
839 2512 969 2573 Missam
993 2517 1159 2592 tamquam
1186 2516 1260 2576 sub-

155 2611 289 2667 stratum
316 2605 445 2665 inservit
471 2605 535 2664 rasi
562 2624 648 2667 saero
680 2603 812 2682 (ciborio
838 2611 869 2666 et
893 2605 1097 2679 ostensorio),
1127 2608 1261 2687 quando

154 2698 320 2760 actualiter
344 2698 484 2759 eontinet
512 2697 567 2758 SS.
598 2697 844 2757 Sacramentum.
895 2697 1060 2776 Significat
1087 2699 1134 2759 ita
1163 2700 1258 2763 linte-

153 2792 268 2866 amina,
293 2790 404 2870 quibus
429 2790 549 2869 Corpus
574 2789 702 2850 Domini
728 2791 759 2850 in
785 2790 947 2868 sepulchro
972 2789 1154 2852 involutum
1180 2794 1259 2857 fuit.

154 2978 300 3056 Corporis
323 2982 353 3038 et
378 2976 550 3054 Sanguinis
575 2975 790 3054 Medeurptoris
813 2974 921 3036 Nostri
944 2994 1060 3035 norum
1084 2974 1256 3039 sudarium

154 3069 293 3148 Spiritus
320 3069 428 3130 Sancti
452 3067 555 3146 gratia
579 3065 760 3129 efficiatur?

194 3164 222 3223 2.
246 3160 381 3223 Materia
398 3160 576 3240 Corporalis
594 3160 683 3221 debet
702 3180 765 3221 esse
786 3161 887 3222 linum
906 3161 1022 3234 album,
1042 3162 1256 3240 purissimum

150 3259 183 3317 et
207 3253 446 3327 nitidissimum,
471 3253 544 3332 quia
569 3251 748 3312 immediate
773 3254 875 3330 tangit
905 3253 1161 3316 Eucharistirum
1192 3256 1255 3317 Do·

150 3348 282 3408 minum.
339 3345 425 3407 Usus
462 3345 591 3407 alterius
630 3344 787 3411 materiae,
826 3345 966 3424 quamvis
1002 3346 1205 3424 pretiosioris
1222 3356 1256 3414 et

149 3439 251 3501 adhue
271 3440 370 3519 magis
390 3439 550 3499 inferioris
570 3437 684 3497 indolis
703 3438 810 3499 stricte
830 3437 1020 3517 prohibetur.
1063 3439 1254 3519 Corporalia

151 3535 293 3596 ronieeta
317 3555 333 3594 e
358 3531 501 3610 gossypio
526 3535 556 3592 et
580 3531 674 3591 etiam
699 3551 715 3591 e
741 3532 837 3591 seriro
863 3537 937 3592 sunt
961 3535 1070 3593 eontra
1097 3534 1254 3601 rubricas,

151 3626 236 3695 rideo,
261 3630 296 3687 ut
323 3625 353 3685 S.
382 3624 478 3699 Conp.
505 3624 578 3688 trit..
603 3642 680 3701 quae
706 3643 792 3684 serus
818 3644 873 3702 pro
900 3623 1028 3702 reliquis
1053 3629 1254 3703 paramentis

150 3741 165 3780 e
192 3718 323 3780 materia
351 3717 461 3777 illirita
489 3716 639 3776 consertis
668 3735 759 3776 usum
787 3736 881 3795 usquo
907 3715 945 3776 ad
973 3720 1252 3797 ronsumptionem

151 3810 331 3889 perrrrittere
360 3809 447 3873 solet.
476 3808 614 3885 jusserit.
644 3808 724 3887 quod
757 3808 937 3886 Corporalia
972 3809 1018 3886 (et
1051 3808 1137 3872 idem
1169 3815 1253 3877 ualet

150 3903 187 3964 dr
212 3903 299 3964 i’aila
323 3907 353 3964 et
380 3900 616 3972 Purifiratorio)
646 3906 715 3980 post.
739 3901 861 3979 lapsum
884 3901 979 3962 unius
1003 3904 1121 3964 mensis
1146 3926 1164 3968 a
1194 3906 1252 3969 De·

150 3997 240 4056 rrrti²
262 3994 472 4074 pubiirationo
496 3991 662 4055 interdieta
685 4000 714 4054 rt
738 3995 833 4054 vetita
856 3991 960 4055 forent
982 3997 1012 4055 et
1034 4014 1098 4055 non
1123 4006 1253 4078 possent

151 4089 289 4148 adhiberi
310 4085 482 4165 usquedum
503 4091 736 4147 ronsumantur.

192 4185 219 4241 3.
245 4181 356 4240 Forma
392 4177 569 4257 Corporalis
599 4186 641 4239 est
676 4178 824 4257 qrmrirata
858 4180 931 4240 tatis
963 4180 1185 4253 dimensionis,
1217 4190 1251 4248 ut

150 4271 309 4336 ‹ommode
330 4271 445 4334 Hostia
464 4275 496 4335 et
516 4269 606 4332 Caiix
628 4289 774 4350 supereo
795 4269 937 4333 rollorari
958 4278 1083 4351 queant.

188 4444 288 4490 ¹Hitus
321 4444 470 4493 servandos
502 4443 528 4490 in
562 4442 668 4493 Celebr.
756 4442 813 4491 2Ι).
833 4443 909 4493 2600.

148 4519 258 4573 Missae,
277 4519 330 4567 Tit.
350 4518 372 4567 I.
391 4533 417 4568 n.
437 4521 459 4568 1.
