2804 4890
463 661 551 720 ΔΡΡ.
575 660 618 717 ΙΙ.
656 659 710 718 ΒΕ
733 659 934 722 PLUVIALI.
1184 655 1246 720 567

558 1273 749 1354 ΟΑΡΠΤ
781 1276 844 1354 ΙΙ.

406 1458 464 1515 na
483 1459 597 1516 sarrs
617 1459 825 1517 vnsrraus
847 1459 1001 1519 sacrus

613 1627 730 1701 ΛΒΤ.
760 1629 791 1703 Ι.

566 1809 619 1864 ΒΕ
640 1811 833 1864 PLUVIALI.

196 1979 267 2044 844.
290 1980 433 2047 Pluviale
449 1986 497 2047 eat
513 1981 646 2063 pallium
665 2004 736 2047 curn
752 1984 879 2065 caputio
897 1983 1140 2066 supratdorsum
1158 1981 1247 2045 affixo

155 2074 295 2137 totaliter
322 2080 468 2156 apertum
497 2076 530 2136 in
558 2079 647 2156 parte
674 2077 835 2138 anteriori.
884 2076 924 2137 In
953 2080 1076 2158 pectore
1104 2075 1247 2139 connecti

154 2167 233 2230 solet
251 2167 347 2230 fibula
366 2168 412 2231 vel
432 2169 512 2231 vitta
531 2170 629 2249 panni
648 2167 748 2231 serici.
790 2169 940 2244 Tantum,
961 2168 1085 2248 quando
1103 2173 1248 2248 portatur

153 2260 192 2322 ab
212 2261 376 2341 Episcopo,
394 2260 553 2322 clauditur
570 2267 764 2337 ornamento,
783 2261 865 2341 quod
887 2264 1013 2324 vocatur
1032 2261 1175 2324 Formale
1193 2280 1246 2323 seu

155 2352 326 2429 Pectorale‚
347 2356 489 2416 confecto
511 2375 548 2418 err
570 2374 647 2417 auro
667 2355 713 2417 vel
736 2353 797 2416 alio
820 2354 955 2435 pretioso
977 2352 1106 2419 metallo
1127 2354 1247 2417 formae

154 2447 306 2510 rotundae
326 2447 373 2510 vel
395 2447 501 2509 ovalis.
542 2446 611 2511 Hoc
633 2447 775 2510 Formale
794 2469 813 2510 a
833 2445 898 2511 solo
920 2447 1074 2529 Episcopo
1093 2451 1126 2510 et
1144 2447 1246 2527 priva-

153 2537 215 2601 tive
234 2538 375 2601 adhiberi
394 2543 506 2620 potest,
524 2560 587 2602 non
607 2540 644 2602 ab
664 2539 735 2602 aliis
753 2537 958 2620 dignitatus}

195 2633 224 2692 2.
246 2630 276 2692 Α
297 2633 422 2712 caputio
443 2652 496 2694 seu
518 2631 640 2694 cucullo
659 2632 717 2696 hoc
738 2631 961 2695 indumentum
983 2635 1075 2696 antea
1093 2631 1246 2713 appellari

153 2723 270 2786 solebat
294 2723 401 2804 Cappa
410 2726 432 2800 ;²
456 2727 595 2787 attamen
619 2723 712 2789 hodie
735 2725 890 2788 terminus
912 2724 1080 2805 liturgicus
1102 2729 1149 2789 est
1171 2723 1246 2786 Plu·

153 2814 242 2880 viale.

195 2910 222 2970 3.
247 2907 409 2989 Originem
425 2927 513 2970 suam
528 2909 617 2970 ducit
632 2929 696 2972 non
712 2930 749 2972 ex
765 2910 956 2990 antiquitate
972 2910 1123 2986 Romana,
1140 2930 1245 2990 quem·

152 2999 323 3063 admodum
356 3000 453 3081 aliqui
486 3002 652 3080 scriptores
684 3000 833 3065 videntur
865 3001 1000 3083 opinari,
1029 3003 1082 3066 sed
1113 3024 1130 3068 e
1163 3007 1246 3065 veste

152 3092 294 3156 adhibita
317 3114 337 3156 a
360 3093 520 3156 monachis
546 3093 643 3156 medii
668 3098 735 3157 aevi
768 3097 862 3173 (saec.
889 3095 986 3159 Vlll.
1012 3100 1045 3159 et
1069 3096 1147 3175 IX.)
1199 3096 1243 3156 Hi

151 3205 264 3266 nempe
287 3206 384 3267 quum
409 3187 441 3248 in
466 3187 560 3250 choro
584 3185 691 3249 divino
713 3187 812 3250 officio
835 3187 1022 3252 assistebant
1044 3188 1093 3253 vel
1118 3188 1152 3250 in
1175 3208 1244 3270 pro

151 3278 340 3342 cessionibus
368 3278 610 3359 participabant,
638 3279 771 3360 pallium
801 3282 1009 3357 assumebant,
1038 3301 1099 3362 quo
1129 3281 1245 3362 seipsos

151 3376 260 3436 contra
277 3371 380 3451 frigus
396 3377 427 3435 et
443 3372 584 3452 pluviam
599 3376 760 3453 protegere
778 3377 912 3453 possent.
952 3375 1014 3435 Pro
1031 3374 1140 3436 diebus
1157 3374 1244 3436 testi-

150 3464 198 3526 vis
223 3464 281 3528 hae
307 3463 431 3544 Cappae
454 3459 652 3546 pretiosiores
677 3486 741 3528 esse
765 3465 914 3537 solebant,
940 3486 1018 3546 quae
1045 3467 1077 3527 iu
1103 3465 1244 3528 sacristia

151 3576 205 3618 seu
224 3556 300 3620 alibi
318 3561 500 3633 asservatae,
520 3556 654 3636 singulis
673 3557 844 3632 monachis,
863 3558 937 3620 data
957 3559 1125 3631 occasione,
1145 3558 1244 3639 porri-

151 3649 314 3729 gebantur.
351 3649 488 3714 Videtur
504 3649 612 3731 Cappa
626 3650 757 3714 evasisse
773 3651 865 3713 vestis
881 3649 1029 3729 liturgico
1046 3652 1127 3713 circa
1141 3671 1244 3713 saecu·

151 3742 218 3806 lum
242 3743 282 3806 X.

194 3839 224 3898 4.
244 3834 392 3898 Formam
422 3835 499 3899 haec
531 3836 636 3910 vestis,
666 3833 790 3916 quando
823 3836 856 3897 in
886 3839 953 3899 tota
986 3857 1040 3899 sua
1072 3836 1243 3900 latitudine

151 3928 342 4004 extenditur,
363 3928 456 3991 habet
477 3928 675 3991 semicirculi.
720 3928 893 3991 Decoratur
913 3929 1011 3992 fascia
1033 3931 1066 3992 in
1089 3931 1193 3993 fronte
1214 3934 1245 3993 et

151 4027 283 4086 ornatur
306 4042 398 4102 opere
421 4041 479 4085 acu
502 4021 585 4102 picto
610 4021 655 4085 rel
681 4020 894 4102 auriphrygio.
943 4021 1094 4103 Sperialis
1119 4024 1245 4103 insuper

152 4118 281 4178 omatus
303 4120 335 4178 et
357 4115 512 4195 pretiosus
535 4134 624 4195 saepe
647 4114 742 4178 datur
764 4115 900 4195 caputio,
924 4115 1017 4178 sicuti
1041 4115 1152 4195 Agnus
1176 4116 1245 4190 Dei,

152 4208 304 4288 imagines
327 4208 513 4271 Sanctorum
535 4212 593 4269 etc.
636 4206 818 4287 eapullum,
837 4207 919 4288 quod
941 4208 979 4270 ab
1001 4208 1094 4273 initio
1114 4229 1244 4290 parvum

152 4305 219 4365 erat
232 4305 274 4377 et,
291 4320 347 4364 suo
363 4299 503 4366 naturali
519 4299 576 4363 fini
593 4299 775 4375 inserviens,
792 4318 885 4381 super
901 4306 996 4381 caput
1011 4302 1096 4366 trahi
1113 4304 1245 4384 poterat,

69 4559 71 4563 ι
184 4480 240 4532 ιι),
260 4482 336 4534 2425,
707 4481 808 4533 rande
831 4482 969 4546 anglicum
993 4498 1089 4536 nomen
1113 4484 1193 4550 Copo.
