2804 4890
189 688 240 744 DE
264 684 512 746 CAPELLANIS
536 686 578 742 IN
604 686 724 742 Missa
747 685 918 741 PRIVATA
941 682 1133 741 EPISOOPI.
1175 671 1233 736 123

203 918 210 932 ,
465 878 573 917 enisos
808 878 960 918 sacnnnos
1068 874 1234 914 carcasen-

174 916 295 955 um&
423 954 618 993 capsitanus.
784 953 979 992 carantanos.
1066 949 1225 988 ramanus.

140 1032 165 1083 7.
175 1031 300 1098 Evange·
392 1030 547 1085 Asinistris
560 1030 690 1098 Episcopi
752 1030 818 1084 Post
829 1030 979 1096 Sapientia,
994 1035 1048 1083 etc.
1110 1027 1149 1080 Ut
1178 1026 1233 1092 pri·

174 1106 250 1161 lium.
356 1106 469 1171 bugiam
480 1114 576 1161 tenens
586 1105 690 1159 indicat
715 1106 751 1160 ad
771 1105 897 1160 dextram
918 1103 1048 1171 Episcopi
1074 1118 1144 1155 mus.

356 1180 467 1236 initium
480 1180 632 1245 Evangelii.
715 1181 824 1234 transit.

174 1323 304 1377 Louslibi
393 1322 510 1388 Bugiam
536 1341 618 1389 super
644 1324 690 1376 Al·
751 1323 779 1376 Si
787 1339 842 1377 non
851 1321 960 1376 dicatur
968 1321 1048 1389 Sym·
1109 1318 1149 1371 Ut
1177 1317 1232 1383 pri·

209 1398 272 1453 etr.
356 1404 417 1453 tare
435 1397 558 1466 deponit,
579 1398 689 1452 initium
714 1397 818 1462 bolum,
857 1397 928 1452 circa
965 1396 1048 1451 linem
1073 1409 1136 1447 mus
1148 1391 1181 1446 C.

357 1473 500 1537 Evangelii
557 1472 687 1535 ostendit,
714 1472 858 1539 Evangelii
880 1472 916 1527 ad
937 1471 1048 1527 creden·

358 1549 471 1604 Missale
480 1549 571 1604 elevat
581 1556 613 1603 ut
624 1549 689 1615 Epi·
714 1549 783 1603 tiam
796 1547 884 1603 vadit.

355 1624 690 1691 scopuaprineipiumtex-

357 1706 403 1753 tus
415 1699 531 1753 osculari
544 1700 639 1766 possit.

392 1858 688 1925 AsinistrisEpiscopi.
750 1859 774 1910 A
789 1856 893 1911 dextris
907 1856 1046 1925 Episcopi.

751 2010 802 2062 l‘er
811 2008 912 2073 gradus
922 2007 1049 2062 laterales
1109 2002 1149 2056 Ut
1189 2019 1231 2057 se-

714 2083 750 2137 ed
782 2081 950 2136 credentiam
969 2083 1049 2137 vadit
1073 2078 1189 2132 cundus.

714 2165 743 2210 et
761 2157 872 2211 calicem
891 2175 955 2211 cum
972 2159 1048 2211 omni

714 2233 775 2298 ejus
792 2240 930 2299 apparatu
948 2232 984 2286 ad
1001 2232 1049 2285 Al-

715 2314 776 2360 tare
788 2308 868 2361 affert
881 2314 909 2362 ct
923 2308 950 2360 in
963 2307 1049 2363 latere

715 2382 856 2449 Epistolae
869 2384 956 2449 ponit.
994 2383 1049 2437 Ex·

394 2457 503 2514 Iudicat
561 2476 689 2513 versum
715 2457 801 2511 trahit
818 2457 966 2525 corporale,
984 2458 1049 2512 bur-

221 2532 227 2543 '
279 2573 286 2587 .
356 2540 435 2588 stans
453 2553 470 2588 a
489 2534 606 2587 sinistris
625 2534 691 2601 Epi·
715 2549 774 2587 sam
787 2550 882 2587 versus
895 2549 978 2587 comu
992 2533 1048 2587 Ev-

357 2608 432 2677 scopi
460 2614 489 2662 et
517 2616 614 2663 tenens
640 2609 691 2663 bu·
715 2607 812 2672 angelii
839 2608 926 2674 ponit,
953 2624 1048 2675 corpo-

377 2684 382 2695 '
714 2682 771 2737 rale
781 2682 906 2737 extendit
915 2690 944 2737 et
954 2682 1048 2737 velum

715 2757 847 2824 plicatum
888 2758 923 2813 ad
963 2775 1048 2813 cornu

715 2832 857 2900 Epistulae
872 2832 988 2887 collocat
1003 2831 1048 2887 vel

716 2907 812 2962 clerico
822 2926 904 2975 super
913 2907 1048 2963 credenti·

716 3000 762 3036 am
776 2983 935 3050 ponendum
949 2982 1045 3038 tradit.

751 3125 886 3180 Patenam
910 3123 1048 3193 Episcopo
1108 3118 1181 3174 Item
1197 3125 1230 3173 ut

716 3217 779 3254 cum
802 3201 901 3254 osculis
922 3201 1048 3267 porrigit;
1071 3192 1218 3248 secundus.

715 3275 827 3329 calicem
856 3275 980 3340 extergit,
1008 3276 1050 3329 in-

714 3349 807 3404 fundit
823 3350 928 3413 vinum,
942 3350 1050 3417 ampul-

715 3424 771 3479 lam
785 3442 873 3491 aquae
886 3425 968 3479 oficrt
982 3426 1049 3493 Epi·

714 3518 798 3568 scopo
824 3500 928 3554 dicens:
963 3500 1048 3554 Bene·

714 3576 792 3629 dicite
819 3575 898 3627 Peter
924 3575 1048 3629 Reveren-

713 3651 831 3714 diaaime,
841 3649 962 3704 infundit
981 3667 1048 3716 pau·

714 3743 761 3780 cas
800 3732 903 3791 guttas,
931 3726 1048 3791 extergit

714 3799 1048 3865 guttasintusadhaeren·

714 3882 765 3940 tes,
791 3881 816 3927 et
844 3874 956 3929 calicem
981 3873 1048 3941 Epi·

714 3967 798 4016 scopo
841 3966 904 4003 cum
947 3948 1048 4005 osculis

714 4024 809 4079 tradit.

136 4171 178 4221 ll.
198 4166 295 4233 Offeri·
393 4167 457 4223 Non
469 4166 576 4223 recitat.
751 4167 814 4221 Non
825 4167 922 4221 recitat
932 4184 982 4221 nec
992 4166 1047 4221 cal·

188 4260 259 4297 mro.
715 4241 762 4295 icis
792 4240 889 4308 pedem
917 4242 1045 4298 sustinet.

714 4315 836 4370 Calicem
849 4317 970 4383 cooperit
988 4317 1048 4385 pal-

714 4391 749 4453 la.
768 4400 793 4445 cl
823 4402 954 4459 patenam
973 4394 1048 4461 puri·

713 4464 846 4521 ficatorio.
