2804 4890
316 672 369 726 or
393 672 554 728 ouosus
578 672 830 729 onuroarnus
855 673 897 727 m
921 672 1032 728 vrsr.
1057 671 1140 728 son.
1213 659 1275 724 417

224 837 253 897 3.
273 834 350 898 Post
367 835 563 917 Maenifieol,
582 837 659 898 dum
676 841 822 900 cantatur
841 836 931 901 Sicut
950 843 1016 903 erat
1036 838 1083 901 vel
1102 838 1276 918 antiphona

182 928 346 1007 repetitur,
372 930 487 991 iterum
513 929 552 991 ad
580 929 796 993 Celebrantem
822 930 974 993 accedunt
997 937 1034 993 ut
1059 935 1162 1007 antea,
1187 931 1275 1010 eique

182 1020 333 1083 assistunt
345 1041 443 1102 usque
455 1021 496 1084 ed
507 1020 663 1087 Dominus
676 1022 834 1086 vobiscum
847 1028 918 1105 post
930 1022 1078 1086 ultimam
1093 1024 1274 1087 Orationem

182 1113 341 1177 inclusive.
383 1115 472 1177 Tunc
491 1119 529 1177 ut
546 1134 641 1195 supra
659 1115 792 1179 redeunt
809 1116 843 1177 in
862 1114 1003 1178 medium
1022 1122 1096 1179 ante
1113 1116 1224 1179 Altare
1244 1121 1275 1179 et

180 1206 397 1286 genuflexione
413 1207 497 1269 facta
514 1206 557 1271 ibi
573 1208 701 1270 stabunt
717 1228 814 1288 usque
829 1208 870 1270 ad
887 1208 981 1272 finem
996 1208 1217 1289 Vesperarum.

210 1299 259 1359 si
278 1299 453 1362 benedictio
474 1300 673 1362 Sanctissimi
691 1300 795 1364 danda
813 1302 866 1379 sit,
885 1300 1030 1364 candelas
1048 1300 1170 1365 Altaria
1189 1301 1275 1365 inira

180 1391 388 1472 antiphonam
409 1393 446 1454 B.
466 1392 512 1456 M.
534 1393 574 1456 V.
595 1393 778 1457 accendunt.

610 1666 726 1742 ART.
751 1668 838 1743 VH.

213 1876 264 1927 DE
285 1877 435 1931 DUOBUS
455 1879 694 1931 CANTORIBUS
715 1880 759 1930 IN
780 1880 964 1932 VESPERIS
985 1881 1237 1935 SOLEMNIBUS.

220 2047 290 2112 264.
310 2050 402 2112 “Duo
421 2052 582 2127 Cantores,
599 2053 691 2113 cottis
709 2051 825 2130 induti,
842 2054 989 2116 intonant
1005 2052 1142 2135 psalmos
1160 2052 1193 2114 in
1209 2071 1272 2116 me-

205 2143 210 2152 ·
331 2143 336 2154 ’
351 2142 383 2176 951

179 2141 400 2297 dld‘idlderdimt
412 2257 428 2297 e
442 2237 584 2298 sacristia
598 2236 683 2299 nudo
697 2237 799 2316 capite
813 2242 883 2317 post
897 2238 1184 2300 Caeremoniarium
1199 2244 1272 2302 ante

179 2325 368 2389 Assistentes
384 2334 518 2408 paratos.
558 2329 641 2390 Ante
657 2328 766 2392 Altare
783 2333 865 2391 retro
881 2334 952 2409 post
969 2329 1184 2393 celebrantem
1201 2329 1271 2393 flec-

179 2426 253 2482 tunt
270 2421 399 2481 unicum
417 2440 510 2499 genu,
527 2426 559 2482 ct
578 2421 686 2481 statim
705 2421 858 2484 accedunt
875 2422 916 2485 ad
935 2424 1003 2485 loca
1021 2441 1087 2498 sua,
1106 2443 1217 2504 nempe
1238 2423 1270 2484 in

179 2511 381 2574 inferioribus
405 2511 561 2575 subselliis
586 2513 673 2574 chori
698 2513 735 2575 ab
759 2518 890 2594 utraque
914 2520 1013 2596 parte,
1038 2516 1084 2578 vel
1110 2516 1143 2576 in
1168 2516 1271 2578 medio

178 2603 273 2665 chori.

220 2700 247 2756 2.
271 2696 320 2757 Ad
343 2696 530 2758 intonandos
551 2696 686 2777 psalmos
706 2702 738 2761 et
757 2698 943 2780 Mopnifical
962 2700 1002 2762 ad
1023 2700 1161 2761 medium
1183 2700 1269 2761 chori

177 2788 328 2850 accedunt
354 2787 457 2869 ibique
483 2809 515 2851 se
540 2789 682 2868 jungunt
707 2810 779 2852 cum
805 2789 920 2853 debitis
946 2792 1128 2854 reverentiis
1156 2792 1270 2859 Alteri.

177 2883 269 2944 choro
282 2887 358 2956 etc.;
373 2882 568 2943 intonationo
583 2883 665 2943 facta
677 2902 748 2943 cum
761 2882 875 2945 debitis
888 2885 1069 2947 reverentiis
1081 2885 1119 2947 ad
1134 2886 1200 2947 loca
1213 2904 1270 2946 sua

177 2974 334 3037 recedunt.
373 2974 407 3035 Si
424 2974 574 3035 Cantores
591 2973 623 3034 in
639 2973 741 3036 medio
754 2975 840 3036 chori
855 2975 993 3049 sedeant,
1009 2976 1125 3039 ibidem
1140 2979 1207 3040 sine
1224 2997 1268 3040 re·

176 3065 324 3130 verentiis
338 3065 491 3129 faciendis
504 3065 640 3146 psalmos
654 3067 825 3128 intonant.²
863 3068 896 3131 Si
909 3066 990 3130 nulli
1007 3070 1052 3131 uel
1066 3070 1128 3132 duo
1143 3074 1267 3132 tantum

176 3159 282 3221 adsint
306 3157 522 3234 Pluvialistae,
547 3158 698 3221 Cantores
722 3160 756 3221 in
781 3158 883 3222 medio
907 3159 993 3223 chori
1019 3161 1114 3222 etiam
1139 3166 1268 3224 cantant

176 3271 298 3314 versum
321 3252 353 3311 in
374 3251 435 3312 fine
455 3250 576 3329 hpmni,
597 3251 756 3329 incipiunt
777 3251 965 3331 antiphonas
986 3253 1025 3314 ad
1047 3273 1268 3315 commemora-

175 3345 276 3406 tiones
298 3344 331 3405 in
352 3343 438 3406 omni
458 3361 542 3418 casu,
563 3362 672 3406 earum
693 3362 816 3405 versum
838 3349 967 3407 cantant
988 3350 1020 3408 et
1040 3346 1268 3411 Benedicumus

176 3435 321 3499 Domino.

217 3532 244 3590 3.
270 3528 304 3589 Si
318 3529 507 3607 antiphonas
523 3527 741 3607 praeintonare
757 3526 880 3603 debent,
896 3548 959 3590 non
975 3529 1008 3591 in
1024 3529 1164 3593 medium
1181 3531 1266 3593 chori

175 3642 229 3683 nec
248 3621 316 3682 bini
335 3621 496 3695 accedunt,
516 3620 566 3681 sed
587 3617 732 3698 singulus
749 3618 868 3682 Cantor
887 3640 938 3681 ees
956 3621 1156 3701 praeintonat
1174 3645 1192 3686 a
1211 3642 1267 3684 sua

175 3718 272 3793 parte,
292 3711 471 3793 incipiendo
489 3733 506 3773 a
525 3711 722 3789 dignioribus
740 3713 797 3773 hoc
815 3710 924 3774 modo:
945 3714 1029 3777 facta
1048 3713 1150 3776 Alteri
1170 3734 1267 3795 genu-

173 3807 313 3880 flexione,
327 3807 459 3868 ducente
473 3804 724 3867 Caeremoniario
737 3802 856 3866 accedit
866 3802 906 3866 ad
919 3805 1106 3886 digniorem,
1119 3808 1172 3887 qui
1187 3806 1268 3868 into-

175 3903 385 3971 natumsed,
409 3897 456 3959 illi
480 3901 574 3977 caput
599 3895 741 3971 inclinat,
765 3901 796 3959 et
818 3896 971 3961 submissa
994 3900 1045 3960 sed
1072 3898 1265 3975 intelligibili

175 4015 245 4056 voce
264 3993 418 4074 praecinit
440 3989 657 4068 antiphonam,
680 3990 699 4051 i.
721 4010 746 4051 e.
769 3989 875 4069 priora
896 3990 997 4061 verba,
1019 3989 1132 4069 quibus
1151 3992 1190 4053 ab
1213 3990 1266 4053 illo

175 4087 325 4172 repetitis,
349 4087 432 4148 facts
459 4083 641 4153 reverentia,
668 4082 786 4145 Cantor
811 4082 923 4146 comite
949 4084 1201 4149 Caeremoniario
1225 4083 1264 4147 ad

207 4245 216 4276 ¹
230 4235 292 4287 Non
305 4251 369 4288 vero
382 4235 571 4296 Pluvialistae‚
585 4234 692 4288 etiamsi
744 4235 806 4286 adn.
828 4237 852 4287 7.

172 4318 288 4377 quatuor
328 4313 369 4365 vel
409 4328 456 4364 sex
497 4310 693 4363 adsint-Otr.
775 4312 1264 4379 rneflorot‚1>rax.Ponti1.11.

169 4390 296 4458 Schober,
318 4390 357 4444 M.
381 4390 409 4443 S.
430 4393 460 4444 et
481 4390 522 4458 P.‚
543 4403 608 4459 pag.
631 4389 691 4453 343,
743 4386 785 4439 5⁷.
