2804 4890
523 695 576 749 DE
598 692 717 749 iussa
741 694 929 752 SOLEMNI.

838 883 999 928 macortUS.

604 979 629 1034 3.
651 977 791 1049 Coeperit
802 976 921 1035 calicem
933 978 1023 1051 palla,
1037 985 1175 1051 patenam
1188 979 1275 1053 ponit

564 1053 596 1110 in
613 1054 716 1111 dextra
733 1073 821 1111 manu
839 1054 910 1126 Sdi,
927 1054 1161 1127 purificatorium
1178 1075 1275 1129 prope

566 1130 718 1202 corporale
735 1129 829 1201 ponit.

178 1287 235 1341 Per
251 1285 526 1342 intercessionemB.
604 1282 802 1340 Incensationi
820 1282 932 1340 assistit
950 1289 981 1340 nt
999 1290 1068 1341 ante
1085 1283 1254 1342 Introitum.

228 1362 383 1417 lacessam
395 1361 482 1418 istud,
605 1360 712 1416 Pedem
725 1359 822 1416 calicis
835 1378 922 1417 manu
937 1360 1040 1418 dextra
1054 1367 1140 1431 tenet,
1154 1361 1274 1420 sinistra

566 1437 693 1494 casulam
723 1436 886 1493 sustollens.
936 1438 1059 1495 Amoret
1089 1437 1207 1495 calicem
1236 1439 1273 1495 ad

243 1514 399 1584 Diriyotur
423 1553 433 1571 .
458 1554 467 1571 .
566 1519 680 1584 partem
698 1512 802 1584 Epist,
816 1513 865 1583 gfl.
879 1531 1001 1585 eumque
1015 1514 1165 1572 incensato
1180 1516 1273 1572 Cruce

564 1589 691 1661 reponit,
712 1589 761 1659 gil.
783 1589 939 1647 comitatur
960 1590 1030 1661 cem,
1052 1596 1084 1647 ut
1105 1591 1143 1648 ad
1164 1590 1272 1648 incens.

564 1671 632 1723 ante
647 1665 815 1723 Introitnm.

272 1818 430 1874 Ascendet.
603 1818 728 1890 Sumpto
770 1818 919 1876 thuribulo
958 1818 1089 1877 incensat
1130 1819 1200 1890 (ἴδω,
1240 1827 1272 1876 ut

237 1894 327 1948 Orate
346 1894 467 1965 fratres.
565 1911 666 1965 supra,
687 1894 791 1950 deinde
812 1896 953 1952 chorum.²

601 2046 711 2105 Ultimo
728 2047 811 2104 Sdum
826 2046 938 2118 duplici
953 2047 1041 2104 ductu
1057 2047 1187 2105 incensat
1203 2055 1271 2105 ante

565 2121 690 2192 gradum
717 2123 847 2180 intimum
875 2123 905 2179 in
933 2123 1042 2194 angulo
1070 2123 1170 2181 lateris
1198 2124 1271 2196 Epi-

565 2200 666 2271 stolae,
687 2200 753 2256 incl.
774 2215 842 2259 anie
862 2208 891 2257 et
911 2207 987 2274 post.

600 2353 727 2410 Reddite
748 2354 895 2411 thuribulo
915 2355 1043 2411 ascendit
1064 2355 1094 2411 in
1113 2356 1270 2412 secundum

563 2429 686 2500 gradum
701 2435 768 2500 post
784 2431 853 2500 Cem,
868 2430 916 2499 gil.
931 2438 958 2486 ct
973 2449 1129 2487 conversus
1142 2431 1179 2488 ad
1193 2432 1271 2488 latus

563 2505 660 2577 Epist.
671 2525 689 2563 a
702 2506 893 2563 thuriferario
904 2506 1081 2564 incensatur.

678 2942 701 2966 -

182 3222 205 3264 at
222 3221 353 3274 Imposltlo
362 3223 446 3267 thuris
739 3226 765 3268 22
783 3225 927 3269 Incensstio
936 3227 1035 3271 Altarts

211 3370 221 3403 ¹
241 3363 274 3415 D.
295 3364 320 3415 9.
341 3365 406 3416 Jun.
429 3366 504 3429 1899,
525 3382 551 3417 n.
572 3367 648 3417 4027.
671 3368 694 3416 2.
747 3365 787 3416 los
800 3366 874 3416 binis
887 3366 1015 3418 ductibus
1029 3367 1164 3419 inclinans
1177 3368 1267 3433 singu·

210 3441 397 3493 ²Incensatio
426 3443 520 3493 Chori:
563 3444 695 3509 Imposito
747 3442 782 3492 lis
801 3448 865 3494 ante
884 3448 912 3494 ct
932 3448 1002 3509 post.
1039 3444 1153 3508 Deinde,
1175 3445 1267 3510 incipi·

175 3533 223 3584 per
263 3519 473 3571 thuriferarium
515 3521 630 3583 incenso,
671 3521 694 3570 si
751 3520 828 3581 endo,
849 3534 866 3570 a
886 3524 965 3584 parte
986 3519 1131 3586 Evangelii
1151 3534 1198 3572 seu
1219 3519 1267 3571 ubi

174 3611 242 3662 opus
262 3597 307 3661 sit,
327 3596 465 3648 Diaconus
486 3598 645 3665 genuflectit
667 3598 694 3647 in
747 3601 789 3647 est
828 3596 945 3661 dignior,
986 3598 1107 3649 incensat
1147 3599 1269 3663 singulos

174 3675 266 3726 eodeni
295 3674 361 3740 loco,
390 3675 413 3726 si
443 3678 539 3726 chorus
567 3675 603 3726 sit
632 3680 695 3742 post
747 3674 863 3739 singulis
896 3674 1038 3735 ductibus;
1074 3679 1122 3727 aut
1156 3674 1180 3725 si
1212 3676 1269 3726 sint

174 3751 279 3817 Altare,
307 3753 350 3804 vel
378 3753 405 3802 in
432 3754 521 3804 medio
548 3753 571 3803 si
599 3755 695 3803 chorus
747 3751 839 3817 plures
864 3755 896 3802 ut
921 3767 1014 3803 ornnes
1039 3752 1202 3817 singillatim
1230 3753 1268 3802 in·

173 3829 258 3879 sitin
279 3829 372 3882 fronte
391 3830 505 3891 Altaria,
524 3834 552 3881 et
572 3831 695 3895 procedit
747 3830 881 3880 censendo
906 3834 1021 3894 nequeat
1047 3830 1082 3880 ad
1107 3829 1204 3881 Altare
1229 3845 1268 3881 re·

182 3906 245 3970 (per
273 3906 347 3956 latus
375 3905 516 3971 Epistolao
545 3905 568 3955 si
597 3905 695 3956 chorus
747 3906 815 3956 verti
832 3907 882 3956 snb
898 3906 1088 3958 Praefationis
1101 3907 1213 3969 exitum,
1229 3907 1267 3956 in·

173 3983 210 4033 sit
234 3988 295 4049 post
319 3983 442 4045 Altare).
485 3983 642 4033 subsistens
667 3983 694 4032 in
746 3988 840 4034 censat
855 3999 901 4033 cris
917 3983 943 4032 in
959 3983 1102 4035 communi.
1136 3984 1267 4035 “Semin-

178 4058 270 4110 limine
287 4058 328 4109 rel
347 4059 374 4108 in
391 4059 479 4110 medio
497 4058 571 4109 chori
589 4059 694 4109 salutat
746 4061 799 4111 arii
816 4061 989 4127 Epinopalis
1003 4060 1115 4111 Alnnrni
1130 4063 1210 4112 choro
1227 4077 1266 4112 ss·

174 4136 301 4200 utrinqne
324 4137 455 4200 chorales,
478 4137 524 4201 qui
547 4137 629 4187 erecti
656 4151 694 4188 re·
746 4138 875 4189 sistentes
896 4142 972 4189 cotta
996 4138 1084 4189 induti
1110 4139 1265 4190 incensandi

173 4214 305 4264 salutant.
346 4214 438 4265 Primo
462 4213 582 4265 incensat
607 4215 693 4277 digni·
747 4219 810 4265 sunt
843 4230 891 4281 per
924 4217 1032 4265 modum
1064 4215 1183 4267 unius.’'
1234 4216 1266 4265 l).

176 4306 249 4343 ores:
272 4292 424 4353 Praelatos,
441 4293 483 4342 vel
500 4292 650 4342 Canonicns
670 4293 693 4340 in
747 4293 823 4343 2791.
839 4294 863 4343 4.
892 4293 1090 4351 (Ecclesiastici
1106 4292 1156 4342 soli
1171 4293 1267 4343 habitu

173 4383 225 4423 sua
249 4369 373 4422 Ecclesia
396 4371 439 4423 vel
465 4368 625 4422 Sacerdotes
649 4384 696 4436 pa·
746 4369 848 4419 chorali
881 4369 970 4419 induti
1002 4370 1185 4420 incensantur.
1234 4368 1266 4418 D.

177 4452 252 4499 ratos
275 4447 418 4517 (pluviali)
441 4447 465 4501 si
485 4447 586 4513 adsint,
604 4450 694 4513 singu·
748 4447 823 4497 1650.
842 4446 882 4510 5.)
923 4445 1071 4498 Transicns
1088 4450 1153 4498 ante
1171 4446 1268 4497 Altare
