2804 4890
339 692 392 746 DE
415 689 589 760 RELIQUO
613 691 772 748 OFFlClO
796 693 925 748 HUJUS
949 693 1105 750 FERIAE.
1204 683 1266 748 319

216 869 244 926 4.
269 865 359 927 Tunc
386 863 656 926 Caeremoniarius
683 863 860 927 Celebranti
887 866 1023 946 imponit
1050 865 1152 929 velum
1178 866 1261 948 quod

177 958 392 1021 Subdiaconus
415 957 535 1037 alligat,
559 956 759 1020 “urseolus”
783 959 866 1021 facta
889 958 1116 1039 genuflexione,
1139 960 1261 1022 “extra-

176 1053 251 1113 hens
264 1052 391 1113 calicem
405 1071 475 1112 cum
491 1053 693 1112 Sacramenta
707 1051 744 1112 de
757 1052 893 1131 capsula,
906 1051 962 1114 dat
975 1052 1014 1113 ad
1029 1071 1140 1115 manus
1155 1052 1261 1116 Sacer·

175 1144 278 1206 dotis”
296 1143 464 1225 genuflexi,
483 1147 533 1208 “et
554 1146 632 1224 tegit
650 1145 901 1208 extremitatibus
920 1145 1011 1220 veli,''
1029 1145 1213 1225 genuflectit
1231 1150 1262 1208 et

175 1240 288 1301 transit
307 1239 345 1300 ad
364 1239 516 1312 dextram,
537 1238 753 1300 Subdiaconus
770 1238 810 1300 ad
828 1239 989 1302 sinistram
1008 1239 1202 1302 Celebrantis
1220 1239 1259 1302 ad

175 1333 325 1412 populum
341 1332 498 1407 conversi3
513 1332 681 1412 statimque
696 1333 863 1394 “cantatur
876 1333 1011 1412 hymnus
1030 1334 1151 1396 Vaaillo
1165 1332 1260 1414 naqa

172 1427 327 1506 prodeunt
350 1430 396 1503 (n.
416 1429 486 1500 195,
503 1430 554 1499 5),
569 1432 600 1489 et
617 1426 790 1506 procedunt
807 1427 916 1489 ordine
933 1447 993 1506 quo
1010 1425 1193 1501 venerunt‚''
1209 1445 1264 1507 per

175 1519 256 1579 riam
274 1519 457 1598 longiorem,
475 1518 501 1582 si
519 1518 630 1598 placet,
647 1518 686 1579 ad
704 1518 813 1580 Altare
830 1520 942 1597 majus.

217 1615 244 1671 5.
269 1610 317 1672 lbi
340 1611 475 1691 acolythi
498 1615 581 1673 recta
604 1611 695 1674 ibunt
716 1612 754 1674 ad
778 1611 979 1688 credentiam,
1000 1614 1053 1676 ubi
1076 1614 1261 1677 candelabra

175 1705 353 1785 deponunt;
377 1706 453 1768 item
473 1705 618 1780 crucifer,
640 1707 774 1786 seposita
796 1706 895 1770 Cruce
915 1708 1002 1769 exuit
1023 1728 1124 1770 sacras
1145 1715 1261 1783 vestes3

174 1798 279 1862 clerici
305 1799 418 1879 absque
442 1798 658 1877 genuflexione
686 1818 790 1861 versus
817 1799 948 1863 Crucem
974 1803 1083 1863 statim
1109 1801 1148 1864 ad
1174 1802 1260 1864 sedes

175 1912 245 1953 suas
274 1893 386 1954 reversi
418 1891 548 1953 flectunt
577 1911 696 1971 genua3
727 1893 784 1967 rel,
812 1893 839 1954 si
867 1895 979 1955 chorus
1008 1896 1050 1959 sit
1078 1900 1162 1958 retro
1190 1899 1260 1975 post

173 1985 291 2060 Altare,
322 2006 428 2047 omnes
459 1985 554 2047 simul
586 2006 658 2046 curn
690 1987 864 2048 ferentibus
895 1988 1053 2051 intortitia
1084 2009 1155 2051 mox
1185 1988 1260 2050 hinc

175 2077 247 2139 inde
271 2079 304 2139 in
328 2097 429 2157 genua
452 2078 671 2158 procumbunt,
695 2082 727 2139 et
749 2078 873 2157 quando
898 2077 1064 2141 Celebrans
1087 2079 1126 2141 ad
1151 2079 1260 2144 Altare

175 2171 303 2244 venerit,
328 2175 400 2233 ante
424 2170 507 2232 idem
532 2170 763 2232 semicirculum
788 2171 934 2234 efficiunt.

216 2267 244 2324 6.
267 2263 370 2324 “Cum
397 2264 515 2326 venerit
543 2263 691 2324 Sacerdos
716 2263 754 2326 ad
782 2262 922 2338 Altare,''
947 2272 1034 2329 stans
1060 2265 1158 2328 tradit
1184 2264 1259 2326 Dia-

174 2376 250 2418 cono
281 2356 444 2436 genuflexo
475 2356 613 2430 calicem,
644 2355 827 2435 genuflectit
859 2376 930 2418 cum
965 2356 1171 2431 Subdiacono,
1203 2358 1256 2437 qui

173 2451 200 2510 ei
219 2449 357 2512 detrahit
377 2449 478 2510 velum
498 2450 675 2523 humerale;
696 2448 852 2511 Diaconus
873 2470 943 2510 vero
965 2449 1204 2512 Sanctissimum
1225 2451 1257 2511 in

173 2541 275 2603 medio
294 2543 398 2603 Alteri
416 2542 556 2617 collocat,
574 2541 758 2621 genuflectit
776 2547 807 2604 et
825 2541 917 2604 solvit
936 2543 1058 2616 vittam,
1077 2562 1136 2623 qua
1157 2543 1258 2603 uelum

173 2635 277 2699 calicis
311 2634 445 2714 ligatum
480 2643 556 2710 erat,
591 2641 621 2697 et
657 2635 759 2696 velum
793 2634 935 2698 extendit
969 2642 1061 2716 prout
1094 2636 1129 2698 fit
1166 2636 1259 2699 initio

173 2728 296 2791 Missae.
340 2728 531 2791 Genutlectit
552 2737 582 2791 et
603 2728 763 2791 descendit
785 2730 823 2791 ad
846 2729 989 2792 dextram
1013 2728 1215 2791 Celebrantis.

215 2825 241 2882 l.
267 2822 387 2885 lleinde
404 2843 489 2883 more
508 2823 600 2886 solito
618 2823 690 2887 thus
709 2824 884 2903 imponitur
901 2828 932 2885 et
952 2822 1100 2885 Sacerdos
1120 2821 1257 2885 Sanctis-

172 2914 286 2975 simum
304 2915 506 2994 “genuflexus
524 2936 647 2977 rursum
667 2915 837 2990 incensat,’'
856 2915 995 2979 Diacono
1011 2921 1042 2978 et
1062 2914 1259 2978 Subdiacono

172 3016 291 3088 partem
340 3010 542 3088 posteriorem
590 3008 732 3088 planetae
779 3008 1024 3072 sustollentibus.
1095 3007 1257 3070 Secundus

172 3101 395 3163 thuriferarius
420 3101 617 3163 thuribulum
641 3101 772 3183 seponit.

622 3473 719 3537 ART.
741 3473 800 3537 VI.

346 3675 395 3724 DE
418 3674 582 3739 RELIQUO
605 3674 757 3724 OFFICIO
779 3674 902 3725 HUJUS
924 3676 1073 3728 nnuma.

413 3863 449 3924 Δ.
477 3862 522 3925 De
540 3862 644 3924 Officio
662 3862 778 3940 absque
797 3879 821 3924 s.
840 3861 1008 3925 liniatis.

210 4050 278 4113 197.
304 4051 329 4111 F
331 4054 399 4112 acta
432 4051 643 4114 incensatione
677 4049 865 4113 “celebrans
898 4069 1028 4131 surgens
1061 4051 1180 4116 accedit
1213 4051 1253 4116 ad

168 4144 275 4207 Altare
294 4151 324 4207 et
342 4143 542 4224 genuflectit3
560 4143 673 4207 deiude
691 4143 784 4206 solvit
802 4151 833 4208 et
851 4148 973 4206 amovet
991 4144 1093 4207 velum
1112 4166 1130 4208 a
1149 4147 1252 4215 calice.

167 4244 197 4300 et
222 4239 312 4318 ponit
338 4245 482 4317 patenam
509 4257 602 4317 super
628 4236 795 4317 corporale.
843 4238 978 4317 Accepto
1004 4237 1098 4300 calice
1123 4238 1253 4319 deponit

166 4353 202 4393 ex
226 4353 261 4394 eo
286 4353 404 4393 sacram
429 4333 561 4393 hostiam
588 4351 681 4411 super
705 4330 882 4409 patenam,’'
908 4331 1025 4393 faciens
1050 4353 1116 4394 earn
1143 4334 1252 4396 leviter

166 4426 286 4489 effluere
309 4445 402 4504 super
424 4430 588 4504 patenam:
611 4423 744 4485 “deinde
767 4424 914 4487 ambabus
939 4426 1082 4486 manibus
1105 4432 1250 4505 patenam

167 4521 264 4599 ipsam
300 4519 465 4598 accipiens,
500 4517 630 4581 collocat
666 4516 799 4578 hostiam
837 4536 929 4598 super
965 4518 1133 4598 corporale,
1170 4520 1249 4581 nihil
