2804 4890
278 702 331 761 nn
354 700 507 761 onntnn
530 704 584 759 un
610 695 849 759 vrsnnnnns
871 695 1109 756 innocnns.
1183 684 1245 752 445

155 872 269 935 eleison
288 882 346 936 ete.
389 872 577 952 Episcopus:
597 872 692 932 I'oter
713 874 826 941 noster,
846 869 983 948 aspergit
1002 874 1032 929 et
1052 867 1191 928 incensat
1213 864 1245 924 in

155 964 268 1041 medio,
283 984 302 1026 a
316 965 452 1026 sinistris
468 976 499 1025 et
514 984 533 1024 a
547 962 666 1023 dextris
682 962 746 1023 suis
762 962 864 1023 solum
880 958 1077 1036 coemeterii,
1092 972 1149 1022 aut
1164 968 1246 1021 tum·

155 1058 227 1120 bam
243 1057 289 1119 vel
305 1076 455 1138 pennum.

197 1150 286 1224 “Quo
303 1151 387 1212 tacto
402 1149 480 1212 dicit
497 1146 642 1212 vorsus:’'

197 1243 237 1306 V.
258 1242 302 1305 Εἰ
320 1264 359 1305 ne
378 1264 435 1304 nos
450 1242 581 1304 inducas
599 1246 656 1303 ete.
700 1241 734 1303 lt.
775 1242 840 1303 sed
855 1240 953 1302 tine-ra
969 1242 1028 1304 etc.

198 1335 237 1398 V.
260 1335 302 1398 Io
318 1335 467 1397 memorio
481 1340 609 1399 aeterno
624 1340 716 1397 erunt
730 1333 821 1414 justi.

198 1428 235 1492 R.
256 1429 305 1490 Ab
321 1427 484 1492 auditione
502 1427 584 1490 ereata
599 1447 665 1489 non
680 1426 846 1490 timebunt.

191 1521 232 1585 V.
253 1521 281 1582 A
298 1525 389 1602 porto
407 1517 513 1602 interi.

198 1613 234 1675 R.
254 1613 348 1685 Erue,
367 1612 513 1686 Domine,
530 1612 653 1675 animos
672 1633 788 1675 eorum.

198 1707 238 1770 V.
260 1705 411 1789 Requiem
429 1710 588 1768 aeternam
606 1710 664 1768 etc.
708 1706 742 1766 lt.
763 1706 806 1766 Et
827 1707 882 1766 tue
899 1707 1051 1787 perpetuo
1068 1706 1126 1768 ete.

193 1798 232 1863 V.
254 1799 399 1869 Domine,
419 1799 540 1872 eraudi,
556 1801 614 1861 etc.
656 1799 690 1859 R.
714 1799 756 1859 Et
774 1799 891 1859 clamor
910 1818 994 1859 naeus
1012 1804 1069 1858 ete.

200 1890 238 1953 V.
260 1891 418 1954 Dominus
431 1890 598 1955 uobiscum.
635 1891 670 1951 lt.
693 1891 735 1951 Et
750 1911 820 1951 oum-
833 1889 950 1970 apiritu
962 1893 1025 1952 tuo.

628 2076 769 2137 Ommm.

199 2201 296 2276 Deus,
314 2202 369 2284 qui
386 2202 470 2263 inter
486 2200 681 2283 etpostoticon
700 2201 882 2261 Sacerdotes
898 2201 1035 2281 sorrnuoe
1056 2206 1125 2262 tuoe
1143 2200 1249 2262 Sacer·

159 2294 258 2356 dotati
276 2294 383 2375 fecisti
404 2293 558 2374 dipnitate
578 2291 698 2373 cipere:
718 2296 842 2372 praesto
861 2311 1065 2372 quaesumus,·
1085 2296 1121 2353 ut
1143 2312 1249 2354 eornm

160 2407 279 2468 quoque
294 2391 444 2468 perpetuo
460 2390 670 2466 appropentur
684 2383 848 2447 consortie.

201 2479 296 2551 Deus,
309 2500 364 2542 cen
371 2479 415 2540 iae
430 2477 571 2557 ineptior,
584 2483 613 2539 et
627 2479 643 2539 o
652 2497 781 2539 urrmnoe
795 2475 907 2541 solutio
919 2478 1051 2552 amator,
1065 2496 1252 2560 quaesumus

160 2571 354 2634 clementiam
382 2576 478 2640 tuom,
499 2573 535 2631 ut
557 2573 680 2632 nostroe
704 2567 955 2648 conprepotionia
974 2572 1100 2651 fratrea,
1123 2569 1249 2651 propin·

160 2685 246 2746 quos,
270 2668 300 2728 et
326 2664 546 2744 benefactores.
571 2661 625 2744 qui
650 2683 686 2723 ee
709 2663 767 2724 hoe
788 2663 909 2725 nocendo
935 2658 1138 2735 transierunt,
1163 2663 1251 2725 beato

160 2755 264 2820 Mario
291 2777 414 2838 semper
446 2754 574 2835 t'irpine
604 2754 825 2821 intercedente.
855 2776 925 2816 cum
953 2755 1099 2818 omnibns
1127 2751 1252 2817 Sanctia

161 2850 224 2911 teris
240 2848 282 2911 aa
298 2853 465 2931 perpetuae
484 2846 690 2910 beatitudinis
708 2847 898 2909 consortium
916 2847 1077 2929 peruenire
1094 2848 1251 2911 concedar.

202 2943 297 3014 nem,
312 2941 404 3020 cujus
420 2939 616 3002 numeratione
632 2939 754 3002 animae
769 2939 911 3019 fidetium
926 2940 1134 3021 requiescunt.
1148 2944 1252 3023 sumn·

162 3035 200 3095 Iis
220 3039 248 3096 ct
267 3035 449 3116 famulabus
470 3031 533 3094 tuin
550 3032 694 3095 omnibus
714 3031 764 3094 hic
784 3035 813 3093 et
834 3032 947 3113 ubique
968 3033 1001 3095 io
1023 3033 1147 3097 Christo
1168 3033 1252 3115 picie-

160 3127 328 3193 sccntibus,
345 3121 554 3206 depropitius
570 3122 689 3185 conium
708 3128 924 3205 peecatorum;
939 3129 975 3186 ut
991 3147 1009 3187 o
1025 3127 1146 3188 cunctis
1162 3125 1252 3188 reati·

162 3219 218 3280 bue
234 3217 371 3280 absoluti
390 3222 488 3279 tecum
510 3215 577 3278 sine
596 3216 658 3295 fine
680 3216 844 3280 iactentur.
884 3217 946 3278 Per
965 3218 1125 3280 Fieristum
1145 3217 1253 3281 Domi-

162 3333 238 3372 num
259 3313 410 3374 noatnuu.
454 3310 490 3372 R.
511 3310 533 3370 A
544 3330 623 3371 men.

203 3403 242 3464 V.
266 3403 413 3483 Requiem
435 3406 591 3464 oeternum
615 3402 696 3463 riona
715 3402 769 3468 eia,
789 3403 933 3467 punine.

205 3496 241 3559 R.
263 3496 306 3556 Et
327 3497 381 3556 lua
399 3499 550 3576 perpetuu
567 3495 667 3556 luceat
687 3492 740 3558 eis.

205 3590 288 3649 Tum
311 3588 373 3649 cino
396 3588 546 3650 Cantoccs
566 3587 693 3648 dicunt:

205 3681 244 3743 V.
266 3680 473 3761 Requieacont
492 3680 525 3742 iu
546 3700 629 3761 pace.
673 3679 709 3742 R.
731 3680 844 3744 Amen.

205 3775 299 3837 “Mox
318 3773 476 3848 Pontifex,
493 3773 611 3835 elevata
629 3773 766 3849 (textura,
783 3772 929 3854 producit
946 3775 1072 3852 signnm
1091 3773 1201 3837 Crucis
1218 3775 1255 3839 ab

163 3869 249 3932 omni
268 3863 795 3948 partes111nreoemenrnnu'’aut
814 3866 955 3928 tumbam
974 3867 1021 3929 vel
1039 3887 1191 3948 pennum.
1208 3867 1253 3930 nit

163 3960 278 4023 dicens.

199 4057 226 4114 4.
251 4053 290 4114 In
314 4052 418 4115 reditu
439 4052 477 4113 au
499 4049 670 4114 Ecclesium
692 4051 739 4114 vel
762 4052 880 4120 Altero.
903 4053 1057 4134 Episcopo
1080 4054 1255 4119 inchoante.

165 4148 298 4211 recitent
319 4144 499 4207 alternatim
522 4143 588 4205 sine
610 4148 705 4205 cantu
726 4144 781 4208 Ps.
801 4144 951 4207 atterere
972 4152 1041 4217 etc..
1062 4148 1095 4209 in
1117 4149 1179 4213 sine
1198 4149 1255 4210 Re-

165 4239 267 4320 quiem
288 4242 444 4302 aeternam
467 4240 524 4298 etc.
546 4235 720 4316 Episcopus
740 4238 826 4299 stans
847 4243 920 4301 ante
940 4238 1051 4304 Altare
1069 4241 1184 4321 majus,
1205 4241 1256 4304 de-

164 4333 266 4412 posita
284 4331 390 4403 mitre,
407 4329 503 4392 dicit:

209 4422 305 4503 ti'prie
320 4423 443 4485 eleison.
482 4422 605 4484 Christe
622 4422 746 4486 cleison.
786 4424 883 4499 Vin-ie
899 4423 1024 4490 cteiaon.

207 4517 246 4579 V.
270 4516 365 4577 Pater
388 4518 500 4581 noeter.
523 4513 641 4594 reliepni
663 4520 788 4578 sancto.
