2804 4890
159 663 214 721 DD
230 660 391 720 OODNAD
407 658 556 716 DOMINI
571 658 622 716 ΕΤ
638 661 669 717 S.
685 659 903 719 LITURGIAD
919 663 1158 721 RELATIONE.
1193 653 1254 721 215

206 833 275 898 lau.
299 833 441 898 Recitato
467 833 564 914 igitur
590 856 702 916 mopso
729 836 837 899 Halial
863 856 959 918 usque
985 838 1026 900 ad
1051 840 1090 898 25
1118 857 1251 913 versum,

162 928 309 992 Christus
326 929 446 1009 accepit
462 949 575 1009 panem
594 929 628 990 in
647 949 758 991 manus
777 950 848 992 suas
867 932 1031 1011 ipsumque
1049 933 1251 1008 consecravit,

162 1022 284 1085 dicens:
309 1023 380 1084 Hoc
404 1028 450 1085 ast
477 1044 588 1103 corpus
616 1044 729 1086 meum.
784 1023 916 1100 Deinde,
943 1031 1110 1105 antequam
1138 1045 1251 1105 corpus

162 1136 254 1178 suum
269 1115 358 1178 daret
373 1116 546 1196 discipulis,
560 1119 680 1197 accepit
694 1117 840 1180 similiter
855 1122 887 1180 et
902 1117 1030 1181 calicem
1045 1118 1168 1181 dicens:
1186 1121 1220 1181 H
1221 1121 1251 1183 ic

160 1216 205 1272 cst
223 1211 304 1273 colica
320 1210 484 1290 sanquinis
504 1213 574 1282 roei,
593 1216 649 1274 etc.
680 1213 898 1292 Evangelistae
918 1215 1051 1277 enimet
1071 1215 1102 1277 S.
1124 1214 1252 1291 Paulus,

162 1304 208 1364 uti
230 1302 300 1365 aliis
321 1303 407 1378 locis,
428 1302 602 1365 enarrando
623 1303 715 1383 juxta
736 1304 881 1366 ordinem
902 1324 1009 1367 rerum
1029 1305 1250 1385 potiusquam

164 1397 324 1477 temporis,
356 1396 442 1476 prius
474 1402 636 1477 exponunt
666 1399 774 1460 omnia
804 1417 882 1477 quae
913 1397 952 1460 ad
983 1399 1248 1461 consecrationem

162 1491 261 1569 panis,
282 1490 395 1552 deinde
415 1511 493 1571 quae
513 1490 551 1552 ad
572 1492 835 1554 consecrationem
857 1491 962 1553 calicis
984 1493 1152 1573 pertinent.
1198 1493 1249 1554 Ita

160 1584 193 1648 S.
218 1585 367 1648 Marcus¹
393 1606 525 1648 narrans
549 1587 687 1649 actiones
712 1589 785 1652 ante
810 1588 902 1651 verba
926 1588 989 1650 ait:
1036 1588 1101 1649 “Et
1127 1592 1252 1669 accepto

160 1677 263 1752 calice,
280 1678 399 1758 gratias
416 1698 510 1758 agens
528 1678 615 1741 dedit
633 1679 695 1753 cis;
712 1683 743 1739 et
762 1679 908 1741 biberunt
925 1700 962 1741 ex
982 1679 1034 1741 ilio
1053 1700 1169 1741 omnes.
1206 1679 1249 1741 ut

158 1772 205 1836 ait
223 1773 304 1837 illis:
324 1773 389 1836 Hic
407 1778 454 1838 est
473 1775 601 1855 sanguis
619 1793 708 1835 meus
728 1775 801 1836 novi
821 1773 1033 1850 testamenti,''
1053 1776 1126 1838 etc.²

201 1867 229 1924 2.
253 1863 329 1927 Post
345 1866 607 1928 consecrationem
624 1864 780 1926 Dominus
797 1864 857 1927 ait:
875 1865 965 1928 “Hoc
982 1866 1077 1927 facite
1094 1866 1127 1927 in
1146 1886 1248 1927 meam

159 1959 517 2033 commemorationem‚''
537 1965 630 2040 atque
651 1961 684 2020 in
704 1959 851 2037 Liturgia
871 1959 980 2040 Apost.
1001 1960 1096 2023 etiam
1118 1959 1247 2021 additur

160 2054 176 2112 1
202 2050 273 2115 Cor.
300 2056 347 2126 11,
372 2056 428 2113 26;
472 2052 745 2132 “Quotiescunque
769 2053 853 2114 cuim
879 2052 1109 2115 manducabitis
1134 2073 1258 2133 panem

157 2146 251 2220 hunc,
271 2150 302 2208 et
322 2146 449 2208 calicem
470 2146 591 2220 bibatis,
613 2149 744 2207 mortem
768 2167 866 2206 mcom-
888 2146 1129 2220 annuntiabitis,
1150 2145 1247 2208 donec

158 2237 310 2300 veniam.'’
355 2239 402 2298 Er
427 2240 484 2301 hoc
510 2240 657 2302 inundato
684 2238 809 2299 Domini
835 2240 868 2299 in
893 2240 978 2299 omni
1005 2239 1150 2318 Liturgia
1174 2259 1246 2299 con-

158 2332 279 2395 tinetur
306 2333 367 2394 ista
394 2333 647 2396 commemoratio
678 2333 835 2393 Passionis
865 2331 992 2393 Domini
1023 2352 1099 2412 quae
1128 2333 1246 2394 Auum-

158 2427 239 2488 neais
261 2427 439 2507 appellatur
465 2426 573 2504 (Unda
596 2432 625 2489 et
648 2428 830 2500 nictirores).

199 2523 227 2581 3.
252 2519 372 2582 Deinde
385 2522 418 2580 in
431 2521 496 2581 ritu
512 2521 632 2582 Coenae
646 2519 797 2599 paschalis
812 2538 999 2599 prosequens
1013 2517 1159 2580 Christus
1173 2538 1245 2579 cum

157 2614 316 2694 Apostolis
335 2615 401 2675 suis
421 2614 578 2676 recitarit:

156 2802 223 2859 cir.
247 2801 288 2872 (v.
306 2801 358 2871 25)
380 2800 438 2872 Qui
455 2799 505 2856 dat
522 2818 616 2856 escam
634 2799 713 2857 omni
731 2797 821 2856 carni.

154 2890 259 2958 Apost.
279 2885 422 2957 Quoniam
441 2887 470 2942 in
490 2893 639 2943 aeternum
659 2884 857 2944 misericordia
874 2885 950 2958 ejus.

154 2973 222 3029 cor.
239 2971 425 3029 confitemini
442 2971 504 3028 Deo
520 2971 600 3028 coeli.

153 3060 257 3128 Apost.
278 3055 421 3127 Quoniam
440 3056 470 3112 in
489 3064 638 3113 aeternum
657 3055 856 3114 misericordia
874 3055 949 3127 ejus.

153 3142 221 3198 chr.
243 3141 428 3198 Confitemini
450 3141 575 3198 Domino
597 3141 788 3198 dominorum.

152 3230 257 3298 Apoat.
277 3225 422 3297 Quoniam
440 3226 470 3282 in
489 3232 639 3283 aeternum
657 3224 855 3283 misericordia
873 3225 948 3298 ejus,

197 3397 292 3460 Hisce
317 3396 488 3460 conformis
516 3398 548 3459 in
575 3397 720 3457 omnibus
745 3397 899 3474 liturgiis
925 3397 1106 3458 continetur
1133 3396 1242 3458 Oratio

153 3491 315 3571 Epiciesia,
340 3511 402 3571 qua
427 3492 500 3553 haec
526 3490 635 3554 ‘esca'
661 3490 874 3563 circitoristica
901 3491 1022 3568 (orpus
1048 3498 1079 3552 et
1106 3489 1242 3567 Sanguis

155 3584 271 3646 (inisti
310 3585 442 3648 offertur
482 3584 546 3647 Deo
591 3585 670 3663 (Lit.
712 3585 817 3647 Dona:
858 3583 1027 3662 Offerimus
1066 3585 1241 3664 praeclarae

155 3679 315 3758 majestati
340 3683 373 3743 et
399 3681 504 3761 Supra
532 3682 625 3760 quoa)
640 3700 648 3753 ;
676 3683 769 3757 atque
797 3679 959 3738 invocatur
989 3675 1082 3750 Deus,
1109 3681 1145 3736 ut
1171 3676 1240 3753 ejus

152 3773 394 3853 participatione
410 3773 514 3836 anima
530 3773 693 3834 nutriatur
714 3770 926 3852 (Supplices).

195 3940 264 4004 121.
288 3943 396 4005 Finito
416 3964 530 4024 magno
552 3942 657 4004 Hallel
680 3943 714 4004 in
734 3940 800 4004 ritu
821 3939 942 4002 Coenae
961 3935 1117 4018 paschalis
1136 3936 1241 4000 dicen-

151 4035 209 4099 dus
228 4042 295 4100 erat
314 4039 449 4118 hpnrnus
468 4034 709 4099 benedictionis:

187 4210 256 4265 Chr.
280 4207 505 4277 “Magnificatur
528 4226 632 4265 nomen
658 4212 740 4263 tuum
764 4226 855 4280 usque
880 4207 909 4264 in
931 4203 1152 4276 sempiternum,
1177 4203 1241 4260 Rex

150 4298 248 4350 noster
263 4293 351 4363 Deus,
368 4293 430 4349 Rex
446 4311 569 4363 maguus
585 4298 613 4349 et
629 4297 747 4348 sanctus
763 4291 793 4349 in
809 4294 889 4351 coelo
905 4299 933 4352 et
950 4294 980 4351 in
997 4300 1091 4361 terra;
1108 4298 1138 4349 te
1154 4290 1240 4362 euim,

184 4454 196 4489 ¹
218 4450 258 4514 14,
275 4449 317 4500 23.
756 4456 768 4489 2
787 4450 831 4501 Cf.
850 4450 962 4504 Bicksll.
979 4466 1043 4518 pag.
1061 4449 1103 4500 85.
