2804 4890
404 705 458 760 DE
481 707 612 762 CANTU
636 706 955 764 EOCLESIASTICO.
1188 697 1246 760 179

156 879 242 944 ant.’'
255 881 267 914 ⁵
322 880 443 943 Iterum
476 880 655 958 declaravit,
689 883 799 944 “verba
833 883 888 945 illa
922 882 1058 964 precatio
1093 882 1248 964 Saffrogii

158 973 320 1036 includere
344 974 545 1054 Sequentiam
567 975 643 1038 Dies
665 976 739 1047 irae,
762 981 794 1037 et
818 975 1078 1038 Oliertorium.”⁰

202 1070 231 1130 3.
255 1068 294 1129 In
326 1068 423 1130 Missa
456 1069 488 1129 in
521 1089 581 1148 aqua
612 1070 724 1130 chorus
754 1069 930 1148 symbolum
961 1074 1087 1132 cantare
1117 1075 1245 1133 tenetur

158 1161 242 1223 “non
266 1167 313 1224 est
335 1161 557 1225 alternandum
580 1183 652 1224 cum
676 1183 802 1243 organo,
826 1163 879 1225 sed
904 1163 982 1224 illud
1007 1164 1166 1244 integrum
1190 1183 1247 1245 per

158 1256 287 1317 chorum
327 1261 421 1318 cantu
461 1256 656 1335 intelligibili
696 1255 926 1336 proferatur.'’⁷
990 1257 1054 1320 Nee
1096 1258 1246 1321 Sacerdos

159 1350 303 1410 interim⁴
318 1370 505 1430 prosequens
538 1350 689 1411 submissa
721 1371 791 1412 voce
822 1350 924 1412 dicere
956 1354 1057 1430 potest
1087 1352 1244 1414 Dominus

158 1443 314 1506 vobiscum
346 1449 376 1506 et
409 1446 541 1507 Oramus
572 1449 644 1507 ante
677 1444 900 1520 Offertorium3
931 1445 1006 1508 haec
1037 1446 1122 1507 enim
1153 1445 1245 1524 juxta

156 1538 306 1600 Rubricas
325 1545 451 1602 cantare
470 1541 596 1602 debet⁸

199 1636 227 1692 4.
251 1632 360 1712 Kyrie,
384 1632 499 1704 Gloria,
521 1633 664 1708 Tractus,
687 1633 865 1713 Sequentia,
886 1635 1031 1707 Sanctus,
1051 1635 1164 1714 Aquas
1184 1632 1245 1697 Dei

156 1725 338 1788 alternatim
358 1746 412 1806 per
430 1746 582 1806 organum
604 1726 743 1807 suppleri
762 1733 910 1807 possunt3
931 1727 1118 1807 ubicumque
1139 1731 1245 1789 autem

156 1839 309 1899 organum
327 1820 503 1896 adhibetur,
521 1821 649 1881 initium
666 1827 698 1883 et
714 1821 797 1896 linia,
813 1827 844 1883 et
860 1841 895 1882 ea
912 1841 989 1901 quae
1006 1820 1245 1882 inclinationem

156 1918 188 1976 et
211 1914 460 1993 genuflexionem
486 1915 626 1993 exigunt,
652 1934 773 1994 semper
798 1915 953 1976 cantanda
979 1915 1077 1977 sunt⁹
1137 1914 1244 1994 (Idem

157 2008 237 2070 valet
253 2027 309 2088 pro
326 2008 441 2087 hymno
458 2009 500 2070 Te
517 2009 630 2079 Dama,
647 2014 677 2070 et
695 2008 728 2068 in
745 2007 892 2087 Vesperis
908 2008 947 2069 ad
963 2009 1159 2088 Magnificat.
1204 2008 1244 2070 In

156 2100 303 2180 Vesperis
319 2120 472 2180 organum
488 2101 607 2181 pulsari
625 2106 726 2182 potest
744 2102 810 2164 loco
826 2102 1016 2181 antiphonae
1034 2103 1067 2164 in
1084 2102 1146 2165 fine
1163 2100 1244 2181 psal-

154 2217 287 2270 morum,
311 2197 363 2258 sed
388 2217 451 2259 non
475 2203 545 2275 post
568 2197 764 2276 Maqrrificat,
791 2217 868 2276 quac
892 2198 1065 2276 antiphona
1089 2197 1245 2260 cantanda

155 2294 211 2351 est.
251 2289 538 2369 “Quandocumque
556 2309 611 2368 per
629 2308 782 2368 organum
801 2290 956 2369 figuratur
974 2288 1093 2369 aliquid
1112 2289 1243 2365 cantari,

156 2382 193 2443 ab
212 2383 316 2462 aliquo
335 2382 373 2444 de
391 2384 484 2446 choro
504 2382 697 2462 intelligibili
718 2403 789 2446 voce
808 2383 1032 2462 pronuntietur
1051 2382 1083 2443 id
1103 2382 1185 2462 quod
1205 2381 1243 2442 ob

157 2477 295 2539 sonitum
308 2477 418 2556 organi
432 2497 495 2538 non
509 2481 663 2538 cantatur.
686 2524 693 2537 .
720 2524 727 2537 .
748 2476 791 2539 Et
806 2476 961 2538 laudabile
975 2480 1064 2551 esset,
1079 2481 1115 2537 ut
1129 2476 1243 2555 aliquis

155 2575 264 2632 cantor
278 2571 474 2648 conjunctim
490 2591 561 2631 cum
577 2590 693 2650 organo
707 2590 779 2633 voce
794 2570 877 2632 clara
894 2570 976 2632 idem
991 2568 1163 2631 cantaret.''
1176 2570 1201 2603 ¹⁰

199 2668 226 2725 5.
250 2663 424 2726 Introitunr
440 2668 581 2727 cantores
598 2665 735 2743 incipere
752 2684 815 2725 non
832 2664 955 2738 dehent,
972 2669 1140 2743 antequam
1157 2662 1243 2726 Cele-

156 2757 248 2819 brans
271 2757 309 2819 ad
335 2756 444 2819 Altare
467 2758 664 2836 perveniat.¹¹
711 2757 795 2818 Dum
821 2757 878 2818 SS.
906 2758 1155 2832 Sacramentum,
1179 2757 1243 2820 sive

155 2851 212 2912 sub
229 2871 292 2913 una
308 2851 371 2915 sive
387 2852 444 2912 sub
459 2851 557 2913 altera
573 2853 673 2930 specie
690 2851 838 2926 elevatur,
855 2851 1034 2912 cantoribus
1051 2856 1098 2914 est
1114 2852 1242 2912 omnino

155 2944 321 3018 silendum,
359 2945 448 3006 iuxta
486 2944 646 3020 Rubricas,
686 2944 856 3024 iisdemque
895 2944 1134 3007 Sacramentum
1171 2965 1242 3006 curn

154 3040 265 3101 ceteris
281 3038 485 3103 adorandum.
531 3039 620 3112 Quod
637 3040 662 3098 si
680 3044 805 3118 peracta
821 3039 936 3099 ultima
951 3038 1131 3113 elevatione,
1148 3058 1242 3118 quarn

155 3134 243 3194 iuxta
264 3133 414 3194 Rubricas
433 3134 541 3195 statim
563 3132 752 3195 Benedictus
773 3133 917 3210 subsequi
937 3131 1037 3206 debet,
1058 3133 1098 3195 ad
1120 3132 1242 3195 Oratio·

154 3246 225 3290 nem
247 3227 438 3289 dominicam
460 3246 566 3306 usque,
588 3226 706 3305 aliquid
730 3226 885 3287 modulari
906 3225 1012 3301 libeat,
1035 3226 1066 3288 S.
1091 3226 1127 3288 R.
1151 3225 1185 3287 C.
1210 3224 1241 3285 id

155 3321 322 3400 permittit,
344 3320 514 3381 dummodo
537 3319 574 3381 de
597 3321 647 3394 iis,
669 3339 746 3398 quae
768 3340 805 3381 ex
826 3318 974 3398 Liturgia
995 3318 1135 3382 canenda
1157 3323 1242 3393 sunt,

154 3414 234 3475 nihil
260 3415 541 3494 praetermittatur,
567 3413 734 3475 Celebrans
757 3433 776 3474 a
800 3414 896 3474 Missa
919 3413 1133 3475 continuanda
1156 3412 1240 3475 haud

154 3508 355 3588 impediatur,
375 3513 406 3570 et
426 3508 507 3587 quod
529 3508 707 3569 concinitur
726 3507 763 3567 ad
788 3507 1026 3569 Sacramentum
1047 3508 1241 3587 pertineat¹²

154 3601 204 3663 Ad
237 3601 440 3665 elevationem
476 3601 533 3662 SS.
570 3601 764 3662 Sacramenti
799 3601 917 3680 pulsari
952 3604 1055 3679 potest
1088 3620 1241 3680 organum

153 3695 309 3776 “graviori
326 3699 357 3758 et
373 3695 505 3756 dulciori
525 3693 657 3755 sono.''¹³
697 3693 884 3755 conrmunio
902 3694 1040 3755 inchoari
1059 3714 1121 3754 non
1139 3698 1241 3774 potest

151 3792 213 3852 nisi
232 3795 395 3871 postquam
419 3791 567 3851 Sacerdos
589 3790 646 3850 SS.
669 3789 861 3869 Sanguinem
883 3790 1060 3868 sumpserit.

197 3887 224 3944 6.
249 3884 447 3945 Prohibitunr
472 3887 518 3944 est
540 3886 666 3943 cantare
689 3881 796 3960 lingua
822 3881 941 3958 vulgari
967 3882 1049 3943 inter
1071 3882 1240 3944 Missamm

188 4040 251 4090 ⁵1).
268 4041 344 4090 2953.
360 4042 384 4090 2.
760 4041 866 4089 ⁹t'acr.
892 4041 940 4103 Ep.
967 4039 987 4089 1.
1011 4042 1052 4099 23,
1075 4040 1134 4089 6-9.

184 4115 247 4166 οΙ).
262 4119 337 4167 3051.
356 4119 376 4166 l.
763 4124 787 4153 ¹⁰
807 4117 924 4165 Cererem.
951 4117 1000 4180 Ep.
1028 4116 1091 4166 ibid.
1116 4119 1132 4165 6
1156 4121 1182 4165 ct
1208 4119 1238 4173 8:

189 4192 295 4243 'Caes
323 4193 372 4256 Ep.
400 4192 422 4242 1.
449 4194 491 4254 28,
518 4194 558 4251 10,
583 4191 669 4242 editio
725 4198 752 4241 et
773 4193 805 4242 1).
827 4195 867 4242 22.
890 4192 955 4241 hlai.
980 4194 1053 4254 1⁸94,
1073 4208 1098 4242 n.
1119 4193 1196 4244 3827.
1217 4195 1240 4243 2.

156 4269 420 4327 promerueras.
439 4272 483 4331 15;
502 4270 585 4320 etna.
603 4267 668 4317 Mai.
763 4276 783 4306 1¹
808 4269 838 4317 1).
859 4270 935 4318 2121.
956 4270 978 4318 7.

156 4345 230 4403 1391,
243 4360 268 4394 n.
283 4346 359 4394 3827.
375 4347 398 4394 2.
763 4351 786 4383 ¹2
807 4345 893 4394 1122.
916 4345 981 4395 ilai.
999 4347 1072 4406 isus,
1086 4360 1111 4393 n.
1126 4345 1203 4396 3327.
1217 4345 1241 4398 3.

189 4420 259 4471 ⁸De
286 4421 383 4485 llerdt,
411 4421 432 4470 1.
461 4424 518 4475 111.
555 4420 614 4473 Cfr.
640 4419 668 4473 C.
762 4426 787 4462 ¹³
805 4421 881 4475 Caer.
904 4421 952 4491 Ep.
975 4421 996 4471 1.
1016 4423 1057 4487 28,
1077 4421 1100 4469 3.

154 4494 232 4545 Prov.
250 4496 401 4550 Neo-uuor.
421 4497 476 4550 111.
493 4499 517 4552 3.
