2804 4890
139 723 193 782 DE
215 719 420 781 MUNDI'I'IA
442 719 485 779 IN
509 718 765 779 Pnnsllsurls
787 721 838 778 ΕΤ
859 723 973 780 vaffls
998 723 1147 780 SACRIS.
1185 713 1226 775 29

576 1001 690 1073 ART.
715 1001 782 1073 VI.

186 1171 235 1222 DE
261 1172 457 1223 MUNDI'I'IA
483 1172 527 1222 IN
552 1174 798 1224 PARAMEN'I'IS
825 1174 873 1223 Er
900 1173 1011 1224 VASIS
1038 1173 1174 1225 saonis.

180 1325 228 1389 la.
251 1324 355 1387 “Cum
377 1331 561 1390 ornamenta
583 1348 669 1391 sacra
691 1348 729 1390 ex
751 1327 945 1409 negligentia
968 1330 1032 1391 sint
1054 1330 1148 1390 scissa
1170 1335 1224 1389 aut

138 1420 247 1494 lacera,
271 1419 319 1484 sel
343 1420 519 1497 immunda,
543 1427 699 1502 peccatur,
725 1422 867 1501 quinimo
892 1424 1068 1485 mortaliter
1099 1421 1180 1499 (scil.
1208 1443 1225 1483 a

139 1514 268 1577 Rectore
288 1514 443 1577 Ecclesiae
463 1515 509 1578 vel
530 1514 568 1576 ab
587 1535 623 1577 eo
643 1516 694 1577 cui
715 1515 788 1577 talis
808 1537 884 1577 cura
905 1517 1091 1593 incumbit),
1113 1517 1139 1577 si
1161 1515 1225 1590 illa,

138 1609 303 1688 praecipue
316 1629 387 1670 vasa
399 1628 486 1670 sacra
498 1615 530 1672 et
541 1609 725 1689 corporalia,
738 1610 803 1671 sint
816 1610 906 1671 valde
920 1609 1114 1685 immunds,''
1128 1613 1138 1643 1
1153 1630 1180 1670 v.
1195 1629 1224 1689 g.

138 1702 234 1764 “dum
254 1722 327 1764 rasa
345 1722 431 1764 sacra
450 1721 524 1782 prae
543 1703 691 1782 aerugine
710 1709 741 1764 et
762 1708 859 1765 restes
881 1724 954 1783 prae
974 1703 1117 1765 sordibus
1138 1704 1225 1783 quasi

138 1815 285 1859 nauseam
301 1801 481 1877 provocant,
503 1844 510 1858 .
539 1844 546 1858 .
575 1844 582 1858 .
604 1816 699 1877 aqua
715 1796 907 1877 negligentia
924 1797 1050 1859 mortali
1068 1798 1121 1857 vix
1136 1817 1226 1859 ercu-

138 1910 204 1952 sare
221 1895 323 1970 potest
341 1893 509 1970 paupertas
527 1889 747 1952 Ecclesiarum.
793 1890 901 1964 Quoad
920 1912 992 1952 vasa
1011 1911 1097 1952 sacra
1115 1910 1226 1971 parurn

138 1988 238 2047 cretae
265 1988 297 2046 et
323 1985 389 2046 vini
416 1983 520 2046 adusti
547 1984 660 2046 sufficit
688 1984 727 2045 ad
754 1985 889 2046 nitorem
919 1986 994 2064 ipsis
1022 1984 1225 2047 reddendum.

139 2076 248 2152 Quoad
273 2077 369 2139 lintea
393 2079 532 2139 multum
554 2077 680 2139 sordida
704 2078 811 2158 paucis
834 2078 1083 2140 dealbationibus
1107 2079 1227 2140 destru-

138 2169 291 2233 untur.’'²

180 2268 208 2326 2.
233 2264 334 2327 Valde
349 2264 596 2327 commendanda
612 2270 658 2327 est
674 2265 781 2344 regula
799 2265 917 2343 Synodi
936 2267 1064 2328 Pudor:
1092 2266 1228 2326 “Omnia

139 2379 162 2420 s.
176 2379 257 2434 rasa,
270 2378 348 2439 quac
362 2359 419 2419 SS.
435 2358 651 2420 Eucharistiae
666 2359 851 2434 inserviunt,
864 2360 890 2420 si
905 2365 1061 2438 argentea,
1075 2379 1169 2421 aurea
1181 2359 1227 2420 vel

138 2453 285 2515 inaurata
299 2455 374 2527 sint,
389 2453 557 2533 quotannis
572 2453 682 2514 saltem
698 2453 753 2523 uis,
769 2453 850 2513 circa
866 2454 982 2515 festum
1000 2453 1134 2513 Paschae
1149 2457 1179 2514 et
1196 2453 1227 2514 S.

140 2546 304 2609 Michaelis
330 2547 417 2607 intus
440 2551 474 2609 et
500 2546 577 2609 ioris
604 2546 807 2608 rriundentur.
879 2547 913 2608 Si
941 2547 1062 2607 fuerint
1087 2552 1228 2618 stanneo,

139 2639 273 2720 singulis
288 2638 399 2701 saltem
416 2640 574 2702 mensibus
589 2640 830 2719 diligentissime
846 2640 900 2704 del
903 2639 1071 2702 ricentur.''
1084 2641 1095 2673 ³

182 2738 210 2795 3.
233 2733 316 2796 Item
331 2733 445 2814 ubique
459 2733 706 2796 commendanda
720 2738 767 2795 est
781 2735 913 2797 monitio
930 2736 1022 2796 Cone.
1038 2736 1131 2798 Pron.
1149 2737 1229 2796 Tua-

141 2828 256 2891 mcnsis
279 2827 362 2890 111.:
386 2827 610 2908 “Negligentia
633 2828 715 2889 circa
737 2827 926 2889 munditiem
950 2828 1160 2890 Ecclesiarum
1184 2849 1229 2890 re-

141 2942 272 3003 rumque
284 2921 324 2983 ad
337 2921 458 2983 cultum
471 2921 616 2983 divinum
630 2921 851 3001 spectantium,
865 2926 1002 2984 mentem
1016 2923 1054 2983 de
1069 2921 1229 3001 religionis

139 3021 171 3080 ct
185 3015 307 3078 Altaria
322 3016 480 3094 mysteriis
495 3015 691 3076 vacillantem
708 3016 889 3095 proclamat.
912 3063 919 3076 .
947 3063 954 3076 .
983 3065 989 3076 .
1013 3015 1148 3077 Solliciti
1164 3017 1228 3077 sint

140 3130 257 3184 omnes,
273 3113 381 3190 pastor
396 3113 428 3171 et
444 3108 589 3190 populus,
606 3114 643 3171 ut
661 3109 769 3171 Altare
788 3110 905 3183 niteat;
923 3115 960 3170 ut
977 3111 1094 3172 ciboria
1111 3114 1142 3172 et
1160 3110 1229 3170 uni-

141 3225 227 3266 versa
244 3203 372 3265 demum
389 3203 498 3282 templi
517 3202 574 3264 Dei
593 3201 732 3282 supellex
750 3203 873 3282 integra
890 3204 941 3277 sit,
959 3203 1077 3264 munda
1095 3208 1126 3264 et
1144 3203 1229 3264 lucu-

141 3298 234 3360 lenta.
278 3297 403 3360 Altaria
430 3317 503 3358 cum
530 3296 595 3357 suis
623 3296 746 3375 mappis
773 3301 805 3358 ct
832 3299 1035 3369 ornamentis,
1062 3296 1230 3376 ampullae,

139 3391 335 3464 candelabra,
348 3410 411 3454 uno
424 3391 526 3465 serbo,
538 3409 739 3470 quaecunque
754 3391 784 3450 iu
800 3391 959 3451 Sacrificio
972 3391 1130 3452 offerendo
1143 3390 1230 3451 adhi-

140 3486 206 3547 beri
218 3486 330 3558 solent,
344 3504 465 3565 semper
478 3483 580 3545 nitida
595 3484 659 3544 sint
672 3490 701 3543 et
719 3484 848 3561 integra.
894 3484 1050 3556 Quoniam
1064 3505 1145 3558 sero,
1159 3505 1230 3544 curn

140 3581 266 3660 piorum
283 3579 463 3651 offensione,
482 3578 619 3639 inanima
637 3596 862 3655 nonnunquam
882 3579 1017 3638 occurrit
1038 3578 1229 3656 negligentia

139 3674 223 3736 circa
239 3672 454 3754 purificatoria
472 3676 503 3734 et
520 3670 703 3751 corporalia,
721 3671 914 3732 declaramus
933 3672 1014 3750 quod
1033 3672 1159 3731 nonnisi
1179 3693 1230 3733 sex

140 3767 180 3830 ad
201 3786 362 3830 summum
382 3765 500 3828 vicibus
522 3765 630 3827 eodem
651 3765 866 3845 purificatorio
889 3766 935 3826 uti
959 3764 1041 3838 licet,
1063 3769 1229 3844 antequam

140 3867 212 3941 apte
233 3860 365 3924 lavetur.
400 3859 524 3921 Pariter
544 3859 679 3939 singulis
701 3858 859 3921 mensibus
882 3860 1027 3920 lurcatur
1048 3859 1229 3939 corporalia.

141 3955 232 4030 Quod
250 3958 288 4018 ut
304 3953 431 4018 facilius
449 3952 515 4027 fiat,
534 3955 567 4014 in
586 3952 695 4032 quavis
713 3952 883 4033 parochiali
904 3952 1043 4013 Ecclesia
1062 3953 1175 4030 viginti
1195 3958 1231 4013 ut

141 4050 311 4111 minimum
338 4048 371 4109 in
398 4050 546 4128 promptu
573 4051 667 4108 erunt
692 4046 906 4125 purificatoria
933 4052 962 4108 ct
991 4046 1173 4124 corporalia,
1200 4051 1229 4106 ct

140 4143 305 4205 duodecim
325 4140 436 4204 saltem
455 4139 595 4214 linteola,
613 4139 653 4201 ad
673 4139 892 4219 abstergendas
912 4159 1024 4200 manus
1044 4139 1078 4199 in
1098 4138 1230 4201 celebra·

140 4237 227 4301 tione
245 4233 460 4298 Missasum.''⁴

178 4445 190 4479 ¹
208 4440 340 4490 Auctorea
362 4435 548 4489 communitor.
748 4441 759 4473 ³
779 4436 843 4499 Cap.
863 4437 905 4496 24,
922 4451 948 4486 n.
966 4436 991 4488 3.

177 4515 327 4568 taem.
748 4519 759 4550 ⁴
780 4513 844 4576 t'ap.
869 4515 907 4563 10.
