2804 4890
393 699 446 755 DE
466 701 625 756 onmem
649 703 935 758 CELEBRANTIS.
1149 693 1207 756 133

119 863 195 927 toris
206 864 335 939 incensi,
348 871 378 930 ct
390 866 530 932 omnium
542 871 709 933 electorum
721 870 1028 942 satorum‚iaaensum
1041 871 1127 935 istud
1138 870 1206 952 dig-

120 964 213 1022 netur
227 961 382 1025 Doariaua
398 963 628 1039 bened-dicare,
643 970 673 1026 at
690 964 722 1026 ia
737 965 862 1026 odoram
877 965 1042 1028 suavitatis
1057 966 1205 1046 accipere.

119 1053 182 1116 Per
197 1055 358 1117 Oba-istum
374 1055 548 1119 Dominam
564 1063 716 1120 nostram.
753 1059 865 1120 Aurea.
902 1058 1034 1120 Incensa
1049 1058 1207 1139 imposito,

120 1147 199 1209 illud
215 1147 371 1212 benedicit
384 1149 424 1211 ad
441 1150 568 1212 verbum
584 1151 772 1223 benedicere,
789 1171 884 1212 mauu
900 1151 1029 1215 sinistra
1043 1172 1136 1232 super
1152 1149 1207 1211 Al·

120 1246 186 1304 tare
199 1241 324 1322 posita.⁵
359 1243 449 1305 Tunc
462 1244 583 1305 nullam
598 1245 716 1306 faciens
729 1245 934 1307 reverentiam
949 1245 1090 1307 incensat
1103 1244 1208 1308 oblata

119 1339 168 1398 ter
192 1335 308 1399 ducens
335 1336 533 1399 thuribulum
559 1357 652 1418 super
677 1338 805 1401 calicem
831 1343 863 1400 et
890 1338 1024 1400 hostiam
1051 1338 1146 1399 simul
1172 1338 1208 1400 in

119 1428 247 1492 modum
271 1429 391 1506 Crucis,
413 1431 536 1494 dicens:
566 1432 616 1510 (a)
644 1432 813 1494 Incassum
828 1433 973 1508 -tiatud,
1003 1432 1055 1511 (b)
1083 1434 1206 1509 ata-l-

120 1521 327 1597 baaadictum‚
354 1525 403 1603 (c)
428 1524 575 1588 ascendat
589 1528 625 1601 -Ι-
638 1526 679 1586 ad
701 1529 729 1589 te
750 1525 904 1599 Donatum·
924 1525 998 1588 dein
1018 1526 1208 1590 circumacto

119 1617 281 1679 thuribulo
298 1623 361 1682 tres
378 1618 511 1681 circulos
527 1618 646 1680 circum
663 1620 798 1682 hostiam
816 1626 847 1683 et
864 1619 992 1682 calicem
1009 1619 1107 1696 ducit,
1125 1619 1172 1682 bis
1189 1639 1208 1681 a

119 1709 228 1773 dextra
242 1711 281 1773 ad
295 1712 458 1775 sinistram
478 1713 515 1791 (i.
530 1733 556 1773 e.
571 1733 590 1774 a
604 1712 700 1776 latere
715 1713 874 1792 Epistolae
889 1713 929 1775 ad
944 1713 1027 1776 latus
1043 1712 1207 1793 Evangelii

119 1823 175 1884 per
195 1808 316 1885 partem
338 1806 541 1886 posteriorem
562 1806 700 1881 calicis),
721 1811 754 1868 et
775 1808 869 1870 tertia
891 1807 956 1870 vice
977 1827 996 1868 a
1016 1807 1145 1869 sinistra
1167 1806 1206 1868 ad

116 1897 287 1974 dexteram,
299 1898 422 1961 dicens:
441 1900 492 1979 (a)
509 1900 553 1961 Et
567 1901 731 1962 descendat
744 1922 838 1982 super
850 1921 906 1963 aas
925 1900 976 1980 (b)
995 1899 1209 1964 misericordia

125 1992 175 2072 (c)
200 1996 263 2055 tua.

161 2088 190 2147 2.
214 2085 405 2150 Genuflectit
425 2087 488 2166 (vel
504 2086 637 2150 inclinat
653 2088 678 2150 si
696 2087 753 2149 SS.
771 2087 1010 2150 Sacramentum
1024 2108 1087 2150 nen
1102 2086 1202 2167 adsit)

118 2184 151 2242 at
174 2179 305 2241 Crucem
328 2179 428 2242 tribus
450 2180 596 2242 ductibus
619 2181 813 2261 simplicibus
836 2182 977 2242 incensat
999 2181 1122 2243 dicens:
1150 2180 1202 2260 (a)

118 2272 287 2354 Diripatur
305 2273 357 2353 (1))
377 2273 513 2337 Domina
534 2275 583 2353 (e)
604 2275 702 2337 oratio
718 2296 803 2347 raca;
817 2274 1001 2355 genuflectit
1022 2274 1086 2354 (vel
1101 2275 1207 2353 incl).

163 2367 254 2429 Tunc
271 2368 418 2447 reliquias
435 2368 470 2429 in
487 2368 583 2430 latere
600 2368 774 2447 Evangelii,
791 2368 817 2429 si
835 2368 950 2444 adsint,
967 2369 1088 2430 duobus
1105 2367 1206 2429 ducti-

118 2461 177 2523 bus
190 2461 340 2537 incensat‚
352 2461 536 2542 genuflectit
550 2466 581 2525 et
595 2462 742 2541 reliquias
756 2462 790 2524 in
803 2462 899 2525 latere
914 2462 1074 2542 Epistolae
1087 2460 1208 2523 duobus

118 2553 266 2617 ductibus
282 2555 440 2630 incensat3
458 2575 514 2616 nec
529 2555 789 2636 genuflectionem
807 2556 930 2636 repetit.

161 2651 190 2708 3.
214 2647 447 2728 Progrediendo
468 2650 610 2711 incensat
630 2648 740 2712 Altare
760 2649 800 2710 ad
821 2649 904 2711 latus
927 2649 1086 2729 Epistolae
1106 2648 1208 2710 tribus

118 2741 265 2805 ductibus
279 2762 383 2804 versus
396 2747 518 2823 partem
532 2742 584 2804 ubi
599 2748 674 2804 sunt
687 2745 743 2804 aut
755 2747 977 2822 supponuntur
991 2743 1053 2804 tria
1065 2741 1208 2805 candela·

118 2835 176 2897 bra
191 2835 314 2898 dicens:
337 2836 387 2915 (a)
408 2835 490 2899 sicut
514 2835 565 2915 (1))
588 2836 751 2899 incensum
773 2837 822 2915 (a)
845 2837 877 2898 in
897 2841 1063 2917 conspectu
1081 2841 1144 2899 tuo.

162 2929 202 2991 In
218 2929 333 3010 angulo
351 2929 510 3010 Epistolae
526 2931 667 2991 incensat
684 2930 776 2991 unico
793 2929 890 2991 ductu
908 2935 1029 3009 partem
1047 2929 1208 2993 lateralem

119 3023 303 3086 inferiorem
321 3022 441 3085 Altaria
459 3030 491 3088 et
509 3023 607 3086 altero
626 3022 724 3084 ductu
744 3028 865 3102 partem
885 3023 1076 3103 superiorem
1095 3022 1207 3085 latera·

118 3116 192 3191 lem,
208 3116 331 3179 dicens:
354 3117 406 3196 (a)
428 3116 571 3180 Eleuatio
594 3116 646 3195 (1))
671 3137 831 3179 )))α)))))))η.

160 3213 190 3271 4.
214 3209 447 3291 Progrediendo
469 3210 610 3273 incensat
632 3229 771 3272 mensam
794 3209 915 3272 Altaria
937 3210 1038 3273 tribus
1061 3210 1207 3273 ductibus

123 3303 205 3383 (non
221 3304 256 3366 in
270 3303 400 3366 modum
415 3303 542 3383 circuli)
564 3302 687 3366 dicens:
710 3303 761 3383 (a)
783 3323 922 3365 arcarum
945 3303 996 3382 (b)
1017 3302 1207 3382 scrutatum

123 3397 175 3477 (c)
197 3397 420 3480 vespertinum.

161 3489 352 3554 Genuflectit
377 3495 409 3553 et
435 3488 662 3570 progrediendo
689 3489 830 3551 incensat
855 3490 1058 3569 posteriorem
1085 3492 1207 3569 partem

117 3583 239 3647 Altaris
257 3584 405 3647 inlabere
424 3582 587 3663 Evangelii
606 3582 707 3647 tribus
724 3581 880 3658 ductibus,
898 3582 1021 3644 dicens:
1045 3582 1095 3661 (a)
1119 3584 1206 3647 Pone

122 3677 177 3757 (1))
196 3676 331 3741 Domine
352 3677 403 3757 (c)
423 3676 607 3741 custodiam.

160 3770 201 3834 In
218 3771 334 3852 angulo
350 3771 515 3851 Evangelii
533 3771 674 3834 incensat
690 3770 772 3832 sicut
790 3770 822 3831 in
840 3770 955 3850 angulo
973 3769 1143 3849 Epistolae,
1160 3768 1207 3830 di·

114 3884 207 3929 cens:
227 3865 279 3945 (a)
297 3864 346 3930 ari
365 3864 418 3944 (b)
439 3886 515 3928 meo.
553 3863 647 3927 Stans
662 3864 697 3925 in
711 3863 817 3926 eodem
833 3862 949 3942 angulo
964 3882 1103 3925 mensam
1117 3861 1207 3925 Alta·

117 3959 163 4022 ris
178 3959 280 4021 tribus
296 3958 443 4022 ductibus
459 3978 556 4038 usque
572 3957 612 4020 ad
629 3956 750 4019 Altaria
767 3956 907 4019 medium
925 3957 1066 4018 incensat
1081 3955 1205 4019 dicens:

122 4053 176 4133 (a)
197 4056 228 4116 et
243 4051 358 4116 ostium
380 4052 433 4132 (1))
455 4051 708 4115 circumstantiae
730 4050 779 4129 (e)
801 4049 891 4113 labiis
908 4049 994 4113 meis.

159 4151 189 4209 5.
212 4145 445 4228 Progrediendo
458 4145 498 4207 ad
511 4145 650 4207 medium
663 4144 765 4208 tribus
778 4143 924 4206 ductibus
937 4149 1058 4224 partem
1071 4144 1207 4208 anterio·

116 4261 185 4305 rem
201 4238 320 4302 Altaria
337 4239 390 4301 ubi
407 4243 454 4302 est
471 4237 691 4319 antipendium
710 4239 849 4299 incensat
866 4237 989 4299 dicens:
1013 4237 1064 4316 (a)
1087 4242 1124 4301 ut
1142 4259 1207 4303 aaa

114 4334 253 4399 declama
272 4333 325 4413 (1))
344 4354 512 4396 cormeum
536 4332 584 4411 (c)
604 4333 637 4394 ia
652 4333 743 4394 uerba
760 4330 908 4395 malitiae.

311 4485 401 4538 ⁵011.
424 4486 509 4538 Bubr.
532 4485 614 4538 Ritus
637 4486 732 4538 celebr.
757 4487 795 4537 11.
811 4485 855 4539 tit.
875 4486 932 4539 111.
950 4501 976 4539 a.
994 4487 1019 4540 5.
