2804 4890
167 697 228 764 558
264 709 350 768 APP.
373 706 416 768 ΙΙ.
455 708 510 768 DE
533 707 727 769 VESTIBUS
751 708 890 769 SACRIS
915 708 1177 770 sacaauo'ns,

206 876 235 934 4.
259 871 443 954 Manipulus
468 875 555 936 ortus
579 878 626 936 est
650 893 667 937 e
690 891 804 955 mappa
828 873 876 936 vel
902 870 1029 938 sudario
1053 875 1152 939 vetari
1176 873 1265 956 apud

165 966 321 1028 Romanos
338 967 465 1028 usitato.
505 966 656 1029 Attamen
676 967 761 1029 istud
780 965 943 1028 sudarium
961 969 1029 1048 jam
1045 971 1123 1031 tunc
1140 971 1262 1049 tempo

165 1059 208 1121 ris
229 1059 335 1140 potius
355 1063 515 1139 tamquam
534 1078 657 1139 pannus
677 1058 853 1122 destinatus
873 1060 913 1123 ad
935 1064 1084 1123 omatum
1103 1080 1202 1143 quam
1221 1059 1265 1125 ad

165 1153 337 1232 practicam
361 1172 453 1214 usum
475 1173 493 1214 a
514 1151 723 1215 saecularibus
745 1152 885 1215 adhiberi
909 1149 1049 1217 solebat.¹

207 1249 234 1306 5.
258 1244 443 1325 Manipulus
472 1263 536 1306 non
567 1264 687 1325 semper
717 1244 830 1309 eodum
861 1245 954 1309 modo
983 1247 1100 1328 gestari
1130 1247 1264 1311 solebat.

164 1337 332 1418 Aliquibus
349 1336 423 1401 locis
441 1338 581 1401 ministri
601 1337 803 1419 Manipulum
827 1338 983 1418 (solutum
1002 1343 1033 1402 et
1050 1358 1114 1401 non
1132 1359 1193 1402 acu
1213 1337 1266 1403 vel

163 1429 225 1494 alio
248 1431 459 1495 instrumento
481 1430 623 1511 affixum)
652 1429 838 1512 simpliciter
862 1450 955 1511 super
978 1431 1141 1495 brachium
1165 1452 1264 1514 pone

163 1523 249 1600 bant,
270 1523 346 1585 alibi
368 1524 402 1585 in
423 1543 520 1585 manu
539 1523 712 1587 tenebatur.
757 1524 848 1586 Circa
869 1523 1028 1587 saeculum
1050 1524 1129 1588 XII.
1151 1528 1264 1587 autem

163 1636 230 1678 mos
250 1616 314 1692 ille,
335 1617 388 1696 qui
409 1635 494 1679 nuuc
512 1613 679 1697 praevalet,
700 1616 765 1696 jam
788 1615 913 1678 videtur
933 1617 1037 1680 factus
1057 1615 1156 1680 fuisse
1176 1637 1265 1680 eom·

163 1728 277 1770 munis.

206 1804 233 1863 6.
257 1800 365 1863 Etiam
390 1800 583 1864 caeremonia
608 1800 674 1874 illa,
698 1820 758 1880 qua
782 1800 874 1864 hodie
899 1801 932 1862 in
958 1802 1024 1864 ritu
1048 1799 1267 1865 ordinationis

163 1891 344 1955 subdiaconi
373 1892 547 1972 Episcopus
573 1891 741 1955 candidato
770 1891 973 1972 Manipulum
1001 1894 1147 1974 porrigit,
1176 1914 1266 1957 com·

161 1986 268 2047 munis
290 1984 388 2047 evasit
414 1983 535 2047 saeculo
559 1984 725 2047 dumtaxat
750 1983 848 2047 XIII.
875 1986 921 2048 vel
948 1985 1040 2050 XIV.

205 2081 232 2140 Ὗ.
256 2077 408 2140 Auctores
429 2076 570 2155 liturgici
592 2076 727 2139 diversas
750 2076 933 2155 symbolicas
955 2076 1202 2157 significationes
1228 2082 1266 2144 in

162 2169 327 2250 Manipulo
349 2169 557 2250 conspiciunt.
601 2169 710 2249 Aliqui
734 2169 936 2250 Manipulum
957 2169 1157 2236 considerant
1179 2179 1266 2237 tam·

161 2284 255 2344 quam
276 2261 451 2342 symbolum
470 2262 681 2342 poenitentiae
700 2263 792 2341 juxta
811 2264 1003 2326 orationem:
1022 2263 1168 2327 “Merear
1188 2285 1266 2347 por·

161 2362 228 2418 tare
256 2355 457 2435 Manipulum
481 2354 573 2417 fletus
598 2359 628 2417 et
654 2353 801 2417 doloris.''
848 2354 912 2417 Alii
938 2355 1049 2420 dieunt
1075 2354 1168 2419 illum
1193 2378 1266 2423 esse

161 2449 336 2528 symbolum
361 2448 545 2509 meritorum
572 2449 724 2508 bonorum
750 2466 890 2528 operum,
916 2467 993 2528 quae
1020 2449 1161 2529 quotidie
1188 2470 1265 2532 pro·

161 2542 273 2604 ducere
296 2541 471 2614 debeamus,
495 2540 665 2602 seeundum
692 2538 910 2603 Psalmistam:
935 2541 1127 2606 “Venientes
1150 2550 1265 2611 autem

162 2636 288 2699 venient
308 2653 381 2697 cum
400 2632 572 2713 manipulis
593 2631 658 2696 suis
679 2630 759 2695 etc.''

613 2896 727 2966 ART.
756 2896 801 2970 V.

608 3051 658 3101 nu
680 3051 806 3103 spons.

202 3193 272 3256 342.
298 3191 385 3257 Stola
411 3197 459 3258 est
486 3198 705 3275 paramentum
734 3194 773 3255 ad
802 3192 931 3255 modum
959 3193 1074 3259 fasciae
1101 3192 1261 3277 longioris

160 3288 339 3350 confectum
375 3292 409 3349 et
446 3286 587 3366 ejusdem
625 3288 775 3348 materiae
802 3292 832 3349 et
859 3287 971 3350 coloris
997 3306 1032 3349 ac
1059 3287 1261 3370 Manipulus‚

160 3381 242 3462 quod
266 3380 396 3442 diversis
419 3378 520 3440 modis
541 3382 691 3459 gestatur.
738 3380 911 3458 Episcopus
934 3379 1022 3443 ducit
1045 3379 1159 3443 stolam
1182 3390 1260 3445 ante

160 3478 268 3555 peetus
286 3474 377 3534 lineis
398 3471 499 3547 rectis,
520 3473 563 3534 ita
579 3476 616 3535 ut
633 3471 740 3533 ambae
759 3474 971 3534 extremitates
990 3472 1162 3553 aequaliter
1181 3494 1258 3555 pen·

159 3568 271 3634 deant:
288 3567 446 3646 presbyter
460 3565 596 3626 medinm
615 3564 711 3626 stolae
726 3564 804 3626 collo
819 3566 964 3645 imponit,
979 3570 1056 3628 tune
1069 3585 1138 3628 eam
1154 3572 1257 3630 trans-

161 3665 261 3723 versat
283 3664 355 3721 ante
379 3664 486 3738 pectus
508 3662 539 3719 et
560 3656 773 3720 extremitates
795 3658 833 3720 ab
855 3664 987 3738 utroque
1007 3658 1103 3721 latere
1127 3659 1258 3740 cingulo

160 3755 317 3830 adjungit.
360 3753 508 3813 Attamen
529 3752 553 3810 si
574 3755 661 3811 extra
683 3750 812 3811 Missam
835 3750 922 3812 Stolo
942 3752 1113 3813 assumitur
1133 3773 1151 3814 a
1170 3773 1256 3833 pres-

159 3845 285 3926 byteris,
321 3844 413 3905 lineis
448 3842 541 3903 rectis
577 3840 739 3923 dependet.
799 3841 956 3904 Diaconus
994 3842 1115 3908 Stolam
1152 3850 1256 3924 gestat

161 3942 214 4009 itu,
231 3944 267 4002 ut
286 3938 423 3999 medium
443 3936 512 4011 ejus
529 3936 570 3998 sit
591 3935 771 4014 impositum
792 3954 884 4014 supcr
901 3938 1068 3998 bumerum
1087 3937 1256 4001 sinistrum

191 4076 269 4127 1Dcr
296 4073 419 4139 Manipel
449 4073 483 4122 ist
512 4072 676 4123 roemischen
728 4071 811 4135 Tucb,
827 4072 876 4122 das
890 4072 965 4122 mehr
979 4072 1027 4123 dar
1040 4071 1135 4124 Zierde
1149 4073 1192 4125 als
1206 4075 1255 4127 des

155 4152 337 4216 Urspmnges.
385 4149 556 4200 Entatanden
585 4147 677 4198 ister
727 4147 901 4211 praktisebcn
943 4147 1116 4199 Gabraucbes
1157 4164 1253 4216 weges

155 4243 204 4278 aris
226 4227 301 4277 einer
325 4227 375 4275 Art
399 4224 604 4286 Schweisstuch,
628 4224 678 4274 das
727 4225 858 4287 petragen
875 4223 976 4286 vaurde,
993 4224 1118 4274 aehnlieh
1133 4224 1185 4276 wia
1203 4229 1255 4280 dns

158 4320 219 4354 rnan
250 4304 307 4352 sich
340 4302 428 4352 indess
459 4302 533 4351 nicht
565 4301 606 4351 als
635 4300 677 4351 ain
726 4298 810 4349 bunte
838 4297 1082 4361 Seidentuceblein‚
1110 4299 1160 4350 das
1188 4317 1253 4354 man

154 4380 366 4443 gewoebnllehes
396 4376 586 4442 Sebnupftueb
618 4390 675 4425 vor·
726 4376 806 4425 beute
821 4389 871 4426 aus
886 4375 934 4426 der
949 4374 1128 4426 Brusttasche
1142 4376 1253 4430 hervor-

154 4458 249 4508 stellen
272 4455 345 4517 dari,
364 4455 480 4505 sondern
502 4453 543 4504 als
561 4453 604 4503 ein
624 4466 674 4499 von
726 4451 806 4511 lagen
835 4452 926 4502 laesst.
975 4451 1093 4516 (Braum
1119 4450 1197 4506 Hdb.
1224 4469 1253 4524 p.

148 4534 199 4588 dar
231 4532 357 4586 Etilratta
386 4528 558 4591 retardartas
586 4527 675 4578 seinos
727 4525 800 4591 las.)
