2804 4890
172 580 234 645 248
364 593 418 649 DE
441 594 569 652 SENSU
593 595 778 652 LITERALI
802 594 852 651 ET
872 592 1059 651 MYSTIOO.

173 767 260 831 omni
286 765 491 829 tribulatione
518 771 549 829 et
575 768 758 831 necessitate
785 770 816 830 et
844 767 1010 829 tribuendo
1036 767 1119 829 dona
1145 766 1262 847 gratia·

173 860 289 937 rum‚”⁷
314 865 351 923 ut
376 860 421 923 ait
447 860 632 922 Psalmista:
659 860 840 923 “Memento
864 860 975 937 nostri,
1001 859 1146 936 Domine,
1174 860 1262 922 bene·

173 954 289 1035 placito
304 954 414 1036 populi
430 955 495 1016 tui:
512 954 604 1016 visita
619 974 675 1016 nos
692 955 726 1014 in
743 954 872 1016 salutari
892 952 990 1018 tuo.'’⁸

214 1053 241 1113 2.
266 1050 351 1112 Olim
378 1049 594 1129 appellabatur
622 1049 731 1113 Oratio
758 1070 852 1130 super
875 1050 1043 1130 Diptyclc-o,
1070 1072 1148 1130 quae
1175 1055 1264 1113 erant

173 1141 264 1204 binae
292 1141 415 1202 tabulae
444 1140 502 1201 sibi
531 1141 669 1219 junctae,
699 1159 776 1219 quae
805 1140 905 1202 instar
932 1139 1005 1200 libri
1035 1140 1262 1202 claudebantur

178 1235 434 1315 (diptycha=bis
459 1234 607 1315 plicata).
678 1234 718 1295 In
746 1235 849 1314 prima
877 1234 983 1296 tabula
1011 1235 1262 1297 inscribebantur

172 1330 301 1391 nomina
319 1329 470 1405 vivorum,
489 1329 543 1409 qui
561 1328 718 1408 dignitate
733 1333 824 1390 erant
843 1328 981 1389 illustres
1000 1329 1048 1390 vel
1067 1328 1104 1390 de
1124 1328 1263 1390 Ecclesia

172 1423 290 1503 optime
314 1423 431 1497 meriti,
456 1427 548 1502 atque
573 1421 680 1484 eximii
706 1442 743 1484 ex
769 1422 808 1484 iis
832 1422 886 1502 qui
911 1442 981 1483 suas
1007 1422 1047 1484 ad
1072 1422 1261 1482 sacrificium

172 1516 343 1578 oblationes
359 1517 550 1579 deserebant.
596 1516 636 1577 In
654 1517 752 1579 altera
769 1517 875 1578 tabula
891 1518 1020 1579 nomina
1038 1517 1261 1580 defunctorum

173 1609 432 1684 inscribebantur,
452 1611 506 1690 qui
527 1611 560 1670 in
580 1609 736 1672 Ecclesiae
754 1611 973 1672 communione
993 1631 1030 1672 ex
1049 1611 1106 1671 hae
1127 1611 1190 1672 rita
1209 1609 1261 1671 de·

173 1703 359 1782 migrarunt.
404 1703 503 1764 Juxta
533 1703 634 1764 alios⁹
663 1703 812 1783 diptycha
840 1709 930 1765 erant
959 1724 1074 1765 asseres
1103 1702 1196 1762 dirisi
1227 1703 1260 1762 in

172 1802 276 1878 partes
295 1804 368 1872 tres,
389 1799 432 1859 ita
452 1797 511 1858 sibi
530 1797 644 1876 juncti,
663 1802 699 1859 ut
719 1798 898 1878 complicari
918 1803 1054 1878 possent,
1075 1799 1107 1858 in
1129 1818 1262 1877 quorum

172 1891 312 1971 primum
335 1891 544 1971 quorumdam
570 1892 755 1952 Sanctorum
781 1899 812 1953 et
835 1893 1019 1972 praesertim
1046 1893 1081 1953 B.
1110 1890 1261 1970 Virginis,

172 1984 396 2064 Apostolorum
422 1990 453 2048 et
480 1984 669 2064 Martyrum,
696 1986 728 2046 in
756 1986 889 2046 alterum
918 1984 1059 2045 fidelium
1088 1985 1260 2046 viventium

171 2077 300 2140 nomina
318 2078 552 2151 referebantur3
570 2079 682 2139 tertius
701 2098 783 2139 assei·
802 2077 931 2139 babebat
951 2078 1079 2139 nomina
1097 2078 1259 2138 defuncto-

171 2191 254 2247 rum,
272 2176 308 2234 ut
326 2192 430 2252 supra.
474 2172 673 2252 Legebantur
690 2193 761 2235 vero
779 2173 908 2234 nomina
926 2173 1093 2252 praecipua
1112 2192 1167 2252 per
1187 2171 1261 2232 Dia-

171 2286 285 2329 conum
306 2265 353 2329 vel
375 2266 619 2341 Subdiaconum,
641 2267 674 2326 in
696 2266 793 2328 Missa
814 2265 936 2346 privata
956 2285 1012 2345 per
1034 2266 1259 2327 Celebrantem.

172 2360 444 2423 Excommunicati
463 2381 576 2423 nomen
596 2360 840 2439 expungebatur.

214 2457 241 2515 3.
266 2454 336 2516 Hoc
354 2455 513 2518 Merncato
532 2454 568 2514 fit
586 2453 712 2514 nomine
732 2452 897 2527 Ecclesiae,
915 2473 979 2515 non
999 2453 1099 2514 solum
1119 2454 1259 2532 privat0;

172 2554 309 2612 attamen
331 2548 480 2611 Sacerdos
500 2548 647 2628 privatim
667 2547 779 2609 addere
798 2553 828 2609 et
846 2569 903 2627 pro
921 2548 1198 2610 excommunicatis
1216 2547 1260 2607 ui-

172 2642 277 2705 tandis
298 2662 419 2722 quoque
440 2662 528 2704 orare
549 2645 659 2722 potest.
704 2642 812 2703 “Licet
837 2641 986 2703 Sacerdos
1007 2641 1139 2703 celebret
1164 2648 1260 2704 totam

173 2736 302 2798 Missam
320 2742 357 2798 ut
375 2736 500 2816 publica
519 2756 649 2815 persona
668 2756 702 2796 ac
722 2735 848 2796 nomine
869 2735 1034 2809 Ecclesiae,
1053 2740 1145 2814 atque
1165 2736 1260 2796 etiam

172 2829 341 2901 Memento,
369 2829 471 2891 adhuc
499 2837 603 2890 tamen
630 2833 732 2909 potest
760 2829 894 2891 inserere
922 2828 1079 2909 privatam
1105 2828 1260 2908 supplica·

172 2922 349 2986 tionem.''¹⁰

214 3020 242 3077 4.
266 3016 328 3080 Pro
351 3016 463 3097 quibua
486 3017 544 3079 tibi
566 3019 726 3096 offerirmrs
748 3019 796 3080 cet
823 3017 928 3096 (=ct)
956 3019 1011 3099 qui
1033 3018 1092 3079 tibi
1113 3019 1260 3097 offerunt,

172 3129 283 3190 nempe
300 3110 509 3189 spiritualiter
526 3115 556 3172 et
575 3109 717 3173 mediate.

215 3207 242 3264 5.
266 3204 541 3266 Corrrrnenicuntes
570 3204 717 3282 jungitur
745 3224 816 3264 cum
845 3204 1102 3284 praecedentibus
1132 3205 1164 3265 in
1193 3206 1260 3268 dle-

173 3304 277 3360 mcato
297 3298 354 3359 hoe
374 3297 482 3360 modo:
503 3297 683 3358 “oderimus
704 3298 749 3358 vel
771 3298 828 3359 tibi
850 3297 1008 3360 olierunt'’
1028 3299 1088 3378 qut
1110 3298 1185 3360 tales
1206 3298 1259 3377 qui

172 3393 449 3466 communicamus,
467 3394 488 3455 i.
506 3414 531 3455 e.
551 3391 706 3453 Ecclesiae
723 3393 974 3453 communionem
992 3394 1141 3454 liabcmus
1158 3393 1208 3454 hic
1228 3393 1259 3453 in

172 3491 255 3547 terra
275 3494 306 3550 ct
326 3506 397 3547 cum
421 3486 544 3547 Sanctis
564 3487 628 3547 tuis
649 3505 781 3564 quorum
802 3490 966 3565 propterea
986 3486 1189 3547 “inemoriam
1212 3506 1260 3546 ve-

170 3582 338 3645 neramur''
357 3587 387 3646 ct
406 3603 460 3662 per
478 3603 584 3643 eorum
605 3583 854 3643 intercessionem
874 3583 1015 3643 exaudiri
1037 3583 1181 3662 petimus.
1196 3586 1219 3617 ¹¹

216 3675 430 3735 Nominantur
448 3678 518 3753 post
538 3674 572 3734 B.
594 3673 758 3749 Virginem
780 3676 817 3732 12
837 3673 979 3752 Apostoli
999 3677 1030 3734 ct
1051 3677 1087 3732 12
1108 3674 1262 3751 Martyres

173 3767 328 3830 Ecclesiae
348 3767 522 3841 ltomanae;
543 3767 697 3844 Martyres
716 3770 851 3840 tantum,
871 3766 943 3846 quia
964 3766 1073 3828 Canon
1091 3767 1195 3828 editus
1214 3771 1261 3828 est

172 3866 338 3941 antequam
356 3861 578 3922 Conlessorum
595 3861 744 3921 memoria
759 3859 975 3922 celebraretur.
1020 3860 1174 3939 Martyres
1190 3881 1260 3921 con-

172 3975 248 4034 grue
261 3961 555 4026 commemorantur,
569 3953 641 4033 quia
654 3954 752 4016 elluso
764 3955 916 4032 sanguine
929 3954 1045 4016 imitati
1059 3960 1133 4016 sunt
1146 3952 1261 4034 passio-

174 4069 244 4110 nem
271 4054 302 4110 et
329 4053 461 4110 mortem
489 4048 607 4108 Christi
637 4068 714 4127 quae
741 4049 798 4109 lroc
828 4048 988 4111 Sacrificio
1015 4048 1171 4110 recolitur.
1229 4046 1259 4108 S.

175 4142 292 4205 Paulus
310 4142 343 4202 in
361 4140 507 4222 Liturgia
524 4161 587 4202 non
606 4141 785 4220 sejungitur
803 4163 819 4202 a
840 4142 871 4201 S.
892 4142 1002 4203 Petro:
1026 4141 1209 4215 “Quomodo
1229 4143 1261 4201 in

208 4289 220 4324 ²
239 4284 319 4335 Dion.
343 4283 435 4335 Carth.
782 4290 807 4322 ¹⁰
826 4285 993 4349 Pasqnaligo
1013 4286 1045 4334 dc
1065 4285 1158 4335 sacrif.
1179 4286 1212 4334 N.
1233 4287 1261 4335 ll.

210 4367 221 4401 Ι
241 4362 285 4412 Pa.
306 4363 362 4412 105.
746 4363 836 4413 Tract.
859 4363 882 4413 l.
905 4379 928 4428 q.
954 4365 1010 4413 145.

209 4439 272 4489 ⁰E.
294 4454 319 4503 g.
341 4438 517 4489 Benedictum
541 4438 616 4488 XIV.
779 4446 804 4479 ¹¹
824 4439 868 4490 cf.
886 4441 995 4502 Suarez,
1015 4440 1047 4488 ln
1069 4441 1126 4503 lll,
1145 4443 1187 4503 83,
1207 4443 1230 4490 2.
