2804 4890
150 663 196 718 DE
210 662 538 719 SIGNIFICATIONE
563 667 1131 724 REL.CAEREMON1ARUMCOM.
1174 660 1235 722 227

592 1094 705 1163 ART.
731 1095 780 1164 Π.

192 1273 241 1324 DE
255 1274 570 1326 SIGNIFICATIONF}
586 1276 801 1340 lllllrlQl'hllll
806 1278 832 1326 M
851 1278 1182 1329 (rnuunMoNlARUM

564 1360 809 1411 COMMUNIUM.

188 1504 255 1569 129.
279 1505 415 1588 Siquam
432 1508 542 1570 Crucis
558 1508 734 1575 adhibetur,
751 1511 824 1588 quia
840 1510 1006 1573 “Christus
1023 1531 1078 1590 per
1093 1516 1232 1571 sanctam

148 1599 274 1664 Crucem
289 1599 423 1663 redemit
435 1600 621 1675 mundum,''
635 1621 711 1679 quae
726 1603 884 1681 igiturest
896 1622 987 1663 causa
1000 1609 1031 1664 et
1047 1602 1116 1663 huis
1130 1602 1232 1662 nuruis

147 1693 377 1758 benedictionis.
422 1694 461 1755 In
484 1695 579 1756 Missa
600 1701 669 1775 post
690 1696 953 1756 consecrationem
974 1697 1100 1775 signum
1123 1695 1232 1757 Crucis

146 1790 297 1852 rationem
314 1789 539 1853 benedictionis
556 1791 681 1870 proprie
698 1790 800 1852 dietae
817 1811 1011 1870 nequaquam
1029 1791 1129 1854 habet.
1171 1790 1232 1852 Sed

146 1883 253 1945 Crucis
283 1884 410 1963 signum
440 1885 558 1964 optime
589 1889 801 1964 repraesentat
831 1886 1006 1964 passionem
1037 1890 1068 1947 et
1099 1889 1233 1947 mortem

144 1976 290 2039 Domini:
308 1977 391 2041 idem
408 1998 473 2040 esse
490 1979 679 2040 sacrificium
698 1978 818 2040 Altaria
836 1984 928 2058 atque
946 1978 1134 2042 sacrificium
1155 1980 1231 2040 Cru-

143 2072 195 2145 cis,
210 2072 345 2134 hostiam
363 2079 573 2135 consecratam
592 2073 672 2134 idem
691 2094 755 2137 esse
772 2073 891 2135 Christi
909 2094 1021 2153 eorpus
1038 2074 1119 2153 quod
1137 2072 1231 2135 Cruci

143 2165 205 2228 fuit
223 2166 348 2227 affixum
369 2172 400 2229 et
418 2168 555 2247 quinque
574 2167 755 2229 vulneribus
775 2166 974 2247 insignitum,
994 2173 1025 2229 et
1044 2169 1175 2230 eundem
1198 2168 1231 2228 in

142 2261 235 2322 calice
250 2261 435 2340 sangninem
450 2263 501 2339 qui
520 2262 551 2321 in
567 2282 656 2323 cruce
671 2262 788 2322 effusus
804 2265 872 2323 cst.¹
911 2262 1009 2340 Signa
1026 2263 1135 2323 (hircis
1151 2261 1231 2323 firrnt

142 2353 256 2416 “aamel
273 2353 399 2433 quidem
418 2359 545 2434 propter
561 2355 712 2416 essentiae
730 2356 896 2427 unitatem,
916 2359 963 2417 ter
980 2358 1107 2433 propter
1124 2353 1229 2413 Trini-

141 2449 237 2509 tatem
270 2447 478 2511 Personarum
515 2446 587 2527 [per
616 2449 891 2510 concomitantiam
926 2445 1167 2528 praesentiunr]‚
1198 2436 1233 2509 et

142 2541 306 2623 quinquies
324 2547 452 2623 propter
470 2543 606 2621 quinque
625 2544 753 2604 vulnera
773 2543 891 2603 Christi
912 2541 1041 2602 Danuui
1060 2544 1091 2602 et
1109 2560 1230 2619 expres-

142 2654 207 2697 sam
230 2637 545 2716 repraesentationem
570 2636 729 2697 Passionis
751 2635 875 2714 ejus”²

183 2733 211 2791 2.
234 2729 387 2793 dlanuurn
404 2730 528 2810 janctis
546 2733 581 2793 fit
599 2732 630 2791 in
648 2732 774 2811 sigrium
794 2733 983 2793 reverentiae
1000 2737 1031 2793 et
1047 2731 1229 2793 devotionis,

144 2824 275 2887 Pollices
302 2826 334 2886 in
362 2825 490 2888 modum
519 2825 629 2886 Crucis
656 2826 763 2906 plicati
793 2826 879 2905 qrrasi
908 2826 1094 2887 crrrrtinuum
1121 2825 1231 2886 Crucis

142 2919 309 2993 imaginem
327 2920 384 2980 sub
401 2919 499 2983 oculis
518 2920 694 2981 Sacerdotis
712 2925 843 2999 porumt.

180 3017 208 3075 3.
221 3011 336 3074 Manus
352 3014 485 3075 elaeatae
501 3017 532 3077 et
547 3034 698 3093 expansae
716 3019 863 3075 tenentur
879 3015 911 3076 in
928 3014 1056 3085 orando,
1071 3016 1145 3095 quia
1160 3035 1231 3094 sup-

141 3106 287 3185 plicantis
309 3111 366 3181 est,
389 3127 500 3168 manus
523 3107 648 3168 tendere
671 3108 709 3168 ad
733 3106 963 3175 auxiliatorem,
985 3111 1078 3186 atque
1100 3111 1147 3170 est
1169 3108 1230 3187 sig·

141 3220 216 3261 num
234 3206 265 3263 et
281 3200 502 3280 adjumentum
520 3201 634 3262 mentis
652 3200 795 3262 elevatae.
836 3201 905 3261 Tali
925 3202 1016 3262 morlo
1036 3203 1156 3280 Moyses
1173 3221 1230 3281 pro

140 3292 255 3373 populo
274 3293 439 3356 efficaciter
458 3294 569 3365 oravit,
589 3300 681 3371 alque
702 3293 768 3372 ipse
791 3293 929 3372 Spiritus
952 3293 1086 3354 Sanctus
1106 3296 1229 3355 monet:

140 3387 313 3451 “Extollite
329 3408 441 3449 manus
458 3393 573 3449 vestras
591 3390 622 3448 in
640 3395 757 3454 sancta.
773 3392 802 3449 et
821 3389 994 3450 benedicite
1013 3386 1229 3450 Dominum.''³

141 3482 268 3545 l'eteres
288 3481 394 3543 fideles
413 3502 501 3544 orare
520 3481 658 3545 solebant
679 3482 823 3542 manibus
843 3483 987 3562 expansis
1006 3485 1037 3544 ct
1058 3482 1090 3542 in
1110 3482 1230 3542 eoelum

139 3576 276 3649 elevatis,
296 3597 332 3638 ae
350 3596 575 3656 nonnunquam
597 3577 630 3637 in
652 3576 784 3636 formam
808 3575 917 3637 Crucis
938 3575 976 3636 arl
997 3580 1229 3655 repraesentan-

140 3670 211 3731 dam
233 3670 404 3732 Salsatoris
424 3672 522 3732 nostri
545 3670 694 3731 Crucifixi
715 3671 901 3750 passionem,
921 3670 968 3729 uti
990 3669 1123 3748 probant
1143 3670 1229 3730 testi-

139 3765 245 3826 monia
268 3765 470 3833 Tertulliani,
495 3762 634 3839 Paulini,
660 3764 825 3825 Prudentii
852 3764 1053 3843 pluriumque
1079 3763 1229 3837 Patrum3

142 3859 172 3919 S.
200 3859 438 3936 Chrysostomus
465 3860 561 3933 hujus
586 3859 797 3921 caeremoniae
822 3878 913 3918 nsum
940 3857 1084 3936 pluribus
1109 3856 1229 3937 probat,

139 3951 321 4032 praesertim
341 3951 484 4014 Homilia
503 3952 535 4011 in
557 3950 607 4012 Ps.
628 3954 704 4010 140:
734 3949 898 4013 “Elevatio
917 3969 1070 4010 manuum
1089 3969 1229 4010 mearum

140 4047 327 4108 sacrificium
349 4045 593 4126 vespertinum.''
619 4048 663 4124 (v.
685 4046 730 4116 2.)

181 4144 210 4202 4.
232 4140 348 4201 Manus
366 4142 527 4202 elevantur
545 4143 574 4201 et
592 4139 626 4200 in
645 4138 795 4201 circnlnrn
814 4138 1005 4218 jarnpnntnr,
1024 4137 1097 4219 quia
1115 4139 1166 4200 hie
1183 4143 1230 4202 est

139 4240 244 4315 gestus
271 4235 426 4296 naturalis
454 4235 589 4295 hominis
616 4233 813 4307 exsultantis,
842 4232 1001 4296 laudantis
1028 4236 1084 4295 aut
1111 4234 1228 4314 suppli·

138 4331 248 4392 cantis.

171 4489 229 4542 ¹8.
252 4491 377 4552 Thomas,
401 4488 509 4553 Suarez,
530 4494 581 4542 ete.
660 4486 792 4539 ²Benerl.
805 4487 888 4553 XIV.
970 4486 1045 4536 ³Ps.
1066 4484 1124 4536 133.
