<?xml version="1.0" encoding="UTF-8"?>
<!DOCTYPE html PUBLIC "-//W3C//DTD XHTML 1.0 Transitional//EN"
    "http://www.w3.org/TR/xhtml1/DTD/xhtml1-transitional.dtd">
<html xmlns="http://www.w3.org/1999/xhtml" xml:lang="en" lang="en">
 <head>
  <title>
</title>
<meta http-equiv="Content-Type" content="text/html;charset=utf-8" />
  <meta name='ocr-system' content='tesseract 3.04.00' />
  <meta name='ocr-capabilities' content='ocr_page ocr_carea ocr_par ocr_line ocrx_word'/>
</head>
<body>
  <div class='ocr_page' id='page_1' title='image "./compendiumsacra00wapegoog_0501.png"; bbox 0 0 2804 4890; ppageno 0'>
   <div class='ocr_carea' id='block_1_1' title="bbox 198 651 1065 734">
    <p class='ocr_par' dir='ltr' id='par_1_1' title="bbox 198 651 1065 734">
     <span class='ocr_line' id='line_1_1' title="bbox 198 651 1065 734; baseline 0.005 -6"><span class='ocrx_word' id='word_1_1' title='bbox 198 667 259 728; x_wconf 81' lang='lat'>484</span> <span class='ocrx_word' id='word_1_2' title='bbox 430 651 485 732; x_wconf 78' lang='lat' dir='ltr'>&#39;ns</span> <span class='ocrx_word' id='word_1_3' title='bbox 508 677 776 733; x_wconf 76' lang='lat' dir='ltr'>sacmusnro</span> <span class='ocrx_word' id='word_1_4' title='bbox 804 676 1065 734; x_wconf 77' lang='lat' dir='ltr'>naumuonn.</span> 
     </span>
    </p>
   </div>
   <div class='ocr_carea' id='block_1_2' title="bbox 581 1355 901 1434">
    <p class='ocr_par' dir='ltr' id='par_1_2' title="bbox 581 1355 901 1434">
     <span class='ocr_line' id='line_1_2' title="bbox 581 1355 901 1434; baseline -0.003 0"><span class='ocrx_word' id='word_1_5' title='bbox 581 1355 772 1434; x_wconf 79' lang='lat' dir='ltr'>CAPUT</span> <span class='ocrx_word' id='word_1_6' title='bbox 799 1356 901 1433; x_wconf 86' lang='lat' dir='ltr'><strong>VII.</strong></span> 
     </span>
    </p>
   </div>
   <div class='ocr_carea' id='block_1_3' title="bbox 400 1547 1086 1604">
    <p class='ocr_par' dir='ltr' id='par_1_3' title="bbox 400 1547 1086 1604">
     <span class='ocr_line' id='line_1_3' title="bbox 400 1547 1086 1604; baseline 0.003 -2"><span class='ocrx_word' id='word_1_7' title='bbox 400 1547 457 1602; x_wconf 82' lang='lat' dir='ltr'>DE</span> <span class='ocrx_word' id='word_1_8' title='bbox 486 1547 774 1604; x_wconf 81' lang='lat' dir='ltr'>SACRAMENTO</span> <span class='ocrx_word' id='word_1_9' title='bbox 806 1547 1086 1604; x_wconf 81' lang='lat' dir='ltr'><strong>MATRIMONII.</strong></span> 
     </span>
    </p>
   </div>
   <div class='ocr_carea' id='block_1_4' title="bbox 657 1718 826 1788">
    <p class='ocr_par' dir='ltr' id='par_1_4' title="bbox 657 1718 826 1788">
     <span class='ocr_line' id='line_1_4' title="bbox 657 1718 826 1788; baseline 0.006 -1"><span class='ocrx_word' id='word_1_10' title='bbox 657 1718 772 1787; x_wconf 77' lang='grc' dir='ltr'><strong>ΛΒΤ.</strong></span> <span class='ocrx_word' id='word_1_11' title='bbox 796 1718 826 1788; x_wconf 94' lang='grc' dir='ltr'>Ι.</span> 
     </span>
    </p>
   </div>
   <div class='ocr_carea' id='block_1_5' title="bbox 442 1899 1033 1951">
    <p class='ocr_par' dir='ltr' id='par_1_5' title="bbox 442 1899 1033 1951">
     <span class='ocr_line' id='line_1_5' title="bbox 442 1899 1033 1951; baseline 0.002 -1"><span class='ocrx_word' id='word_1_12' title='bbox 442 1899 809 1951; x_wconf 82' lang='lat' dir='ltr'><strong>ANIMADVERSIONES</strong></span> <span class='ocrx_word' id='word_1_13' title='bbox 831 1901 1033 1951; x_wconf 82' lang='lat' dir='ltr'><strong>PRAEVIAE.</strong></span> 
     </span>
    </p>
   </div>
   <div class='ocr_carea' id='block_1_6' title="bbox 190 2070 1289 3620">
    <p class='ocr_par' dir='ltr' id='par_1_6' title="bbox 190 2070 1289 3266">
     <span class='ocr_line' id='line_1_6' title="bbox 234 2070 1289 2154; baseline -0.001 -20"><span class='ocrx_word' id='word_1_14' title='bbox 234 2070 305 2135; x_wconf 78' lang='grc'><strong>297.</strong></span> <span class='ocrx_word' id='word_1_15' title='bbox 332 2072 513 2136; x_wconf 88' lang='lat' dir='ltr'>“Parochus</span> <span class='ocrx_word' id='word_1_16' title='bbox 539 2073 720 2136; x_wconf 89' lang='lat' dir='ltr'>admonitus</span> <span class='ocrx_word' id='word_1_17' title='bbox 746 2074 784 2137; x_wconf 90' lang='lat' dir='ltr'>de</span> <span class='ocrx_word' id='word_1_18' title='bbox 810 2074 915 2154; x_wconf 90' lang='lat' dir='ltr'>aliquo</span> <span class='ocrx_word' id='word_1_19' title='bbox 941 2073 1143 2135; x_wconf 90' lang='lat' dir='ltr'>matrimonio</span> <span class='ocrx_word' id='word_1_20' title='bbox 1170 2071 1204 2132; x_wconf 91' lang='lat' dir='ltr'>in</span> <span class='ocrx_word' id='word_1_21' title='bbox 1231 2092 1289 2134; x_wconf 91' lang='lat' dir='ltr'>sua</span> 
     </span>
     <span class='ocr_line' id='line_1_7' title="bbox 192 2165 1289 2249; baseline -0.003 -21"><span class='ocrx_word' id='word_1_22' title='bbox 192 2166 339 2247; x_wconf 90' lang='lat' dir='ltr'>parochia</span> <span class='ocrx_word' id='word_1_23' title='bbox 368 2165 589 2242; x_wconf 87' lang='lat' dir='ltr'>contrahendo,</span> <span class='ocrx_word' id='word_1_24' title='bbox 617 2165 756 2249; x_wconf 82' lang='lat' dir='ltr'>primam</span> <span class='ocrx_word' id='word_1_25' title='bbox 784 2170 959 2246; x_wconf 86' lang='lat' dir='ltr'>cognoscat,</span> <span class='ocrx_word' id='word_1_26' title='bbox 988 2213 995 2227; x_wconf 92' lang='lat'><strong>.</strong></span> <span class='ocrx_word' id='word_1_27' title='bbox 1030 2214 1037 2228; x_wconf 94' lang='lat'><strong>.</strong></span> <span class='ocrx_word' id='word_1_28' title='bbox 1066 2171 1173 2227; x_wconf 91' lang='lat' dir='ltr'>utrum</span> <span class='ocrx_word' id='word_1_29' title='bbox 1204 2167 1289 2228; x_wconf 87' lang='lat' dir='ltr'>inter</span> 
     </span>
     <span class='ocr_line' id='line_1_8' title="bbox 192 2258 1289 2339; baseline -0.003 -18"><span class='ocrx_word' id='word_1_30' title='bbox 192 2279 243 2322; x_wconf 85' lang='lat' dir='ltr'>eos</span> <span class='ocrx_word' id='word_1_31' title='bbox 264 2260 307 2322; x_wconf 93' lang='lat' dir='ltr'>sit</span> <span class='ocrx_word' id='word_1_32' title='bbox 327 2259 453 2339; x_wconf 88' lang='lat' dir='ltr'><strong>aliquod</strong></span> <span class='ocrx_word' id='word_1_33' title='bbox 474 2260 660 2322; x_wconf 87' lang='lat' dir='ltr'>canonicum</span> <span class='ocrx_word' id='word_1_34' title='bbox 681 2259 945 2339; x_wconf 90' lang='lat' dir='ltr'>impedimentum</span> <span class='ocrx_word' id='word_1_35' title='bbox 954 2258 984 2335; x_wconf 86' lang='lat'>;&#39;&#39;</span> <span class='ocrx_word' id='word_1_36' title='bbox 1006 2264 1115 2321; x_wconf 88' lang='lat' dir='ltr'>utrum</span> <span class='ocrx_word' id='word_1_37' title='bbox 1136 2262 1289 2338; x_wconf 86' lang='lat' dir='ltr'>“uterquc</span> 
     </span>
     <span class='ocr_line' id='line_1_9' title="bbox 192 2351 1288 2427; baseline 0.001 -14"><span class='ocrx_word' id='word_1_38' title='bbox 192 2353 271 2415; x_wconf 88' lang='lat' dir='ltr'>sciat</span> <span class='ocrx_word' id='word_1_39' title='bbox 296 2352 475 2415; x_wconf 88' lang='lat' dir='ltr'>rudimenta</span> <span class='ocrx_word' id='word_1_40' title='bbox 500 2352 583 2427; x_wconf 90' lang='lat' dir='ltr'>fidei,</span> <span class='ocrx_word' id='word_1_41' title='bbox 607 2372 679 2413; x_wconf 89' lang='lat' dir='ltr'>curn</span> <span class='ocrx_word' id='word_1_42' title='bbox 703 2373 739 2413; x_wconf 89' lang='lat' dir='ltr'>ea</span> <span class='ocrx_word' id='word_1_43' title='bbox 763 2351 876 2414; x_wconf 86' lang='lat' dir='ltr'>deinde</span> <span class='ocrx_word' id='word_1_44' title='bbox 901 2352 981 2414; x_wconf 86' lang='lat' dir='ltr'>tilios</span> <span class='ocrx_word' id='word_1_45' title='bbox 1006 2372 1077 2413; x_wconf 90' lang='lat' dir='ltr'>suos</span> <span class='ocrx_word' id='word_1_46' title='bbox 1101 2352 1209 2414; x_wconf 83' lang='lat' dir='ltr'>docere</span> <span class='ocrx_word' id='word_1_47' title='bbox 1236 2351 1288 2414; x_wconf 88' lang='lat' dir='ltr'>de-</span> 
     </span>
     <span class='ocr_line' id='line_1_10' title="bbox 192 2443 1288 2524; baseline -0.002 -18"><span class='ocrx_word' id='word_1_48' title='bbox 192 2444 316 2507; x_wconf 51' lang='lat' dir='ltr'>beant?</span> <span class='ocrx_word' id='word_1_49' title='bbox 354 2446 498 2508; x_wconf 84' lang='lat' dir='ltr'>Secundo</span> <span class='ocrx_word' id='word_1_50' title='bbox 515 2443 614 2524; x_wconf 85' lang='lat' dir='ltr'>igitur</span> <span class='ocrx_word' id='word_1_51' title='bbox 630 2444 790 2505; x_wconf 89' lang='lat' dir='ltr'>Parochus</span> <span class='ocrx_word' id='word_1_52' title='bbox 808 2463 935 2524; x_wconf 88' lang='lat' dir='ltr'>sponsos</span> <span class='ocrx_word' id='word_1_53' title='bbox 952 2445 984 2506; x_wconf 93' lang='lat' dir='ltr'>in</span> <span class='ocrx_word' id='word_1_54' title='bbox 1002 2446 1144 2507; x_wconf 89' lang='lat' dir='ltr'>doctrina</span> <span class='ocrx_word' id='word_1_55' title='bbox 1162 2445 1288 2507; x_wconf 87' lang='lat' dir='ltr'>christi·</span> 
     </span>
     <span class='ocr_line' id='line_1_11' title="bbox 192 2536 1287 2616; baseline -0.001 -15"><span class='ocrx_word' id='word_1_56' title='bbox 192 2558 251 2601; x_wconf 91' lang='lat' dir='ltr'>ana</span> <span class='ocrx_word' id='word_1_57' title='bbox 280 2540 434 2600; x_wconf 88' lang='lat' dir='ltr'>instruere</span> <span class='ocrx_word' id='word_1_58' title='bbox 460 2537 560 2612; x_wconf 88' lang='lat' dir='ltr'>debet,</span> <span class='ocrx_word' id='word_1_59' title='bbox 588 2536 651 2598; x_wconf 88' lang='lat' dir='ltr'>nisi</span> <span class='ocrx_word' id='word_1_60' title='bbox 679 2537 717 2599; x_wconf 89' lang='lat' dir='ltr'>de</span> <span class='ocrx_word' id='word_1_61' title='bbox 744 2537 801 2599; x_wconf 89' lang='lat' dir='ltr'>hac</span> <span class='ocrx_word' id='word_1_62' title='bbox 831 2538 971 2616; x_wconf 87' lang='lat' dir='ltr'>ipsorum</span> <span class='ocrx_word' id='word_1_63' title='bbox 998 2539 1127 2600; x_wconf 90' lang='lat' dir='ltr'>scientia</span> <span class='ocrx_word' id='word_1_64' title='bbox 1155 2542 1287 2601; x_wconf 85' lang='lat' dir='ltr'>constet.</span> 
     </span>
     <span class='ocr_line' id='line_1_12' title="bbox 194 2629 1288 2711; baseline 0 -19"><span class='ocrx_word' id='word_1_65' title='bbox 194 2631 300 2694; x_wconf 83' lang='lat' dir='ltr'>Tertio</span> <span class='ocrx_word' id='word_1_66' title='bbox 326 2632 408 2711; x_wconf 89' lang='lat' dir='ltr'>ipsos</span> <span class='ocrx_word' id='word_1_67' title='bbox 433 2632 588 2692; x_wconf 89' lang='lat' dir='ltr'>instruere</span> <span class='ocrx_word' id='word_1_68' title='bbox 613 2630 704 2692; x_wconf 89' lang='lat' dir='ltr'>debet</span> <span class='ocrx_word' id='word_1_69' title='bbox 729 2629 905 2710; x_wconf 75' lang='lat' dir='ltr'>specialiter</span> <span class='ocrx_word' id='word_1_70' title='bbox 931 2631 968 2692; x_wconf 90' lang='lat' dir='ltr'>dc</span> <span class='ocrx_word' id='word_1_71' title='bbox 995 2633 1060 2710; x_wconf 86' lang='lat' dir='ltr'>ipso</span> <span class='ocrx_word' id='word_1_72' title='bbox 1084 2633 1288 2692; x_wconf 86' lang='lat' dir='ltr'>matrimonio</span> 
     </span>
     <span class='ocr_line' id='line_1_13' title="bbox 191 2723 1288 2804; baseline 0 -19"><span class='ocrx_word' id='word_1_73' title='bbox 191 2723 366 2804; x_wconf 87' lang='lat' dir='ltr'>“quomodo</span> <span class='ocrx_word' id='word_1_74' title='bbox 379 2725 413 2785; x_wconf 92' lang='lat' dir='ltr'>in</span> <span class='ocrx_word' id='word_1_75' title='bbox 428 2745 463 2786; x_wconf 88' lang='lat' dir='ltr'>co</span> <span class='ocrx_word' id='word_1_76' title='bbox 478 2728 560 2785; x_wconf 90' lang='lat' dir='ltr'>recte</span> <span class='ocrx_word' id='word_1_77' title='bbox 575 2729 607 2785; x_wconf 88' lang='lat' dir='ltr'>ct</span> <span class='ocrx_word' id='word_1_78' title='bbox 619 2723 789 2784; x_wconf 80' lang='lat' dir='ltr'><strong>christiane</strong></span> <span class='ocrx_word' id='word_1_79' title='bbox 804 2724 978 2784; x_wconf 81' lang='lat' dir='ltr'>conversari</span> <span class='ocrx_word' id='word_1_80' title='bbox 995 2723 1158 2799; x_wconf 83' lang='lat' dir='ltr'>dcheunt‚”</span> <span class='ocrx_word' id='word_1_81' title='bbox 1174 2745 1288 2804; x_wconf 82' lang='lat' dir='ltr'>nempe</span> 
     </span>
     <span class='ocr_line' id='line_1_14' title="bbox 191 2815 1287 2896; baseline -0.001 -17"><span class='ocrx_word' id='word_1_82' title='bbox 191 2817 230 2879; x_wconf 92' lang='lat' dir='ltr'>de</span> <span class='ocrx_word' id='word_1_83' title='bbox 254 2816 496 2895; x_wconf 77' lang='lat' dir='ltr'>obligationibus</span> <span class='ocrx_word' id='word_1_84' title='bbox 519 2815 692 2895; x_wconf 85' lang='lat' dir='ltr'>conjugum</span> <span class='ocrx_word' id='word_1_85' title='bbox 715 2835 787 2895; x_wconf 85' lang='lat' dir='ltr'>erga</span> <span class='ocrx_word' id='word_1_86' title='bbox 811 2836 842 2876; x_wconf 89' lang='lat' dir='ltr'>sc</span> <span class='ocrx_word' id='word_1_87' title='bbox 866 2816 998 2877; x_wconf 82' lang='lat' dir='ltr'>invicem</span> <span class='ocrx_word' id='word_1_88' title='bbox 1021 2822 1052 2879; x_wconf 86' lang='lat' dir='ltr'>ct</span> <span class='ocrx_word' id='word_1_89' title='bbox 1076 2817 1194 2896; x_wconf 85' lang='lat' dir='ltr'>prolem</span> <span class='ocrx_word' id='word_1_90' title='bbox 1220 2837 1287 2878; x_wconf 86' lang='lat' dir='ltr'>sus-</span> 
     </span>
     <span class='ocr_line' id='line_1_15' title="bbox 191 2907 1287 2989; baseline 0 -18"><span class='ocrx_word' id='word_1_91' title='bbox 191 2909 377 2989; x_wconf 87' lang='lat' dir='ltr'>cipiendam.</span> <span class='ocrx_word' id='word_1_92' title='bbox 431 2908 549 2984; x_wconf 82' lang='lat' dir='ltr'>Quarto</span> <span class='ocrx_word' id='word_1_93' title='bbox 580 2907 829 2969; x_wconf 88' lang='lat' dir='ltr'>“admoncantur</span> <span class='ocrx_word' id='word_1_94' title='bbox 860 2908 1019 2986; x_wconf 81' lang='lat' dir='ltr'>conjuges,</span> <span class='ocrx_word' id='word_1_95' title='bbox 1051 2915 1086 2970; x_wconf 90' lang='lat' dir='ltr'>ut</span> <span class='ocrx_word' id='word_1_96' title='bbox 1118 2913 1287 2988; x_wconf 86' lang='lat' dir='ltr'>antequam</span> 
     </span>
     <span class='ocr_line' id='line_1_16' title="bbox 191 2999 1286 3080; baseline 0.001 -18"><span class='ocrx_word' id='word_1_97' title='bbox 191 3001 389 3075; x_wconf 82' lang='lat' dir='ltr'>contrahant,</span> <span class='ocrx_word' id='word_1_98' title='bbox 416 3021 472 3061; x_wconf 83' lang='lat' dir='ltr'>sua</span> <span class='ocrx_word' id='word_1_99' title='bbox 500 3005 625 3080; x_wconf 85' lang='lat' dir='ltr'>peccata</span> <span class='ocrx_word' id='word_1_100' title='bbox 653 2999 821 3077; x_wconf 77' lang='lat' dir='ltr'>diiigenter</span> <span class='ocrx_word' id='word_1_101' title='bbox 848 3002 1068 3062; x_wconf 77' lang='lat' dir='ltr'>confiteantur¹</span> <span class='ocrx_word' id='word_1_102' title='bbox 1097 3009 1128 3064; x_wconf 87' lang='lat' dir='ltr'>ct</span> <span class='ocrx_word' id='word_1_103' title='bbox 1156 3003 1194 3065; x_wconf 90' lang='lat' dir='ltr'>ad</span> <span class='ocrx_word' id='word_1_104' title='bbox 1227 3004 1286 3064; x_wconf 74' lang='lat' dir='ltr'>SS.</span> 
     </span>
     <span class='ocr_line' id='line_1_17' title="bbox 190 3090 1288 3175; baseline 0.003 -20"><span class='ocrx_word' id='word_1_105' title='bbox 190 3093 422 3156; x_wconf 79' lang='lat' dir='ltr'>Eucharistiam</span> <span class='ocrx_word' id='word_1_106' title='bbox 450 3098 541 3173; x_wconf 86' lang='lat' dir='ltr'>atque</span> <span class='ocrx_word' id='word_1_107' title='bbox 569 3093 607 3153; x_wconf 91' lang='lat' dir='ltr'>ad</span> <span class='ocrx_word' id='word_1_108' title='bbox 636 3090 832 3155; x_wconf 76' lang='lat' dir='ltr'>matrimonii</span> <span class='ocrx_word' id='word_1_109' title='bbox 858 3099 1089 3156; x_wconf 85' lang='lat' dir='ltr'>sacramentum</span> <span class='ocrx_word' id='word_1_110' title='bbox 1114 3096 1288 3175; x_wconf 86' lang='lat' dir='ltr'>suscipien-</span> 
     </span>
     <span class='ocr_line' id='line_1_18' title="bbox 191 3183 554 3266; baseline 0 -19"><span class='ocrx_word' id='word_1_111' title='bbox 191 3187 266 3248; x_wconf 91' lang='lat' dir='ltr'>dum</span> <span class='ocrx_word' id='word_1_112' title='bbox 289 3187 339 3266; x_wconf 81' lang='lat' dir='ltr'>pie</span> <span class='ocrx_word' id='word_1_113' title='bbox 362 3183 554 3248; x_wconf 83' lang='lat' dir='ltr'>accedant.&#39;&#39;²</span> 
     </span>
    </p>

    <p class='ocr_par' dir='ltr' id='par_1_7' title="bbox 192 3278 1289 3620">
     <span class='ocr_line' id='line_1_19' title="bbox 234 3278 1289 3358; baseline 0.003 -17"><span class='ocrx_word' id='word_1_114' title='bbox 234 3284 261 3341; x_wconf 79' lang='lat'>2.</span> <span class='ocrx_word' id='word_1_115' title='bbox 282 3280 365 3341; x_wconf 81' lang='lat' dir='ltr'>“Ter</span> <span class='ocrx_word' id='word_1_116' title='bbox 384 3300 401 3340; x_wconf 91' lang='lat' dir='ltr'>a</span> <span class='ocrx_word' id='word_1_117' title='bbox 420 3278 546 3358; x_wconf 89' lang='lat' dir='ltr'>proprio</span> <span class='ocrx_word' id='word_1_118' title='bbox 563 3278 817 3340; x_wconf 77' lang='lat' dir='ltr'>contrahentium</span> <span class='ocrx_word' id='word_1_119' title='bbox 838 3279 977 3343; x_wconf 88' lang='lat' dir='ltr'>Parocho</span> <span class='ocrx_word' id='word_1_120' title='bbox 997 3281 1155 3342; x_wconf 85' lang='lat' dir='ltr'>continuis</span> <span class='ocrx_word' id='word_1_121' title='bbox 1175 3281 1289 3344; x_wconf 85' lang='lat' dir='ltr'>diebus</span> 
     </span>
     <span class='ocr_line' id='line_1_20' title="bbox 192 3370 1282 3438; baseline 0.004 -4"><span class='ocrx_word' id='word_1_122' title='bbox 192 3373 281 3435; x_wconf 86' lang='lat' dir='ltr'>festis</span> <span class='ocrx_word' id='word_1_123' title='bbox 298 3374 331 3433; x_wconf 95' lang='lat' dir='ltr'>in</span> <span class='ocrx_word' id='word_1_124' title='bbox 349 3370 486 3433; x_wconf 81' lang='lat' dir='ltr'>Ecclesia</span> <span class='ocrx_word' id='word_1_125' title='bbox 503 3372 587 3433; x_wconf 91' lang='lat' dir='ltr'>iutra</span> <span class='ocrx_word' id='word_1_126' title='bbox 605 3371 774 3431; x_wconf 81' lang='lat' dir='ltr'>Missurum</span> <span class='ocrx_word' id='word_1_127' title='bbox 793 3372 944 3433; x_wconf 88' lang='lat' dir='ltr'>solemnia</span> <span class='ocrx_word' id='word_1_128' title='bbox 963 3372 1199 3434; x_wconf 82' lang='lat' dir='ltr'>denuntientur.</span> <span class='ocrx_word' id='word_1_129' title='bbox 1230 3423 1237 3435; x_wconf 91' lang='lat'><em>.</em></span> <span class='ocrx_word' id='word_1_130' title='bbox 1274 3424 1282 3438; x_wconf 93' lang='lat'>.</span> 
     </span>
     <span class='ocr_line' id='line_1_21' title="bbox 194 3462 1288 3548; baseline 0.002 -21"><span class='ocrx_word' id='word_1_131' title='bbox 194 3465 228 3527; x_wconf 84' lang='lat' dir='ltr'>si</span> <span class='ocrx_word' id='word_1_132' title='bbox 245 3486 315 3527; x_wconf 84' lang='lat' dir='ltr'>vero</span> <span class='ocrx_word' id='word_1_133' title='bbox 332 3465 379 3525; x_wconf 85' lang='lat' dir='ltr'>vir</span> <span class='ocrx_word' id='word_1_134' title='bbox 394 3468 425 3526; x_wconf 88' lang='lat' dir='ltr'>ct</span> <span class='ocrx_word' id='word_1_135' title='bbox 442 3464 555 3525; x_wconf 77' lang='lat' dir='ltr'>mulier</span> <span class='ocrx_word' id='word_1_136' title='bbox 571 3462 735 3543; x_wconf 81' lang='lat' dir='ltr'>parochiae</span> <span class='ocrx_word' id='word_1_137' title='bbox 753 3463 816 3525; x_wconf 88' lang='lat' dir='ltr'>sint</span> <span class='ocrx_word' id='word_1_138' title='bbox 833 3463 982 3539; x_wconf 87' lang='lat' dir='ltr'>diversae,</span> <span class='ocrx_word' id='word_1_139' title='bbox 1000 3466 1032 3526; x_wconf 92' lang='lat' dir='ltr'>in</span> <span class='ocrx_word' id='word_1_140' title='bbox 1049 3469 1181 3546; x_wconf 88' lang='lat' dir='ltr'>utraque</span> <span class='ocrx_word' id='word_1_141' title='bbox 1195 3487 1288 3548; x_wconf 88' lang='lat' dir='ltr'>paro-</span> 
     </span>
     <span class='ocr_line' id='line_1_22' title="bbox 192 3553 682 3620; baseline -0.006 -1"><span class='ocrx_word' id='word_1_142' title='bbox 192 3560 260 3620; x_wconf 86' lang='lat' dir='ltr'>chia</span> <span class='ocrx_word' id='word_1_143' title='bbox 284 3558 360 3618; x_wconf 90' lang='lat' dir='ltr'>fiant</span> <span class='ocrx_word' id='word_1_144' title='bbox 384 3553 682 3618; x_wconf 84' lang='lat' dir='ltr'>denuntiationes.&#39;&#39;⁸</span> 
     </span>
    </p>
   </div>
   <div class='ocr_carea' id='block_1_7' title="bbox 190 3742 1287 4418">
    <p class='ocr_par' dir='ltr' id='par_1_8' title="bbox 190 3742 1287 4038">
     <span class='ocr_line' id='line_1_23' title="bbox 223 3742 1284 3810; baseline 0.008 -18"><span class='ocrx_word' id='word_1_145' title='bbox 223 3743 406 3808; x_wconf 80' lang='lat' dir='ltr'>1Plerumque</span> <span class='ocrx_word' id='word_1_146' title='bbox 423 3742 559 3795; x_wconf 82' lang='lat' dir='ltr'>confessio</span> <span class='ocrx_word' id='word_1_147' title='bbox 575 3742 711 3807; x_wconf 78' lang='lat' dir='ltr'>generalis</span> <span class='ocrx_word' id='word_1_148' title='bbox 794 3743 877 3792; x_wconf 82' lang='lat' dir='ltr'>³“Si</span> <span class='ocrx_word' id='word_1_149' title='bbox 894 3743 954 3808; x_wconf 84' lang='lat' dir='ltr'>quis</span> <span class='ocrx_word' id='word_1_150' title='bbox 974 3745 1113 3808; x_wconf 77' lang='lat' dir='ltr'>Sacerdos,</span> <span class='ocrx_word' id='word_1_151' title='bbox 1131 3746 1212 3810; x_wconf 84' lang='lat' dir='ltr'>eujus</span> <span class='ocrx_word' id='word_1_152' title='bbox 1230 3749 1284 3800; x_wconf 86' lang='lat' dir='ltr'>erit</span> 
     </span>
     <span class='ocr_line' id='line_1_24' title="bbox 190 3818 1287 3885; baseline 0.009 -19"><span class='ocrx_word' id='word_1_153' title='bbox 190 3819 297 3869; x_wconf 82' lang='lat' dir='ltr'>suaderi</span> <span class='ocrx_word' id='word_1_154' title='bbox 330 3823 429 3885; x_wconf 83' lang='lat' dir='ltr'>potest,</span> <span class='ocrx_word' id='word_1_155' title='bbox 460 3820 585 3884; x_wconf 87' lang='lat' dir='ltr'>pluribus</span> <span class='ocrx_word' id='word_1_156' title='bbox 615 3818 711 3869; x_wconf 80' lang='lat' dir='ltr'>dicbus</span> <span class='ocrx_word' id='word_1_157' title='bbox 760 3819 933 3871; x_wconf 89' lang='lat' dir='ltr'>matrimonio</span> <span class='ocrx_word' id='word_1_158' title='bbox 952 3822 1088 3884; x_wconf 85' lang='lat' dir='ltr'>assistere,</span> <span class='ocrx_word' id='word_1_159' title='bbox 1108 3824 1175 3874; x_wconf 82' lang='lat' dir='ltr'>adeo</span> <span class='ocrx_word' id='word_1_160' title='bbox 1195 3823 1287 3876; x_wconf 85' lang='lat' dir='ltr'>fuerit</span> 
     </span>
     <span class='ocr_line' id='line_1_25' title="bbox 191 3893 1285 3960; baseline 0.005 -15"><span class='ocrx_word' id='word_1_161' title='bbox 191 3899 255 3945; x_wconf 89' lang='lat' dir='ltr'>ante</span> <span class='ocrx_word' id='word_1_162' title='bbox 272 3895 383 3959; x_wconf 80' lang='lat' dir='ltr'>nuptias</span> <span class='ocrx_word' id='word_1_163' title='bbox 401 3894 531 3946; x_wconf 77' lang='lat' dir='ltr'>facienda</span> <span class='ocrx_word' id='word_1_164' title='bbox 546 3896 581 3945; x_wconf 93' lang='lat' dir='ltr'>ob</span> <span class='ocrx_word' id='word_1_165' title='bbox 599 3893 709 3960; x_wconf 88' lang='lat' dir='ltr'>impedi·</span> <span class='ocrx_word' id='word_1_166' title='bbox 759 3895 801 3944; x_wconf 87' lang='lat' dir='ltr'>sni</span> <span class='ocrx_word' id='word_1_167' title='bbox 822 3896 911 3946; x_wconf 85' lang='lat' dir='ltr'>sancti</span> <span class='ocrx_word' id='word_1_168' title='bbox 931 3897 1012 3947; x_wconf 84' lang='lat' dir='ltr'>officii</span> <span class='ocrx_word' id='word_1_169' title='bbox 1034 3898 1172 3949; x_wconf 88' lang='lat' dir='ltr'>immernor</span> <span class='ocrx_word' id='word_1_170' title='bbox 1191 3904 1222 3949; x_wconf 92' lang='lat' dir='ltr'>ut</span> <span class='ocrx_word' id='word_1_171' title='bbox 1245 3916 1285 3952; x_wconf 82' lang='lat' dir='ltr'>re·</span> 
     </span>
     <span class='ocr_line' id='line_1_26' title="bbox 191 3970 1285 4038; baseline 0.007 -18"><span class='ocrx_word' id='word_1_172' title='bbox 191 3976 282 4022; x_wconf 85' lang='lat' dir='ltr'>menta</span> <span class='ocrx_word' id='word_1_173' title='bbox 298 3973 404 4022; x_wconf 71' lang='lat' dir='ltr'>occulta</span> <span class='ocrx_word' id='word_1_174' title='bbox 421 3970 515 4022; x_wconf 80' lang='lat' dir='ltr'>forsan</span> <span class='ocrx_word' id='word_1_175' title='bbox 533 3972 693 4034; x_wconf 68' lang='lat' dir='ltr'>detegenda.</span> <span class='ocrx_word' id='word_1_176' title='bbox 759 3975 834 4021; x_wconf 79' lang='lat' dir='ltr'>cusat</span> <span class='ocrx_word' id='word_1_177' title='bbox 883 3974 1086 4024; x_wconf 83' lang='lat' dir='ltr'>matrimonium</span> <span class='ocrx_word' id='word_1_178' title='bbox 1136 3976 1285 4038; x_wconf 79' lang='lat' dir='ltr'>celebrare,</span> 
     </span>
    </p>

    <p class='ocr_par' dir='ltr' id='par_1_9' title="bbox 191 4047 1287 4418">
     <span class='ocr_line' id='line_1_27' title="bbox 227 4047 1286 4115; baseline 0.008 -18"><span class='ocrx_word' id='word_1_179' title='bbox 227 4047 292 4097; x_wconf 63' lang='lat'>201.</span> <span class='ocrx_word' id='word_1_180' title='bbox 310 4047 573 4098; x_wconf 79' lang='lat' dir='ltr'>Heissdematrim.</span> <span class='ocrx_word' id='word_1_181' title='bbox 592 4047 605 4109; x_wconf 70' lang='lat' dir='ltr'>t</span> <span class='ocrx_word' id='word_1_182' title='bbox 624 4048 710 4097; x_wconf 78' lang='lat'><strong>67-70.</strong></span> <span class='ocrx_word' id='word_1_183' title='bbox 759 4047 812 4096; x_wconf 83' lang='lat' dir='ltr'>nisi</span> <span class='ocrx_word' id='word_1_184' title='bbox 847 4049 961 4099; x_wconf 83' lang='lat' dir='ltr'>obtenta</span> <span class='ocrx_word' id='word_1_185' title='bbox 993 4051 1070 4115; x_wconf 86' lang='lat' dir='ltr'>prius</span> <span class='ocrx_word' id='word_1_186' title='bbox 1103 4056 1151 4102; x_wconf 89' lang='lat' dir='ltr'>aut</span> <span class='ocrx_word' id='word_1_187' title='bbox 1185 4052 1286 4104; x_wconf 87' lang='lat' dir='ltr'>saltem</span> 
     </span>
     <span class='ocr_line' id='line_1_28' title="bbox 192 4123 1287 4192; baseline 0.008 -20"><span class='ocrx_word' id='word_1_188' title='bbox 192 4123 318 4189; x_wconf 76' lang='lat' dir='ltr'>Konings</span> <span class='ocrx_word' id='word_1_189' title='bbox 358 4139 443 4188; x_wconf 80' lang='lat' dir='ltr'>comp.</span> <span class='ocrx_word' id='word_1_190' title='bbox 485 4139 510 4174; x_wconf 91' lang='lat' dir='ltr'>n.</span> <span class='ocrx_word' id='word_1_191' title='bbox 555 4123 711 4173; x_wconf 71' lang='lat' dir='ltr'>lota-in-</span> <span class='ocrx_word' id='word_1_192' title='bbox 761 4123 894 4188; x_wconf 84' lang='lat' dir='ltr'>promissa</span> <span class='ocrx_word' id='word_1_193' title='bbox 916 4130 991 4176; x_wconf 86' lang='lat' dir='ltr'>certa</span> <span class='ocrx_word' id='word_1_194' title='bbox 1012 4129 1129 4189; x_wconf 85' lang='lat' dir='ltr'>quadam</span> <span class='ocrx_word' id='word_1_195' title='bbox 1152 4129 1287 4192; x_wconf 83' lang='lat' dir='ltr'>pecuniae</span> 
     </span>
     <span class='ocr_line' id='line_1_29' title="bbox 192 4199 1286 4267; baseline 0.005 -18"><span class='ocrx_word' id='word_1_196' title='bbox 192 4203 287 4250; x_wconf 85' lang='lat' dir='ltr'>struet.</span> <span class='ocrx_word' id='word_1_197' title='bbox 309 4215 466 4265; x_wconf 83' lang='lat' dir='ltr'>sponsorum</span> <span class='ocrx_word' id='word_1_198' title='bbox 487 4200 582 4261; x_wconf 61' lang='lat' dir='ltr'>lingua</span> <span class='ocrx_word' id='word_1_199' title='bbox 604 4199 713 4261; x_wconf 67' lang='lat' dir='ltr'>anglica</span> <span class='ocrx_word' id='word_1_200' title='bbox 761 4215 873 4262; x_wconf 86' lang='lat' dir='ltr'>summa,</span> <span class='ocrx_word' id='word_1_201' title='bbox 896 4202 938 4250; x_wconf 81' lang='lat' dir='ltr'>vel</span> <span class='ocrx_word' id='word_1_202' title='bbox 960 4203 1017 4252; x_wconf 78' lang='lat' dir='ltr'>alia</span> <span class='ocrx_word' id='word_1_203' title='bbox 1040 4218 1068 4253; x_wconf 82' lang='lat' dir='ltr'>re</span> <span class='ocrx_word' id='word_1_204' title='bbox 1091 4205 1179 4267; x_wconf 74' lang='lat' dir='ltr'>pretio</span> <span class='ocrx_word' id='word_1_205' title='bbox 1202 4207 1286 4254; x_wconf 86' lang='lat' dir='ltr'>aesti-</span> 
     </span>
     <span class='ocr_line' id='line_1_30' title="bbox 191 4276 1286 4342; baseline 0.005 -18"><span class='ocrx_word' id='word_1_206' title='bbox 191 4277 345 4340; x_wconf 82' lang='lat' dir='ltr'>conscripta</span> <span class='ocrx_word' id='word_1_207' title='bbox 367 4277 401 4326; x_wconf 90' lang='lat' dir='ltr'>ad</span> <span class='ocrx_word' id='word_1_208' title='bbox 424 4291 499 4324; x_wconf 86' lang='lat' dir='ltr'>usum</span> <span class='ocrx_word' id='word_1_209' title='bbox 521 4277 711 4325; x_wconf 84' lang='lat' dir='ltr'>Parochorruu.</span> <span class='ocrx_word' id='word_1_210' title='bbox 761 4276 864 4339; x_wconf 76' lang='lat' dir='ltr'>matriti,</span> <span class='ocrx_word' id='word_1_211' title='bbox 894 4279 1095 4342; x_wconf 82' lang='lat' dir='ltr'>suspensionem</span> <span class='ocrx_word' id='word_1_212' title='bbox 1126 4295 1174 4328; x_wconf 87' lang='lat' dir='ltr'>suo</span> <span class='ocrx_word' id='word_1_213' title='bbox 1205 4280 1286 4331; x_wconf 88' lang='lat' dir='ltr'>Ordi-</span> 
     </span>
     <span class='ocr_line' id='line_1_31' title="bbox 194 4351 1285 4418; baseline 0.006 -19"><span class='ocrx_word' id='word_1_214' title='bbox 194 4351 294 4401; x_wconf 75' lang='lat' dir='ltr'>Eadem</span> <span class='ocrx_word' id='word_1_215' title='bbox 322 4351 464 4401; x_wconf 83' lang='lat' dir='ltr'>instructio</span> <span class='ocrx_word' id='word_1_216' title='bbox 490 4351 585 4412; x_wconf 62' lang='lat' dir='ltr'>lingna</span> <span class='ocrx_word' id='word_1_217' title='bbox 611 4366 713 4411; x_wconf 61' lang='lat' dir='ltr'>‹gorma-</span> <span class='ocrx_word' id='word_1_218' title='bbox 760 4353 1016 4404; x_wconf 81' lang='lat' dir='ltr'>nurioroscrvatam</span> <span class='ocrx_word' id='word_1_219' title='bbox 1033 4355 1090 4418; x_wconf 82' lang='lat' dir='ltr'>ipso</span> <span class='ocrx_word' id='word_1_220' title='bbox 1106 4356 1285 4406; x_wconf 84' lang='lat' dir='ltr'>factoincur·</span> 
     </span>
    </p>
   </div>
   <div class='ocr_carea' id='block_1_8' title="bbox 192 4426 1195 4567">
    <p class='ocr_par' dir='ltr' id='par_1_10' title="bbox 192 4426 1195 4567">
     <span class='ocr_line' id='line_1_32' title="bbox 193 4426 1195 4493; baseline 0.009 -20"><span class='ocrx_word' id='word_1_221' title='bbox 193 4427 432 4492; x_wconf 83' lang='lat' dir='ltr'>nicaconscripta.</span> <span class='ocrx_word' id='word_1_222' title='bbox 475 4427 520 4484; x_wconf 79' lang='lat' dir='ltr'>(B.</span> <span class='ocrx_word' id='word_1_223' title='bbox 540 4427 654 4486; x_wconf 63' lang='lat' dir='ltr'>iterator,</span> <span class='ocrx_word' id='word_1_224' title='bbox 673 4426 713 4476; x_wconf 76' lang='lat' dir='ltr'>St.</span> <span class='ocrx_word' id='word_1_225' title='bbox 760 4429 842 4478; x_wconf 84' lang='lat' dir='ltr'>rat.&#39;&#39;</span> <span class='ocrx_word' id='word_1_226' title='bbox 878 4428 1118 4493; x_wconf 75' lang='lat' dir='ltr'>Syn.l‘tcn.llib.</span> <span class='ocrx_word' id='word_1_227' title='bbox 1139 4434 1195 4482; x_wconf 84' lang='lat' dir='ltr'>iil.</span> 
     </span>
     <span class='ocr_line' id='line_1_33' title="bbox 192 4501 376 4567; baseline 0.016 -17"><span class='ocrx_word' id='word_1_228' title='bbox 192 4501 282 4562; x_wconf 85' lang='lat' dir='ltr'>Louis,</span> <span class='ocrx_word' id='word_1_229' title='bbox 306 4503 376 4567; x_wconf 81' lang='lat' dir='ltr'>Mo.)</span> 
     </span>
    </p>
   </div>
   <div class='ocr_carea' id='block_1_9' title="bbox 0 0 1406 4890">
    <p class='ocr_par' dir='ltr' id='par_1_11' title="bbox 0 0 1406 4890">
     <span class='ocr_line' id='line_1_34' title="bbox 0 0 1406 4890; baseline 0 0"><span class='ocrx_word' id='word_1_230' title='bbox 0 0 1406 4890; x_wconf 95' lang='lat' dir='ltr'> </span> 
     </span>
    </p>
   </div>
  </div>
 </body>
</html>
