2804 4890
224 691 287 757 296
441 703 495 761 ΒΕ
518 704 639 762 FERIA
661 707 697 765 V.
721 708 763 762 IN
787 707 920 765 OOENA
941 708 1100 767 DOMINI.

229 877 331 939 hostia
345 878 379 939 in
394 877 460 941 loco
475 899 541 954 su0,
556 888 671 959 etpost
687 880 791 942 calicis
806 881 999 944 ablutionem
1015 889 1045 945 et
1060 885 1267 948 extersionem
1283 886 1316 948 in

228 990 263 1034 eo
281 971 420 1051 ponitur.
466 971 569 1053 Digiti
586 972 699 1036 deinde
718 975 750 1034 in
769 974 830 1036 alio
848 995 917 1036 vase
935 974 1082 1038 abluendi
1101 980 1199 1039 sunt.²

267 1069 297 1126 4.
321 1063 486 1145 “Accipiat
504 1065 662 1145 pyxidem,
681 1071 711 1128 et
732 1068 822 1147 ponit
839 1089 907 1132 eam
927 1072 999 1130 ante
1018 1070 1146 1132 calicem
1165 1071 1318 1134 velatum:

226 1157 434 1239 discooperit'’
450 1163 483 1221 et
497 1164 573 1221 tunc
586 1179 671 1223 more
684 1159 786 1236 solito,
800 1161 885 1224 dicto
900 1161 1070 1240 Confiteor,
1082 1177 1139 1225 etc.
1156 1164 1213 1225 “tit
1230 1165 1320 1226 Com-

228 1249 339 1312 munio
357 1247 540 1313 clericorum
561 1249 644 1329 apud
666 1249 785 1322 Altare,
805 1250 918 1315 deinde
939 1252 1078 1313 virorum
1098 1263 1129 1317 et
1149 1254 1316 1314 mulierum

228 1339 269 1403 ad
287 1339 469 1404 caucellos?

268 1437 296 1497 5.
320 1433 463 1498 “Deinde
479 1435 581 1500 dicto:
596 1436 689 1514 Quod
705 1456 767 1510 ore,
784 1441 841 1500 etc.
858 1457 890 1503 se
906 1438 1063 1519 purificat,
1078 1443 1109 1501 et
1125 1439 1209 1501 lacta
1224 1458 1319 1519 genu-

229 1520 372 1600 flexione,
387 1524 488 1586 abluit
503 1524 619 1605 digitos
635 1545 728 1605 super
742 1526 869 1588 calicem
885 1531 917 1588 et
931 1547 1024 1607 super
1039 1527 1147 1589 Altare
1163 1527 1201 1589 de
1216 1547 1317 1588 more:

229 1620 262 1680 et
285 1616 466 1681 reaccedens
490 1618 530 1680 ed
555 1618 705 1694 medium,
728 1619 922 1699 genuflectit,
947 1627 979 1685 et
1004 1622 1101 1683 sumit
1126 1620 1317 1682 ablutionem

229 1708 413 1791 digitorum.
458 1710 548 1773 Calix
575 1711 688 1774 Missae
714 1712 856 1775 defertur
881 1713 919 1775 ad
945 1712 1158 1776 credentiam''
1183 1715 1209 1775 si
1236 1712 1318 1774 adsit

229 1802 360 1866 clericus
374 1803 547 1868 ordinatus.

274 1899 302 1958 6.
325 1895 572 1959 “Accenduntur
602 1899 681 1960 cerei
714 1900 747 1960 in
779 1898 890 1960 sacello
923 1898 1105 1978 Sepulchri:
1137 1898 1318 1978 disponitur

229 1987 461 2065 baldachinum,
480 1991 543 2053 sive
563 1991 708 2063 umbella,
726 1997 758 2054 et
776 1991 1013 2054 distribuuntur
1031 1993 1110 2054 cerei
1131 2011 1187 2072 pro
1206 1990 1318 2053 sodali-

230 2081 297 2157 bus,
312 2083 338 2143 si
353 2082 468 2158 adsint,
483 2083 529 2145 vel
545 2083 729 2146 cultioribus
745 2084 782 2145 de
798 2083 944 2163 populo.''

273 2177 301 2238 l.
324 2174 512 2238 “celebrans
526 2176 725 2256 prosequitur
739 2176 899 2246 Missam,’'
915 2177 945 2236 in
961 2196 1020 2256 qua
1034 2175 1207 2240 observabit
1221 2177 1319 2238 ritum

229 2287 334 2332 coram
353 2267 558 2332 sanctissimo
574 2268 713 2348 exposito
730 2268 926 2329 servandum.

272 2365 301 2423 8.
325 2360 513 2423 “Celebrans
529 2360 682 2440 completa
698 2360 795 2422 Missa
811 2361 928 2422 accedit
945 2361 983 2422 ad
1001 2360 1149 2429 medium,
1165 2359 1319 2440 genuflec-

230 2454 281 2530 tit,
298 2459 329 2517 et
345 2474 401 2533 per
416 2454 586 2516 breviorem
603 2452 763 2515 descendit
779 2453 818 2515 ad
836 2453 966 2533 planum
984 2453 1152 2533 Epistolae.
1199 2453 1246 2513 Ibi
1266 2472 1320 2531 per

231 2567 343 2609 munus
359 2546 542 2609 clericorum
560 2546 690 2626 deponit
707 2547 865 2626 planetam
883 2549 915 2610 et
932 2546 1140 2626 manipulum,
1157 2551 1189 2607 et
1206 2544 1319 2624 accipit

231 2639 368 2722 pluviale
383 2639 446 2701 albi
460 2637 603 2705 coloris.''

573 2880 608 2945 B.
641 2880 686 2944 De
708 2881 806 2944 Missa
828 2880 974 2944 Solemni.

276 3067 345 3132 182.
369 3067 536 3133 Celebrans
563 3069 703 3133 observat
730 3088 816 3130 num.
845 3089 945 3149 praec.
975 3074 1090 3131 notata.
1141 3069 1228 3129 “Pax
1257 3088 1318 3128 non

232 3164 381 3226 datur.'’³
426 3163 536 3243 Itaque
560 3163 717 3225 Diaconus
739 3168 770 3225 et
795 3163 1011 3223 Subcliuconus
1035 3172 1104 3242 post
1126 3163 1237 3243 Aquas
1261 3162 1320 3223 Dei

234 3261 416 3337 permutant
438 3256 513 3318 loca.

275 3353 303 3413 2.
327 3349 426 3412 Paulo
442 3354 515 3412 ante
530 3350 664 3413 Domine
681 3373 743 3414 ooo
759 3371 829 3412 sam
846 3350 960 3428 diprms
978 3348 1257 3420 Caeremoniarius,
1274 3345 1320 3407 vel

234 3445 301 3524 ipso
317 3442 480 3505 deficiente
497 3444 722 3516 Subdiucorms,
739 3448 844 3522 portat
859 3462 896 3502 ex
913 3441 1071 3502 credentia
1087 3440 1214 3501 calicem
1232 3458 1319 3498 vacu-

234 3556 285 3597 um
303 3557 374 3598 cum
390 3536 473 3616 palla
488 3540 545 3597 etc.
562 3548 593 3597 ct
610 3537 698 3615 ponit
714 3555 806 3614 super
822 3534 930 3595 Alture
948 3537 979 3594 in
997 3535 1093 3595 latere
1110 3534 1277 3612 Epistolae.

275 3633 303 3692 3.
328 3630 403 3692 Post
424 3629 633 3707 sumptionem
658 3629 829 3706 Sanguinis
853 3626 1069 3688 subdiaconus
1090 3625 1216 3687 calicem
1239 3623 1321 3704 pulla

232 3724 380 3803 cooperit,
398 3727 429 3785 et
447 3723 529 3783 lacta
547 3721 763 3799 genuflexione
782 3721 896 3782 transit
914 3720 953 3781 ad
973 3721 1144 3787 sinistram,
1165 3718 1320 3779 Diacorms

233 3816 270 3877 ad
288 3817 431 3878 dextram
449 3815 650 3876 (lelebrmrtis.
696 3814 785 3873 'l'unc
801 3812 1018 3890 genuflectunt
1034 3813 1127 3873 simul
1146 3831 1217 3871 cum
1236 3809 1320 3870 Cele-

233 3909 360 3983 brante;
379 3907 534 3969 lliacomrs
547 3908 673 3969 calicem
691 3926 821 3966 vacuum
838 3912 921 3968 tenet
937 3911 1009 3967 unte
1025 3904 1251 3968 Celebrantem,
1267 3903 1318 3981 qni

233 4022 255 4064 s.
277 4003 410 4063 bostiam
432 4000 575 4079 imponit.
623 3999 777 4061 llincomm
797 3999 884 4060 calici
909 3998 1043 4077 imponit
1063 3997 1189 4077 pallam,
1209 3994 1321 4056 ‹leimle

231 4103 376 4174 patenam
401 4096 552 4157 inversam
576 4112 669 4172 super
689 4090 803 4172 pallam
825 4097 856 4154 et
877 4091 1030 4170 “desuper
1051 4091 1154 4152 velum
1173 4087 1323 4168 expandit

234 4193 265 4249 et
285 4190 317 4249 in
338 4187 440 4248 medio
461 4186 581 4248 Altaris
601 4183 750 4246 collocat’'
770 4190 862 4263 alque
883 4184 961 4245 vitta
982 4183 1018 4244 ao
1042 4184 1150 4263 pedem
1173 4182 1318 4242 devincit.

275 4286 302 4341 4.
327 4280 469 4340 “Deinde
483 4280 519 4341 lit
534 4276 741 4339 Communio’'
756 4276 838 4338 (lori
853 4285 882 4340 et
898 4277 1005 4357 populi
1019 4297 1103 4338 more
1117 4276 1217 4337 solito.
1246 4275 1320 4334 Pro-

269 4470 280 4503 2
299 4464 451 4516 Baldeschi.
840 4468 851 4500 ³
871 4462 904 4511 In
968 4461 1176 4511 detestationem
1238 4460 1321 4509 osculi

803 4538 902 4589 Judee.
