2804 4890
168 675 230 744 408
278 687 333 745 nn
350 686 464 745 mono
486 683 621 744 erosas
642 686 685 743 m
708 683 845 747 cnoro
865 685 1157 752 enasonvnum.

217 857 266 937 (e)
295 857 335 920 In
359 857 422 921 fine
446 859 590 923 omnium
615 858 776 921 Horarum
801 880 819 922 a
843 860 935 924 finita
957 861 1131 943 antiphona
1154 860 1260 925 ultimi

169 949 293 1030 psalmi,
311 951 448 1031 exceptis
467 950 616 1013 Precibus
634 950 797 1015 ferialibus
814 958 846 1015 et
861 955 1034 1033 antiphona
1052 954 1142 1017 finali
1161 955 1198 1017 Β.
1218 954 1262 1016 Μ.

172 1042 210 1106 V.
235 1047 323 1106 extra
347 1041 548 1105 Dominicam
571 1048 603 1106 et
627 1049 751 1125 tempus
776 1045 919 1126 paschale
950 1048 1003 1125 (ut
1026 1067 1122 1128 supra
1145 1046 1186 1111 ad
1211 1051 1263 1125 3),

171 1139 246 1197 tune
266 1136 350 1198 enirn
369 1134 612 1217 genuflectitur;
631 1142 758 1217 excepta
779 1157 900 1218 quoque
920 1139 1093 1219 antiphona
1112 1140 1153 1204 ad
1174 1140 1263 1222 May·

170 1227 279 1308 nificat
302 1232 335 1291 et
355 1228 546 1291 Benedictas
575 1229 626 1308 (in
650 1229 748 1294 officio
772 1250 844 1292 cum
868 1237 974 1308 cantu,
997 1234 1024 1295 si
1048 1236 1173 1314 tempus
1196 1254 1263 1315 per·

171 1321 311 1400 mittat),
330 1326 361 1384 et
379 1324 507 1401 excepto
526 1320 770 1403 Martyrologio;
787 1327 863 1386 tunc
883 1325 967 1388 eninr
987 1324 1121 1389 sedetur.

218 1419 272 1499 (d)
301 1418 457 1482 Standum
478 1419 585 1483 estad
607 1423 730 1484 textum
750 1421 914 1501 Evangelii
935 1425 1008 1485 ante
1029 1424 1204 1498 homiliam,
1225 1423 1264 1486 ad

173 1513 216 1575 Te
238 1512 351 1584 Deum,
372 1516 404 1576 et
424 1512 615 1575 laudabilius
635 1513 675 1576 ad
696 1512 880 1593 Symbolum
902 1515 1096 1597 Quicunque.

219 1611 267 1690 (a)
292 1611 343 1673 Ad
363 1631 468 1674 versus
485 1616 555 1692 post
574 1611 709 1692 psalmos
730 1611 977 1689 Nocturnorum,
996 1614 1034 1675 ad
1055 1612 1265 1676 absolutiones

171 1709 202 1768 et
221 1703 261 1766 ad
280 1705 397 1785 primas
417 1703 646 1767 benedictiones
665 1705 817 1784 cujusque
837 1705 1004 1768 Nocturni.
1047 1706 1265 1768 Hebdomada-

172 1796 238 1857 rius
252 1795 291 1858 ad
307 1794 447 1876 singulas
462 1795 692 1859 benedictiones
706 1801 787 1859 stare
800 1795 914 1874 debet,⁰
929 1799 1004 1860 item
1020 1797 1116 1860 lector
1131 1799 1265 1861 recitans

172 1887 330 1963 lectiones,
354 1887 516 1966 acolythus
538 1886 622 1950 solus
652 1889 715 1969 (vel
739 1909 811 1951 cum
835 1889 934 1970 socio)
962 1890 1097 1953 recitans
1119 1890 1265 1970 antipho

172 1986 293 2044 namet
312 2028 319 2044 .

214 2080 243 2142 9.
265 2077 456 2141 Sedeturt-

220 2177 271 2258 (a)
303 2177 394 2239 Infra
420 2177 554 2257 psalmos
579 2176 616 2238 ab
640 2177 764 2257 incepto
788 2175 890 2258 primo
916 2197 1005 2239 versu
1031 2178 1127 2259 primi
1152 2177 1265 2258 psalmi

172 2290 269 2351 usque
281 2270 320 2332 ad
334 2270 458 2331 finitam
471 2268 676 2350 antiphonam
691 2274 761 2351 post
774 2269 925 2332 ultimum
937 2269 1113 2351 psalmum3
1126 2276 1265 2333 attamen

172 2363 293 2443 quoties
313 2363 346 2424 in
368 2360 467 2426 officio
487 2382 558 2424 cum
579 2367 674 2423 cantu
694 2362 807 2441 aliquis
828 2382 865 2424 err
886 2361 1084 2441 dignioribus
1105 2364 1207 2442 surgit
1226 2360 1264 2423 ad

173 2455 378 2518 intonandam
402 2454 618 2533 antiphonam,
640 2472 746 2517 omnes
766 2453 804 2517 dc
826 2454 919 2516 choro
941 2455 1100 2534 surgunt!
1144 2454 1265 2515 Lauda-

172 2547 244 2610 bilis
265 2546 466 2622 consuetudo,
488 2545 593 2608 standi
616 2546 701 2608 infra
722 2546 867 2626 psalmos,
889 2546 999 2609 saltem
1023 2547 1057 2608 in
1079 2546 1177 2610 officio
1199 2547 1266 2608 sine

172 2643 278 2715 cantu,
297 2640 427 2701 retineri
447 2643 557 2720 potest.
598 2638 648 2699 Ad
668 2637 803 2701 officium
821 2644 926 2701 tamen
946 2638 1169 2701 defunctorum
1188 2659 1266 2702 sem·

173 2752 228 2814 per
248 2732 397 2795 sedetur.⁸

220 2831 272 2911 (b)
300 2831 350 2891 Ad
379 2829 526 2892 lectiones
552 2832 584 2891 et
611 2828 806 2907 responsoria
833 2829 997 2904 Matutini‚
1023 2835 1150 2910 excepto
1177 2832 1265 2891 textu

174 2924 348 3003 Evangelii,
371 2922 409 2984 ad
433 2920 600 2983 secundam
623 2927 654 2983 et
676 2923 803 2984 tertiam
825 2922 1072 2984 benedictionem
1097 2922 1264 2985 lectionum

172 3024 204 3083 et
228 3016 266 3078 ad
294 3013 574 3093 Martyrologium;
599 3014 735 3093 exceptis
760 3032 881 3094 semper
905 3015 944 3076 iis
969 3016 1021 3095 qui
1048 3014 1105 3078 soli
1133 3015 1265 3076 recitant

174 3108 219 3172 vel
244 3111 392 3171 intonant
400 3128 409 3182 3
432 3111 516 3169 stant
540 3106 633 3167 euim.

215 3206 328 3268 Coram
350 3206 491 3284 exposito
519 3204 575 3266 SS.
602 3204 804 3267 Sacramento
827 3204 1033 3266 “conveniens
1056 3209 1145 3273 esset.
1169 3210 1204 3267 ut
1228 3203 1266 3266 ob

173 3300 378 3363 reverentiam
394 3298 474 3360 tanti
493 3296 687 3358 Sacramenti
712 3343 718 3356 .
743 3343 749 3357 .
774 3344 780 3356 .
804 3315 911 3357 omnes
928 3303 1115 3377 praesentes,
1132 3299 1277 3359 durante.

172 3393 271 3457 officio
294 3395 414 3453 starent
438 3408 558 3468 sempor
582 3386 683 3468 capite
707 3389 839 3461 detecto,
863 3394 892 3450 ct
918 3408 1089 3469 numquam
1114 3389 1265 3451 sederent.

173 3484 262 3562 Quod
284 3483 311 3547 si
332 3483 370 3547 0b
388 3481 622 3562 longitudinem
644 3481 734 3543 officii
757 3484 914 3561 praestaro
937 3503 997 3542 urar
1022 3484 1180 3562 poterunt,
1203 3502 1264 3542 non

171 3579 322 3645 omittant
340 3578 451 3641 saltem
471 3575 503 3638 in
523 3576 650 3653 signum
671 3574 860 3638 reverentiae
879 3574 1000 3636 detecto
1018 3575 1129 3654 eapite,
1149 3575 1267 3636 divinis

171 3672 280 3736 officiis
294 3668 482 3734 assisterem
519 3668 667 3729 Attamen
685 3667 831 3728 “tolerari
849 3668 950 3746 potest
966 3665 1167 3736 consuetudo,
1184 3666 1264 3745 qrrod

172 3765 283 3829 Clerus
294 3767 326 3829 et
338 3761 473 3845 populus
485 3761 559 3822 dum
576 3759 633 3820 SS.
650 3759 887 3819 Sacramentum
902 3759 1078 3837 expositum
1091 3764 1207 3834 manet,
1222 3779 1265 3821 se·

171 3860 276 3933 deant,
303 3856 422 3919 secluso
446 3851 591 3915 scandalo
618 3855 672 3913 aut
700 3849 962 3912 irreverentia.''¹⁰

215 3962 263 4020 10.
285 3951 460 4018 Inclinatio
483 3952 595 4032 eapitis
618 3947 775 4029 profunda
799 3948 852 4009 fit:

220 4059 270 4137 (al
295 4053 388 4118 Infra
408 4071 530 4116 versum
554 4048 660 4112 Gloria
681 4046 772 4110 Patri
791 4067 887 4127 usque
907 4047 945 4109 ad
968 4047 1058 4110 Sicrd
1079 4052 1144 4111 erat
1164 4045 1267 4111 exclu-

205 4213 260 4264 οῐ),
281 4210 321 4263 12,
339 4210 396 4262 Jul,
416 4207 492 4269 1892,
510 4222 535 4256 n.
555 4206 630 4253 3780.
651 4203 690 4252 10.
745 4215 794 4253 nos
807 4207 903 4267 optare
917 4201 1057 4253 defunctis
1070 4203 1188 4267 requiem
1202 4217 1264 4256 scm-

206 4288 298 4340 *Vide
348 4284 425 4335 infra
474 4282 509 4334 ad
557 4282 692 4344 vesperas
746 4278 871 4343 pitaram.
921 4276 975 4339 (De
998 4276 1111 4343 Carpo.)

169 4365 308 4417 solemnes.
781 4354 879 4405 ⁹Caer.
901 4353 952 4420 Ep.
974 4352 1014 4404 Il.
1035 4355 1078 4419 33,
1099 4354 1140 4406 33.

202 4441 314 4493 ⁸Sessio
351 4440 421 4492 enim
459 4441 499 4486 est
538 4435 689 4498 symbolum
781 4436 807 4470 ¹⁰
818 4430 850 4481 D.
869 4430 945 4481 3408.
965 4430 990 4482 3.

169 4517 277 4584 quietis,
292 4521 319 4568 et
334 4529 384 4582 per
399 4512 543 4563 sessionem
560 4510 691 4570 innuitur,
