2804 4890
381 676 466 731 aee.
492 677 516 731 1.
558 674 799 733 unlioai'raa
823 677 1063 736 anciranus.
1205 667 1266 734 539

215 835 255 897 In
281 856 414 917 quorum
438 836 584 900 manibus
608 838 792 919 iniquitates
816 845 908 903 sunt:
935 841 1062 904 dextera
1086 859 1195 905 eorum
1219 858 1265 904 re

172 930 256 1010 pleta
272 936 319 992 est
336 929 527 993 muneribus.

214 1024 281 1104 Ego
302 1029 408 1085 autem
430 1025 465 1086 in
486 1023 665 1087 innocentia
686 1045 755 1089 mea
777 1027 935 1107 ingressus
956 1045 1044 1090 sum:
1066 1027 1183 1090 redime
1205 1045 1264 1103 me,

170 1122 201 1179 et
221 1118 367 1181 miserere
388 1116 460 1181 mei.

213 1211 273 1272 Pes
295 1230 382 1273 meus
404 1211 494 1273 stetit
515 1212 549 1272 in
571 1209 707 1274 directo:
729 1214 763 1274 in
785 1210 922 1275 ecclesiis
944 1211 1126 1276 benedicam
1147 1219 1178 1276 te
1200 1208 1262 1274 Do·

170 1305 264 1366 mine.

206 1395 313 1459 Gloria
332 1397 421 1459 Patri
440 1401 473 1461 et
492 1395 585 1474 Filio,
604 1404 635 1461 et
658 1398 794 1478 Spiritui
815 1400 940 1463 Sancto.

213 1492 302 1552 Sicut
324 1495 391 1553 erat
415 1491 447 1551 ia
471 1490 637 1571 principio,
658 1497 691 1554 et
712 1510 806 1569 nunc,
828 1497 860 1556 et
880 1511 1012 1573 semper,
1032 1492 1118 1555 etin
1140 1490 1261 1554 saecula

169 1583 371 1644 saeculorum.
417 1583 528 1645 Arnen.

211 1675 351 1755 Suscipe,
370 1676 484 1737 Sancta
500 1677 652 1753 Trinitas,
669 1678 750 1741 hanc
766 1676 967 1753 oblationem,
984 1698 1077 1759 quam
1094 1678 1152 1741 tibi
1170 1675 1259 1739 offer-

168 1768 249 1829 imus
276 1768 314 1829 ob
340 1769 522 1830 memoriam
550 1770 712 1849 passionis,
741 1769 987 1847 resurrectionis,
1013 1777 1045 1834 et
1072 1769 1260 1834 ascensionis

168 1861 243 1921 lesu
270 1861 399 1937 Christi,
424 1861 552 1922 Domini
579 1864 696 1937 nostri;
721 1870 752 1925 et
778 1864 809 1924 in
837 1865 984 1927 honorem
1009 1863 1115 1926 beatae
1141 1862 1260 1924 Mariae

168 1972 288 2032 semper
314 1953 467 2033 Virginis,
491 1960 522 2017 et
547 1955 627 2016 beati
654 1955 789 2016 Joarinis
816 1956 987 2035 Baptistae,
1012 1961 1044 2020 et
1071 1957 1259 2018 Sanctorum

168 2045 387 2123 Apostolorum
411 2047 496 2108 Petri
518 2053 549 2108 et
574 2047 674 2119 Pauli,
695 2054 725 2109 et
749 2048 891 2121 istorum,
912 2054 944 2110 ct
965 2049 1107 2111 omnium
1130 2047 1257 2110 Sancto-

168 2158 256 2210 ru1n;
275 2147 308 2198 ut
332 2137 394 2198 illis
415 2139 557 2217 proficiat
577 2139 615 2198 ad
637 2141 796 2214 honorem,
816 2141 904 2201 nobis
924 2145 1028 2201 autem
1047 2141 1086 2201 ad
1107 2140 1256 2202 salutem:

165 2240 195 2291 ct
216 2230 263 2290 illi
283 2250 338 2309 pro
359 2230 446 2291 nobis
468 2229 657 2292 intercedere
676 2231 848 2308 dignentur
869 2233 900 2292 iu
921 2230 1174 2312 coelia,quoru1n
1195 2253 1257 2294 me·

165 2323 297 2383 moriam
318 2321 440 2401 agimus
461 2323 493 2383 in
515 2323 616 2384 terris.
661 2323 722 2384 Por
740 2323 875 2385 eundem
899 2324 1062 2386 Christum
1085 2325 1256 2386 Dominum

164 2422 316 2478 nostrum.
359 2415 470 2477 Amen.

206 2507 300 2570 Orate
317 2510 449 2588 fratres:
468 2512 503 2568 ut
520 2527 625 2569 meum
643 2528 679 2569 ac
695 2509 833 2570 vestrum
853 2507 1050 2571 Sacrificium
1068 2508 1256 2591 acceptabile

164 2600 218 2663 fist
240 2600 325 2681 apud
348 2599 450 2662 Deum
473 2600 600 2662 Patrem
622 2601 879 2680 omnipotentem.

203 2785 273 2848 334.
297 2786 405 2848 Canon
430 2786 562 2849 Missae:
597 2786 642 2849 Te
668 2786 778 2865 igitur,
802 2784 1043 2849 clementissime
1069 2786 1173 2863 Pater,
1199 2806 1254 2868 per

160 2879 270 2941 Jesum
293 2878 456 2941 Christum
478 2877 596 2940 Filium
617 2884 709 2941 tuum
731 2876 904 2941 Dominum
923 2881 1077 2955 nostrum,
1098 2878 1253 2959 supplices

161 2991 305 3049 rogamus
330 2992 365 3034 ac
390 2973 537 3053 petimus,
562 2972 612 3034 uti
635 2975 760 3049 accepta
785 2971 907 3047 habeas,
933 2976 965 3035 et
989 2971 1153 3034 benedicas
1177 2971 1252 3033 haec

159 3063 250 3138 dona,
270 3065 345 3127 haee
367 3083 507 3139 munera,
528 3065 602 3127 haec
622 3068 729 3126 sancta
751 3063 912 3127 Sacrificia
931 3063 1063 3141 illibata,
1085 3065 1119 3127 in
1140 3063 1251 3146 primis

157 3162 214 3218 etc.

199 3249 292 3311 Post:
326 3248 420 3310 Hane
444 3247 545 3328 igitar
570 3251 645 3313 eta:
682 3248 782 3322 Quam
807 3249 996 3313 oblationem
1021 3253 1068 3324 tu,
1095 3250 1190 3325 Deus,
1216 3251 1249 3312 in

157 3341 311 3416 orrrnibus,
330 3360 527 3421 quaesumus,
544 3339 749 3410 benedictam,
766 3340 967 3421 adscriptam,
984 3348 1095 3418 ratam,
1114 3343 1249 3405 rationa-

157 3434 260 3507 bilem,
286 3433 566 3512 acceptabilemque
592 3433 693 3494 laccrc
717 3431 874 3510 digneris3
900 3439 935 3497 ut
959 3435 1048 3495 nohis
1073 3435 1194 3514 Corpus
1217 3438 1248 3497 et

158 3527 293 3603 Sanguis
330 3526 385 3587 fiat
423 3523 620 3586 dilectissimi
657 3523 733 3586 Filii
769 3525 829 3600 tui,
867 3525 996 3588 Domini
1035 3529 1133 3589 nostri
1170 3526 1247 3589 Jesu

156 3620 285 3680 Christi.
321 3619 381 3692 Qui
399 3615 501 3698 pridie
516 3637 610 3698 quam
627 3620 797 3698 pateretur,
812 3619 931 3697 accepit
946 3639 1059 3699 panem
1075 3619 1108 3681 in
1125 3623 1248 3682 sanctas

154 3734 188 3775 ae
213 3711 401 3775 venerabiles
424 3729 536 3772 manus
560 3730 647 3772 suas:
671 3715 702 3773 ct
725 3710 853 3773 elevatis
875 3712 973 3772 oculis
997 3713 1030 3773 in
1054 3711 1184 3781 coelum.
1206 3711 1246 3774 ad

155 3814 183 3868 le
198 3805 300 3867 Deum
316 3805 442 3866 Patrem
456 3825 548 3865 suum
561 3803 819 3882 omnipotentem,
834 3805 890 3865 tibi
906 3805 1023 3883 gratias
1036 3825 1142 3885 agene,
1156 3806 1245 3869 bene

153 3899 244 3970 dixit,
271 3898 378 3977 fregit.
406 3897 553 3976 deditque
583 3894 747 3976 discipulis
776 3894 850 3967 suis,
879 3896 1002 3957 dicens:
1032 3897 1184 3977 Accipite,
1213 3899 1245 3960 et

152 3991 337 4054 manducate
360 4010 397 4054 ex
419 3992 476 4052 hoc
501 4009 616 4052 omnes.
668 3987 756 4066 (Hoc
779 3993 826 4051 est
850 3989 934 4051 enim
961 3989 1082 4069 Corpus
1106 3991 1238 4069 meum)

154 4084 258 4144 simili
277 4082 369 4145 modo
388 4087 550 4163 postquam
570 4084 735 4144 coenatum
754 4084 811 4156 est,
831 4080 985 4160 accipiens
1004 4087 1034 4144 et
1054 4084 1138 4146 hamc
1157 4102 1243 4163 prae·

152 4177 270 4238 clanim
292 4175 419 4239 calicem
444 4177 475 4236 in
501 4179 621 4236 sanctas
645 4196 680 4236 sc
705 4174 895 4236 venerabiles
919 4195 1029 4236 manus
1054 4196 1141 4237 siras:
1168 4178 1242 4240 item

152 4270 207 4330 tihi
228 4269 346 4349 gratiss
364 4288 469 4348 agens,
488 4266 657 4339 benedixit,
676 4266 824 4347 deditque
842 4265 1006 4346 discipulis
1025 4268 1100 4338 suis,
1119 4269 1242 4332 dicens:

151 4363 293 4443 Accipite
307 4368 336 4424 ct
349 4362 447 4423 bibite
460 4381 497 4423 ex
509 4381 545 4422 co
557 4380 672 4423 omnes.
715 4360 796 4435 (Hic
807 4365 854 4423 est
867 4360 951 4423 euim
966 4359 1056 4422 Calix
1072 4362 1243 4443 Sanguinis

150 4456 221 4530 mei,
234 4457 305 4517 novi
322 4460 351 4514 et
366 4454 483 4515 aeterni
499 4453 696 4515 testamenti:
711 4451 896 4529 mysterium
912 4451 1003 4515 fidei:
1018 4455 1072 4535 qui
1087 4475 1144 4536 pro
1157 4456 1243 4519 vobis
