2804 4890
210 726 426 782 EXPOSITIO
452 727 506 782 SS.
530 725 786 781 SACRAMENTI
811 725 886 780 PRO
908 725 971 778 ΟΒ.
996 724 1052 779 XL
1073 723 1170 782 1103.
1207 713 1268 778 355

177 886 255 950 dum
272 891 420 952 intonant
441 890 592 964 Genitori,
612 892 779 955 Celebrans
798 896 918 955 erectus
937 892 1100 955 incensum
1118 896 1214 972 ponet
1233 892 1265 954 in

178 981 339 1045 thuribulo
371 983 531 1063 [primarii
560 985 788 1065 tlruriterarii]‚
815 991 846 1046 et
872 984 1055 1065 genuflexus
1082 990 1130 1047 ter
1158 984 1265 1048 Sacra·

176 1081 320 1139 mentum
338 1076 505 1139 adolebit.''
545 1079 634 1139 Tunc
652 1079 714 1138 duo
732 1079 929 1141 thuriferarii
948 1079 1032 1141 tacta
1050 1077 1266 1159 genuflexione

176 1175 309 1250 utroque
327 1190 421 1250 genu,
442 1190 497 1231 sua
518 1171 677 1232 thuribula
700 1173 731 1232 in
752 1172 925 1235 sacristiam
948 1171 1099 1234 referunt.

219 1266 247 1323 6.
271 1263 422 1343 “Hymuo
451 1264 542 1325 tinito
573 1264 746 1343 omissoque
779 1265 896 1328 Panem
929 1264 967 1328 dc
999 1266 1081 1328 coeto
1113 1268 1265 1326 canentur
1314 1312 1318 1318 .

176 1355 343 1418 Litaniae''
362 1358 504 1419 omnium
527 1360 714 1419 Sanctorum
735 1377 805 1418 eum
827 1358 877 1418 Ps.
898 1360 929 1419 et
949 1377 1026 1420 vera.
1046 1361 1103 1420 etc.
1124 1361 1162 1420 ut
1180 1357 1265 1418 mira

173 1469 222 1515 no.
239 1454 311 1528 225,
325 1454 354 1516 3.

220 1546 247 1604 7.
271 1543 356 1605 “His
372 1544 516 1607 omnibus
534 1543 644 1620 finitis,
660 1544 727 1606 sine
743 1543 959 1609 benedictione
976 1544 1142 1609 celebrans
1158 1549 1190 1608 et
1206 1543 1262 1606 cle-

176 1638 244 1711 rici,
262 1637 345 1700 breai
364 1640 449 1699 faeta
466 1640 616 1713 oratione,
634 1637 815 1719 duobusque
832 1638 964 1718 genibus
982 1637 1091 1701 flexis''
1109 1639 1143 1699 in
1160 1638 1265 1719 plano,

177 1731 232 1791 “in
253 1732 428 1792 sacristiam
451 1731 642 1793 redeunt.'’¹⁸

218 1827 245 1885 8.
272 1823 306 1884 Si
319 1826 472 1904 processio
485 1825 662 1900 omittatur,
675 1826 749 1905 quia
762 1825 944 1890 “commode
955 1826 1022 1890 fieri
1036 1827 1156 1907 nequit,
1170 1827 1215 1889 ita
1228 1832 1265 1889 ut

175 1936 274 1997 neque
287 1919 371 1980 intra
384 1917 538 1981 ambitum
551 1918 707 1981 Ecclesiae
719 1919 827 1982 baberi
840 1918 999 1995 valeat,'’¹⁷
1012 1922 1170 2000 praeterea
1183 1920 1263 1981 nihil

175 2029 303 2090 prorsus
331 2011 542 2074 omittendum
572 2014 627 2073 est.

218 2103 329 2185 Itaque
350 2110 419 2186 post
441 2105 571 2166 Missam
594 2107 667 2167 thus
689 2107 723 2168 in
745 2126 846 2168 unum
868 2107 1065 2169 thuribulum
1087 2107 1126 2170 ad
1148 2107 1264 2188 gradus

176 2197 295 2262 Altaria
320 2199 516 2274 immittitur,
540 2204 572 2262 et
596 2200 808 2263 incensatione
832 2201 916 2262 tacta
942 2200 999 2262 SS.
1026 2201 1263 2263 Sacramentum

174 2291 209 2352 in
226 2292 339 2355 throno
358 2292 536 2354 collocatur.
581 2292 703 2355 Deinde
721 2295 828 2374 Ponpe
848 2293 957 2373 linquo
974 2299 1031 2354 etc.
1050 2299 1206 2369 cantatur,
1225 2293 1264 2355 ad

178 2384 321 2447 Genitori
341 2387 529 2447 incensatur.
573 2386 685 2447 Postea
703 2385 848 2450 Litan'iae
868 2391 925 2447 etc.
947 2390 1115 2447 cantantur
1135 2387 1192 2460 vel,
1212 2386 1263 2448 de·

174 2477 352 2542 sicientibus
373 2479 563 2555 cantoribus,
585 2481 769 2542 recitantur.

217 2575 245 2632 9.
269 2573 350 2636 Toto
374 2573 578 2653 expositionis
604 2581 743 2652 tempore
769 2572 875 2634 adsint
899 2572 1085 2635 adoratores
1134 2572 1168 2634 Si
1195 2572 1262 2635 fieri

174 2665 283 2747 possit,
306 2666 372 2728 bini
400 2666 590 2742 Sacerdotes,
616 2666 720 2728 induti
745 2666 825 2730 stola
849 2666 960 2727 coloris
984 2666 1081 2726 officio
1106 2667 1169 2727 diei
1193 2685 1264 2727 con-

175 2759 367 2834 venientia,¹⁸
394 2759 440 2820 vel
467 2759 602 2838 acolythi
628 2759 852 2839 superpelliceo
879 2757 983 2820 induti
1008 2758 1164 2838 genuflexi
1190 2762 1263 2820 ante

175 2873 337 2914 scamnum
356 2854 389 2914 in
408 2853 608 2932 presbyterio,
627 2852 743 2932 singuli
763 2872 818 2932 per
835 2872 931 2913 unam
955 2852 1018 2931 (vel
1036 2851 1062 2913 si
1080 2852 1145 2914 sint
1163 2851 1264 2932 pueri,

176 2965 232 3027 per
249 2946 432 3023 dimidiam)
457 2947 565 3008 horam
584 2945 768 3007 adorabunt.

218 3043 266 3101 10.
295 3042 347 3119 (b)
375 3038 520 3116 Vespere,
541 3061 564 3100 e.
586 3060 615 3118 g.
637 3038 734 3100 “bora
754 3044 861 3101 octava
882 3044 951 3119 post
971 3038 1133 3101 meridiem
1157 3038 1261 3102 Sacer·

172 3134 228 3196 dos
248 3134 471 3215 superpelliceo
491 3139 522 3196 et
544 3133 624 3197 stola
643 3133 775 3194 indutus
796 3133 942 3214 procedet
961 3134 1000 3196 ad
1021 3133 1140 3209 Altare,
1163 3133 1266 3214 ibique

175 3245 343 3306 parumper
361 3226 462 3288 orabit
480 3225 633 3288 submissa
651 3244 740 3299 voce3
759 3230 827 3287 tum
848 3272 854 3285 .
875 3273 881 3287 .
900 3229 967 3288 sine
985 3226 1198 3288 benedictione
1218 3245 1262 3286 re-

175 3324 270 3400 ponet
287 3320 527 3381 Sanctissimum
544 3320 577 3380 in
593 3317 852 3381 tabernaculo.'’¹⁹
889 3319 932 3380 At
948 3318 1113 3382 “Litaniae
1129 3318 1263 3397 majores

176 3434 247 3475 eum
272 3415 378 3494 Paape
404 3413 513 3495 linquo
537 3419 569 3476 ct
594 3411 827 3487 Orationibus‚''
853 3409 945 3474 aliive
970 3412 1078 3490 hmani
1104 3416 1135 3475 et
1160 3431 1264 3492 preces

174 3508 362 3588 approbatae
385 3507 426 3585 (e.
445 3528 475 3587 g.
495 3508 639 3570 Litaniae
659 3506 716 3568 SS.
736 3506 883 3570 Nominis
902 3510 958 3566 aut
977 3503 1089 3568 Cordis
1108 3505 1195 3580 Jesu,
1216 3504 1259 3567 vet

175 3601 210 3664 B.
233 3601 277 3664 M.
299 3601 356 3679 V.)
383 3601 453 3662 cairi
475 3600 520 3663 rel
545 3601 669 3662 rceitari
691 3605 839 3680 possunt3
861 3604 967 3678 postea
989 3598 1171 3661 Benedictio
1192 3617 1262 3659 eum

177 3694 233 3757 SS.
253 3694 455 3758 Sacramento
472 3695 672 3774 impertietur
688 3691 828 3772 illudque
844 3691 1051 3771 reponetur.²⁰

582 3890 609 3927 11.
640 3889 769 3928 SECUNDA
790 3888 860 3926 utus.

213 3981 284 4047 223.
307 3982 412 4060 Mane,
458 3983 515 4045 SS.
540 3983 779 4045 Sacramentum
801 4002 886 4045 more
907 3980 1010 4057 solito,
1032 3999 1104 4043 cum
1128 3981 1264 4042 incensa·

175 4077 259 4138 tione
274 4079 452 4156 exponitur,
468 4077 623 4155 simulque
638 4076 706 4136 cani
723 4079 825 4155 potest
841 4076 948 4154 I’aapc
965 4075 1074 4154 tirrpuo
1089 4078 1214 4135 tantum
1231 4076 1261 4134 et

176 4170 295 4246 Oratio,
320 4171 415 4242 Deua,
440 4171 496 4251 qut
519 4168 644 4233 nobem

208 4316 233 4348 ¹⁶
253 4311 326 4361 Ordo
346 4310 420 4361 Bait.
779 4312 806 4346 ¹⁹
824 4307 897 4357 Ordo
918 4305 991 4357 Balt.

210 4394 233 4426 ¹⁷
252 4387 280 4438 C.
304 4389 378 4437 Pten.
401 4388 474 4437 Bait.
496 4386 535 4437 ΙΙ.
557 4385 609 4436 Νο.
630 4383 690 4436 316.
780 4390 806 4425 ²⁰
825 4384 883 4435 Otr.
903 4384 931 4434 Ο.
952 4384 1027 4435 Plon.
1047 4384 1078 4434 B.
1098 4382 1137 4434 11.
1157 4384 1216 4440 375.
1234 4388 1262 4434 et

173 4467 250 4516 Alias
267 4467 356 4515 omitti
377 4482 428 4513 mm
447 4465 535 4516 debet.
746 4462 908 4513 ¹ttartinaeei
934 4462 971 4512 11.
994 4477 1016 4513 c.
1040 4462 1081 4512 38.

209 4550 233 4581 ¹⁸
252 4543 285 4593 D.
311 4544 384 4592 1765.
408 4544 431 4592 2.
778 4544 803 4577 ²¹
816 4539 996 4600 Martiaucci,
1016 4537 1092 4585 ixian.
