2804 4890
178 648 241 714 376
365 659 420 719 Dll
444 658 568 719 florus
591 656 807 719 OANONICIS
829 654 1085 718 recuruum.

223 837 250 895 6.
295 833 413 898 Versus

228 927 279 1007 (a)
307 928 341 988 in
360 925 509 991 Adventu
531 927 600 990 Vos
618 926 783 991 clamantis
802 928 841 991 de
861 926 1032 1010 Ordinario
1039 944 1049 1003 3

229 1019 281 1099 (b)
308 1019 400 1083 odie
424 1023 472 1082 14.
495 1020 570 1083 Jan.
594 1019 751 1083 Dominus
774 1020 916 1100 roonovit
938 1019 977 1083 de
1001 1017 1174 1095 Psalterio;

227 1110 276 1191 (o)
305 1111 395 1174 Dom.
413 1112 510 1194 Sept,
528 1113 637 1193 Sexag.
653 1117 685 1178 et
701 1113 878 1194 Quinquag.
893 1112 1030 1177 Domine
1046 1112 1084 1175 de
1101 1110 1256 1174 Psalterio
1265 1130 1275 1186 3

229 1203 283 1285 (d)
310 1207 450 1286 ternpore
472 1204 629 1287 Quadrag.
651 1203 792 1287 Amudis,
815 1212 911 1287 temp.
934 1204 1094 1270 Passionis
1114 1202 1213 1285 Eripe
1235 1203 1275 1267 de

182 1296 370 1374 Ordinsrio;

229 1391 279 1469 (o)
306 1394 446 1471 tempore
478 1390 622 1454 Paschali
651 1391 693 1453 ln
724 1391 949 1455 resurrectione
979 1391 1018 1453 de
1049 1390 1239 1465 Ordinari0;

227 1484 275 1564 (f)
302 1490 373 1565 post
392 1483 597 1548 Pentecosten
614 1483 771 1548 Dominus
788 1482 931 1565 roqnouit
949 1484 987 1548 de
1007 1483 1171 1547 Psalterio.

224 1578 253 1639 i.
274 1576 459 1656 Antiphone
473 1575 513 1638 ad
526 1576 716 1639 Benedictus
729 1595 767 1637 ex
781 1595 884 1657 propr.
899 1576 937 1638 de
950 1577 1061 1655 Temp.

224 1667 392 1732 Canticum
406 1668 605 1732 Benedictus.
642 1667 827 1748 Antiphone
844 1669 1007 1748 repetitur.

224 1765 253 1825 8.
297 1761 453 1825 Dominus
473 1762 640 1825 uobiscum.
674 1762 815 1825 Oremus.
847 1762 956 1824 Oratio
976 1761 1049 1826 diei.

224 1858 253 1917 9.
291 1854 610 1920 commemorationes
631 1853 787 1936 speciales.

225 1949 272 2008 10.
297 1944 503 2027 Suffragium,
535 1946 617 2027 quod
647 1952 753 2008 tamen
783 1946 944 2010 omittitur
973 1950 1068 2027 temp.
1100 1945 1277 2022 Adventus,

183 2039 342 2104 Passionis
356 2043 387 2102 et
400 2037 525 2120 quando
539 2039 624 2102 facta
636 2044 682 2101 est
696 2040 949 2102 commemoratio
962 2038 1107 2119 Duplicis
1123 2039 1169 2100 vel
1184 2038 1278 2102 Octo·

181 2151 245 2198 vae.

225 2228 274 2288 11.
296 2222 453 2288 Dominus
482 2223 651 2296 babucum,
683 2227 752 2300 ete,
781 2228 819 2286 ut
849 2224 882 2285 in
914 2223 1022 2286 Officio
1054 2221 1194 2286 Solemni
1227 2226 1277 2284 10.

184 2317 232 2380 11.
257 2319 305 2381 12.

663 2457 793 2510 PRIMA.

226 2587 254 2648 1.
298 2582 403 2648 Peter.
426 2581 501 2645 Ave.
527 2582 636 2645 Credo.
668 2582 755 2645 Deua
778 2583 812 2645 in
835 2583 1042 2663 adjutorium.

226 2679 254 2741 2.
298 2675 446 2756 Hymnus
466 2676 542 2737 Jom
562 2673 641 2738 lueis
662 2675 700 2739 de
722 2676 900 2738 Ordinatio.

224 2772 253 2832 3.
297 2768 480 2850 Antiphone

230 2863 281 2940 (o)
308 2861 343 2922 in
370 2860 460 2923 Dom.
487 2859 662 2923 minoribus
687 2860 726 2923 de
753 2861 924 2935 Psalterio;

231 2954 283 3034 (b)
311 2954 344 3015 in
371 2952 463 3016 Dom.
489 2952 662 3033 majoribus
687 2972 725 3016 ex
751 2954 883 3034 Proprio
908 2955 946 3016 de
973 2956 1082 3036 Temp.
1115 2956 1166 3036 (in
1193 2955 1274 3020 on.

183 3047 221 3109 tle
248 3045 440 3123 Laudibus).

224 3143 254 3201 4.
298 3137 418 3200 Psalmi

231 3233 281 3306 (ol
310 3231 343 3292 in
370 3230 460 3292 Dom.
488 3230 661 3292 minoribus
686 3235 717 3295 et
743 3230 907 3294 Adventu:
934 3232 1146 3311 confitemini.
1171 3233 1274 3300 Beati.

183 3323 331 3386 Retribue
351 3321 397 3403 [et
412 3322 517 3402 Symb.
534 3321 854 3402 Antlranasianum¹].

230 3419 282 3494 (b)
311 3418 344 3478 in
371 3416 462 3478 Dom.
487 3415 660 3492 majoribus
690 3419 769 3495 (exc.
796 3416 914 3494 Adv.):
941 3416 1098 3479 Dominus
1123 3418 1278 3499 reynovit.

181 3511 333 3574 iubilate.
374 3510 475 3573 Beati.
515 3508 674 3573 Retribue.

227 3605 410 3685 Antiphone
432 3605 555 3683 integra
578 3603 740 3683 repetitur.

225 3703 252 3758 5.
277 3695 460 3776 Capitulum
479 3696 559 3774 Remi
573 3696 778 3759 soeculorum.
816 3694 883 3758 Deo
900 3693 1027 3775 oratioe.

228 3794 255 3853 6.
301 3791 448 3870 Respons.
473 3788 563 3851 breve
589 3788 722 3851 Christe.

228 3889 254 3944 l.
300 3883 420 3953 Preces,
442 3882 502 3942 nisi
525 3883 557 3942 in
579 3881 677 3945 Laud.
699 3882 783 3943 facto
803 3883 844 3943 sit
864 3886 1118 3949 commemoratio
1138 3887 1278 3968 duplicis

185 3974 378 4055 simplificati
395 3973 442 4036 rel
463 3974 605 4036 Octavae.

226 4072 254 4129 8.
278 4066 434 4130 Dominus
458 4066 626 4130 uobiscum.
674 4065 815 4129 Oremus.
842 4067 951 4131 Oratio
976 4069 1121 4141 Domine,
1147 4071 1216 4141 etc„
1242 4077 1279 4135 nt

187 4164 218 4223 in
239 4160 417 4225 ordinario.

227 4258 254 4315 9.
298 4253 406 4316 Lectio
432 4252 534 4316 brevis
560 4273 617 4334 pro
644 4252 824 4316 diversitate
852 4256 1001 4337 temporis
1029 4257 1067 4318 de
1096 4257 1276 4324 Ordinario.

220 4407 277 4458 ¹In
300 4407 451 4459 Dominicis
471 4412 532 4473 post
555 4407 654 4473 Epiph.
678 4410 705 4458 et
759 4407 836 4459 facta
865 4408 949 4460 fuerit
978 4411 1196 4462 commemoratio
1226 4411 1280 4463 Du·

186 4482 372 4547 Pentecosten,
417 4484 469 4534 nisi
514 4485 540 4534 in
566 4484 707 4535 Laudibus
756 4485 836 4550 plicis
851 4487 891 4535 rel
911 4486 1038 4538 Octavae.
