<?xml version="1.0" encoding="UTF-8"?>
<!DOCTYPE html PUBLIC "-//W3C//DTD XHTML 1.0 Transitional//EN"
    "http://www.w3.org/TR/xhtml1/DTD/xhtml1-transitional.dtd">
<html xmlns="http://www.w3.org/1999/xhtml" xml:lang="en" lang="en">
 <head>
  <title>
</title>
<meta http-equiv="Content-Type" content="text/html;charset=utf-8" />
  <meta name='ocr-system' content='tesseract 3.04.00' />
  <meta name='ocr-capabilities' content='ocr_page ocr_carea ocr_par ocr_line ocrx_word'/>
</head>
<body>
  <div class='ocr_page' id='page_1' title='image "./compendiumsacra00wapegoog_0608.png"; bbox 0 0 2804 4890; ppageno 0'>
   <div class='ocr_carea' id='block_1_1' title="bbox 212 698 1240 764">
    <p class='ocr_par' dir='ltr' id='par_1_1' title="bbox 212 698 1240 764">
     <span class='ocr_line' id='line_1_1' title="bbox 212 698 1240 764; baseline -0.006 0"><span class='ocrx_word' id='word_1_1' title='bbox 212 724 215 728; x_wconf 68' lang='grc'><strong>“</strong></span> <span class='ocrx_word' id='word_1_2' title='bbox 318 708 403 763; x_wconf 83' lang='grc' dir='ltr'><strong>ΑΡΡ.</strong></span> <span class='ocrx_word' id='word_1_3' title='bbox 428 707 470 763; x_wconf 92' lang='grc' dir='ltr'>ΙΙ.</span> <span class='ocrx_word' id='word_1_4' title='bbox 517 708 570 762; x_wconf 81' lang='lat' dir='ltr'>bn</span> <span class='ocrx_word' id='word_1_5' title='bbox 593 706 817 764; x_wconf 76' lang='lat' dir='ltr'>oenomaus</span> <span class='ocrx_word' id='word_1_6' title='bbox 842 704 1080 762; x_wconf 82' lang='lat' dir='ltr'><strong>LITURGICIS.</strong></span> <span class='ocrx_word' id='word_1_7' title='bbox 1184 698 1240 759; x_wconf 82' lang='lat'>591</span> 
     </span>
    </p>
   </div>
   <div class='ocr_carea' id='block_1_2' title="bbox 151 868 1245 1681">
    <p class='ocr_par' dir='ltr' id='par_1_2' title="bbox 151 868 1245 1681">
     <span class='ocr_line' id='line_1_2' title="bbox 153 868 1244 951; baseline -0.008 -14"><span class='ocrx_word' id='word_1_8' title='bbox 153 876 391 939; x_wconf 83' lang='lat' dir='ltr'><strong>Sacramentum</strong></span> <span class='ocrx_word' id='word_1_9' title='bbox 411 873 562 938; x_wconf 89' lang='lat' dir='ltr'>asservari</span> <span class='ocrx_word' id='word_1_10' title='bbox 580 892 645 936; x_wconf 95' lang='lat' dir='ltr'>non</span> <span class='ocrx_word' id='word_1_11' title='bbox 664 871 782 934; x_wconf 78' lang='lat' dir='ltr'><strong>solebat</strong></span> <span class='ocrx_word' id='word_1_12' title='bbox 801 890 893 951; x_wconf 89' lang='lat' dir='ltr'>super</span> <span class='ocrx_word' id='word_1_13' title='bbox 913 870 1017 945; x_wconf 87' lang='lat' dir='ltr'>altari,</span> <span class='ocrx_word' id='word_1_14' title='bbox 1036 869 1089 931; x_wconf 85' lang='lat' dir='ltr'>sed</span> <span class='ocrx_word' id='word_1_15' title='bbox 1110 868 1144 930; x_wconf 94' lang='lat' dir='ltr'>in</span> <span class='ocrx_word' id='word_1_16' title='bbox 1163 886 1244 943; x_wconf 89' lang='lat' dir='ltr'>arca,</span> 
     </span>
     <span class='ocr_line' id='line_1_3' title="bbox 152 959 1244 1048; baseline -0.007 -19"><span class='ocrx_word' id='word_1_17' title='bbox 152 973 207 1031; x_wconf 92' lang='lat' dir='ltr'>aut</span> <span class='ocrx_word' id='word_1_18' title='bbox 228 968 263 1030; x_wconf 93' lang='lat' dir='ltr'>in</span> <span class='ocrx_word' id='word_1_19' title='bbox 281 967 433 1043; x_wconf 79' lang='lat' dir='ltr'>sacristia,</span> <span class='ocrx_word' id='word_1_20' title='bbox 451 972 507 1029; x_wconf 92' lang='lat' dir='ltr'>aut</span> <span class='ocrx_word' id='word_1_21' title='bbox 528 967 561 1028; x_wconf 95' lang='lat' dir='ltr'>in</span> <span class='ocrx_word' id='word_1_22' title='bbox 582 965 755 1048; x_wconf 90' lang='lat' dir='ltr'>parietibus</span> <span class='ocrx_word' id='word_1_23' title='bbox 775 963 861 1027; x_wconf 89' lang='lat' dir='ltr'>chori</span> <span class='ocrx_word' id='word_1_24' title='bbox 883 963 930 1026; x_wconf 92' lang='lat' dir='ltr'>vel</span> <span class='ocrx_word' id='word_1_25' title='bbox 952 960 1124 1025; x_wconf 79' lang='lat' dir='ltr'><strong>sanctuarii</strong></span> <span class='ocrx_word' id='word_1_26' title='bbox 1145 959 1244 1025; x_wconf 75' lang='lat' dir='ltr'>affixa.</span> 
     </span>
     <span class='ocr_line' id='line_1_4' title="bbox 152 1058 1244 1135; baseline -0.007 -14"><span class='ocrx_word' id='word_1_27' title='bbox 152 1060 260 1123; x_wconf 85' lang='lat' dir='ltr'>Etiam</span> <span class='ocrx_word' id='word_1_28' title='bbox 276 1059 465 1122; x_wconf 83' lang='lat' dir='ltr'>domuncula</span> <span class='ocrx_word' id='word_1_29' title='bbox 482 1059 528 1121; x_wconf 93' lang='lat' dir='ltr'>vel</span> <span class='ocrx_word' id='word_1_30' title='bbox 546 1078 616 1120; x_wconf 90' lang='lat' dir='ltr'>casa</span> <span class='ocrx_word' id='word_1_31' title='bbox 633 1059 666 1120; x_wconf 93' lang='lat' dir='ltr'>in</span> <span class='ocrx_word' id='word_1_32' title='bbox 684 1077 756 1121; x_wconf 90' lang='lat' dir='ltr'>eum</span> <span class='ocrx_word' id='word_1_33' title='bbox 774 1058 868 1119; x_wconf 88' lang='lat' dir='ltr'><strong>finem</strong></span> <span class='ocrx_word' id='word_1_34' title='bbox 886 1060 1066 1118; x_wconf 89' lang='lat' dir='ltr'>constructa</span> <span class='ocrx_word' id='word_1_35' title='bbox 1081 1061 1113 1117; x_wconf 93' lang='lat' dir='ltr'>et</span> <span class='ocrx_word' id='word_1_36' title='bbox 1130 1072 1244 1135; x_wconf 92' lang='lat' dir='ltr'>magna</span> 
     </span>
     <span class='ocr_line' id='line_1_5' title="bbox 151 1150 1244 1230; baseline -0.006 -14"><span class='ocrx_word' id='word_1_37' title='bbox 151 1159 218 1216; x_wconf 90' lang='lat' dir='ltr'>arte</span> <span class='ocrx_word' id='word_1_38' title='bbox 242 1153 384 1216; x_wconf 83' lang='lat' dir='ltr'>confecta</span> <span class='ocrx_word' id='word_1_39' title='bbox 408 1153 518 1215; x_wconf 91' lang='lat' dir='ltr'>multis</span> <span class='ocrx_word' id='word_1_40' title='bbox 544 1152 619 1214; x_wconf 92' lang='lat' dir='ltr'>locis</span> <span class='ocrx_word' id='word_1_41' title='bbox 643 1151 867 1213; x_wconf 84' lang='lat' dir='ltr'>inveniebatur.</span> <span class='ocrx_word' id='word_1_42' title='bbox 915 1150 1053 1224; x_wconf 84' lang='lat' dir='ltr'>Primus,</span> <span class='ocrx_word' id='word_1_43' title='bbox 1078 1150 1131 1230; x_wconf 92' lang='lat' dir='ltr'>qui</span> <span class='ocrx_word' id='word_1_44' title='bbox 1157 1168 1244 1229; x_wconf 91' lang='lat' dir='ltr'>prae-</span> 
     </span>
     <span class='ocr_line' id='line_1_6' title="bbox 151 1242 1242 1327; baseline -0.006 -18"><span class='ocrx_word' id='word_1_45' title='bbox 151 1245 336 1327; x_wconf 79' lang='lat' dir='ltr'>scriptiones</span> <span class='ocrx_word' id='word_1_46' title='bbox 362 1247 445 1309; x_wconf 89' lang='lat' dir='ltr'>circa</span> <span class='ocrx_word' id='word_1_47' title='bbox 470 1246 670 1325; x_wconf 84' lang='lat' dir='ltr'>Conopaeum</span> <span class='ocrx_word' id='word_1_48' title='bbox 696 1243 794 1320; x_wconf 89' lang='lat' dir='ltr'>dedit,</span> <span class='ocrx_word' id='word_1_49' title='bbox 820 1249 887 1307; x_wconf 91' lang='lat' dir='ltr'>erat</span> <span class='ocrx_word' id='word_1_50' title='bbox 914 1243 947 1306; x_wconf 84' lang='lat' dir='ltr'>S.</span> <span class='ocrx_word' id='word_1_51' title='bbox 975 1242 1105 1304; x_wconf 83' lang='lat' dir='ltr'>Carolus</span> <span class='ocrx_word' id='word_1_52' title='bbox 1133 1242 1242 1302; x_wconf 90' lang='lat' dir='ltr'>Berro-</span> 
     </span>
     <span class='ocr_line' id='line_1_7' title="bbox 151 1332 1244 1418; baseline -0.006 -17"><span class='ocrx_word' id='word_1_53' title='bbox 151 1357 268 1416; x_wconf 88' lang='lat' dir='ltr'>maeus,</span> <span class='ocrx_word' id='word_1_54' title='bbox 290 1337 344 1403; x_wconf 88' lang='lat' dir='ltr'>sed</span> <span class='ocrx_word' id='word_1_55' title='bbox 367 1338 491 1401; x_wconf 91' lang='lat' dir='ltr'>videtur</span> <span class='ocrx_word' id='word_1_56' title='bbox 512 1340 578 1418; x_wconf 87' lang='lat' dir='ltr'>jam</span> <span class='ocrx_word' id='word_1_57' title='bbox 601 1343 691 1400; x_wconf 90' lang='lat' dir='ltr'>antea</span> <span class='ocrx_word' id='word_1_58' title='bbox 716 1338 750 1398; x_wconf 94' lang='lat' dir='ltr'>in</span> <span class='ocrx_word' id='word_1_59' title='bbox 773 1355 832 1399; x_wconf 91' lang='lat' dir='ltr'>usu</span> <span class='ocrx_word' id='word_1_60' title='bbox 855 1337 961 1399; x_wconf 85' lang='lat' dir='ltr'>fuisse.</span> <span class='ocrx_word' id='word_1_61' title='bbox 1007 1335 1099 1400; x_wconf 85' lang='lat' dir='ltr'>Forte</span> <span class='ocrx_word' id='word_1_62' title='bbox 1123 1332 1244 1397; x_wconf 88' lang='lat' dir='ltr'>saeculo</span> 
     </span>
     <span class='ocr_line' id='line_1_8' title="bbox 151 1425 1244 1512; baseline -0.006 -18"><span class='ocrx_word' id='word_1_63' title='bbox 151 1430 224 1494; x_wconf 91' lang='lat' dir='ltr'>XV.</span> <span class='ocrx_word' id='word_1_64' title='bbox 241 1429 408 1512; x_wconf 85' lang='lat' dir='ltr'>paullatim</span> <span class='ocrx_word' id='word_1_65' title='bbox 426 1431 641 1493; x_wconf 87' lang='lat' dir='ltr'>introductum</span> <span class='ocrx_word' id='word_1_66' title='bbox 660 1430 733 1492; x_wconf 85' lang='lat' dir='ltr'>fuit.</span> <span class='ocrx_word' id='word_1_67' title='bbox 771 1429 897 1493; x_wconf 90' lang='lat' dir='ltr'>Rituale</span> <span class='ocrx_word' id='word_1_68' title='bbox 915 1430 1093 1493; x_wconf 88' lang='lat' dir='ltr'>Romanum</span> <span class='ocrx_word' id='word_1_69' title='bbox 1110 1447 1129 1490; x_wconf 92' lang='lat' dir='ltr'>a</span> <span class='ocrx_word' id='word_1_70' title='bbox 1145 1425 1244 1489; x_wconf 91' lang='lat' dir='ltr'>Paulo</span> 
     </span>
     <span class='ocr_line' id='line_1_9' title="bbox 153 1521 1245 1605; baseline -0.005 -19"><span class='ocrx_word' id='word_1_71' title='bbox 153 1523 211 1588; x_wconf 93' lang='lat' dir='ltr'>IV.</span> <span class='ocrx_word' id='word_1_72' title='bbox 239 1524 339 1602; x_wconf 89' lang='lat' dir='ltr'>(anno</span> <span class='ocrx_word' id='word_1_73' title='bbox 360 1525 456 1603; x_wconf 88' lang='grc'>1614)</span> <span class='ocrx_word' id='word_1_74' title='bbox 483 1523 605 1586; x_wconf 91' lang='lat' dir='ltr'>editum</span> <span class='ocrx_word' id='word_1_75' title='bbox 624 1524 709 1586; x_wconf 92' lang='lat' dir='ltr'>hunc</span> <span class='ocrx_word' id='word_1_76' title='bbox 727 1542 821 1585; x_wconf 89' lang='lat' dir='ltr'>usum</span> <span class='ocrx_word' id='word_1_77' title='bbox 841 1522 1003 1605; x_wconf 88' lang='lat' dir='ltr'>adoptavit</span> <span class='ocrx_word' id='word_1_78' title='bbox 1023 1526 1055 1586; x_wconf 91' lang='lat' dir='ltr'>et</span> <span class='ocrx_word' id='word_1_79' title='bbox 1073 1521 1174 1602; x_wconf 86' lang='lat' dir='ltr'>legem</span> <span class='ocrx_word' id='word_1_80' title='bbox 1194 1537 1245 1582; x_wconf 90' lang='lat' dir='ltr'>ru-</span> 
     </span>
     <span class='ocr_line' id='line_1_10' title="bbox 151 1615 518 1681; baseline 0.003 -3"><span class='ocrx_word' id='word_1_81' title='bbox 151 1615 300 1680; x_wconf 89' lang='lat' dir='ltr'>bricalem</span> <span class='ocrx_word' id='word_1_82' title='bbox 320 1634 413 1681; x_wconf 88' lang='lat' dir='ltr'>exeo</span> <span class='ocrx_word' id='word_1_83' title='bbox 433 1617 518 1679; x_wconf 87' lang='lat' dir='ltr'>feeit.</span> 
     </span>
    </p>
   </div>
   <div class='ocr_carea' id='block_1_3' title="bbox 536 1834 860 1891">
    <p class='ocr_par' dir='ltr' id='par_1_3' title="bbox 536 1834 860 1891">
     <span class='ocr_line' id='line_1_11' title="bbox 536 1834 860 1891; baseline 0.009 -3"><span class='ocrx_word' id='word_1_84' title='bbox 536 1834 860 1891; x_wconf 74' lang='lat' dir='ltr'><strong>ADDITAMENTA.</strong></span> 
     </span>
    </p>
   </div>
   <div class='ocr_carea' id='block_1_4' title="bbox 437 2001 957 2055">
    <p class='ocr_par' dir='ltr' id='par_1_4' title="bbox 437 2001 957 2055">
     <span class='ocr_line' id='line_1_12' title="bbox 437 2001 957 2055; baseline 0.004 -2"><span class='ocrx_word' id='word_1_85' title='bbox 437 2003 486 2054; x_wconf 84' lang='lat' dir='ltr'>DE</span> <span class='ocrx_word' id='word_1_86' title='bbox 507 2001 714 2054; x_wconf 83' lang='lat' dir='ltr'>COLORIBUS</span> <span class='ocrx_word' id='word_1_87' title='bbox 734 2003 957 2055; x_wconf 83' lang='lat' dir='ltr'>LITURGICIS.</span> 
     </span>
    </p>
   </div>
   <div class='ocr_carea' id='block_1_5' title="bbox 152 2144 1252 4447">
    <p class='ocr_par' dir='ltr' id='par_1_5' title="bbox 152 2144 1246 2876">
     <span class='ocr_line' id='line_1_13' title="bbox 194 2144 1245 2225; baseline -0.001 -16"><span class='ocrx_word' id='word_1_88' title='bbox 194 2145 265 2209; x_wconf 79' lang='grc'><strong>363.</strong></span> <span class='ocrx_word' id='word_1_89' title='bbox 289 2144 462 2208; x_wconf 90' lang='lat' dir='ltr'>Diversitas</span> <span class='ocrx_word' id='word_1_90' title='bbox 484 2144 633 2221; x_wconf 88' lang='lat' dir='ltr'>colorum,</span> <span class='ocrx_word' id='word_1_91' title='bbox 653 2164 746 2225; x_wconf 91' lang='lat' dir='ltr'>quam</span> <span class='ocrx_word' id='word_1_92' title='bbox 767 2147 800 2207; x_wconf 94' lang='lat' dir='ltr'>in</span> <span class='ocrx_word' id='word_1_93' title='bbox 822 2146 913 2208; x_wconf 88' lang='lat' dir='ltr'>rebus</span> <span class='ocrx_word' id='word_1_94' title='bbox 934 2146 1131 2210; x_wconf 90' lang='lat' dir='ltr'>naturalibus</span> <span class='ocrx_word' id='word_1_95' title='bbox 1153 2145 1245 2208; x_wconf 90' lang='lat' dir='ltr'>undi-</span> 
     </span>
     <span class='ocr_line' id='line_1_14' title="bbox 152 2237 1246 2320; baseline 0 -20"><span class='ocrx_word' id='word_1_96' title='bbox 152 2260 211 2319; x_wconf 90' lang='lat' dir='ltr'>que</span> <span class='ocrx_word' id='word_1_97' title='bbox 232 2238 330 2302; x_wconf 92' lang='lat' dir='ltr'>oculis</span> <span class='ocrx_word' id='word_1_98' title='bbox 349 2239 466 2300; x_wconf 89' lang='lat' dir='ltr'>nostris</span> <span class='ocrx_word' id='word_1_99' title='bbox 485 2237 692 2318; x_wconf 82' lang='lat' dir='ltr'>perspicimus</span> <span class='ocrx_word' id='word_1_100' title='bbox 713 2238 831 2299; x_wconf 90' lang='lat' dir='ltr'>donum</span> <span class='ocrx_word' id='word_1_101' title='bbox 849 2243 897 2301; x_wconf 92' lang='lat' dir='ltr'>est</span> <span class='ocrx_word' id='word_1_102' title='bbox 914 2239 1066 2320; x_wconf 90' lang='lat' dir='ltr'>sapientis</span> <span class='ocrx_word' id='word_1_103' title='bbox 1088 2239 1246 2302; x_wconf 87' lang='lat' dir='ltr'>Creatoris</span> 
     </span>
     <span class='ocr_line' id='line_1_15' title="bbox 152 2329 1244 2412; baseline -0.001 -19"><span class='ocrx_word' id='word_1_104' title='bbox 152 2338 184 2395; x_wconf 93' lang='lat' dir='ltr'>et</span> <span class='ocrx_word' id='word_1_105' title='bbox 206 2330 336 2412; x_wconf 87' lang='lat' dir='ltr'>benigni</span> <span class='ocrx_word' id='word_1_106' title='bbox 359 2330 475 2407; x_wconf 90' lang='lat' dir='ltr'>Patris,</span> <span class='ocrx_word' id='word_1_107' title='bbox 500 2331 606 2412; x_wconf 92' lang='lat' dir='ltr'>prouti</span> <span class='ocrx_word' id='word_1_108' title='bbox 628 2330 674 2393; x_wconf 90' lang='lat' dir='ltr'>ita</span> <span class='ocrx_word' id='word_1_109' title='bbox 697 2329 879 2394; x_wconf 85' lang='lat' dir='ltr'>excellentia</span> <span class='ocrx_word' id='word_1_110' title='bbox 903 2336 933 2394; x_wconf 89' lang='lat' dir='ltr'>et</span> <span class='ocrx_word' id='word_1_111' title='bbox 957 2332 1160 2412; x_wconf 84' lang='lat' dir='ltr'>pulchritudo</span> <span class='ocrx_word' id='word_1_112' title='bbox 1185 2331 1244 2394; x_wconf 88' lang='lat' dir='ltr'>Dei</span> 
     </span>
     <span class='ocr_line' id='line_1_16' title="bbox 154 2422 1245 2506; baseline -0.002 -21"><span class='ocrx_word' id='word_1_113' title='bbox 154 2423 322 2486; x_wconf 87' lang='lat' dir='ltr'>invisibilis</span> <span class='ocrx_word' id='word_1_114' title='bbox 342 2442 398 2506; x_wconf 88' lang='lat' dir='ltr'>per</span> <span class='ocrx_word' id='word_1_115' title='bbox 418 2422 554 2485; x_wconf 87' lang='lat' dir='ltr'>visibilia</span> <span class='ocrx_word' id='word_1_116' title='bbox 572 2422 660 2484; x_wconf 89' lang='lat' dir='ltr'>nobis</span> <span class='ocrx_word' id='word_1_117' title='bbox 682 2422 914 2486; x_wconf 83' lang='lat' dir='ltr'>manifestatur.</span> <span class='ocrx_word' id='word_1_118' title='bbox 959 2423 1092 2506; x_wconf 85' lang='lat' dir='ltr'>Insuper</span> <span class='ocrx_word' id='word_1_119' title='bbox 1114 2424 1245 2486; x_wconf 89' lang='lat' dir='ltr'>diversis</span> 
     </span>
     <span class='ocr_line' id='line_1_17' title="bbox 153 2515 1245 2598; baseline -0.001 -19"><span class='ocrx_word' id='word_1_120' title='bbox 153 2516 307 2579; x_wconf 90' lang='lat' dir='ltr'>coloribus</span> <span class='ocrx_word' id='word_1_121' title='bbox 330 2517 417 2598; x_wconf 86' lang='lat' dir='ltr'>quasi</span> <span class='ocrx_word' id='word_1_122' title='bbox 442 2515 563 2596; x_wconf 87' lang='lat' dir='ltr'>magica</span> <span class='ocrx_word' id='word_1_123' title='bbox 588 2516 634 2578; x_wconf 86' lang='lat' dir='ltr'>vis</span> <span class='ocrx_word' id='word_1_124' title='bbox 659 2517 833 2596; x_wconf 67' lang='lat' dir='ltr'>inestque</span> <span class='ocrx_word' id='word_1_125' title='bbox 858 2516 988 2579; x_wconf 83' lang='lat' dir='ltr'>allectus</span> <span class='ocrx_word' id='word_1_126' title='bbox 1013 2517 1115 2579; x_wconf 91' lang='lat' dir='ltr'>cordis</span> <span class='ocrx_word' id='word_1_127' title='bbox 1138 2517 1245 2579; x_wconf 88' lang='lat' dir='ltr'>multi-</span> 
     </span>
     <span class='ocr_line' id='line_1_18' title="bbox 153 2609 1245 2688; baseline -0.001 -17"><span class='ocrx_word' id='word_1_128' title='bbox 153 2609 269 2672; x_wconf 86' lang='lat' dir='ltr'>formes</span> <span class='ocrx_word' id='word_1_129' title='bbox 288 2610 456 2673; x_wconf 90' lang='lat' dir='ltr'>eliciantur</span> <span class='ocrx_word' id='word_1_130' title='bbox 473 2615 504 2673; x_wconf 90' lang='lat' dir='ltr'>ot</span> <span class='ocrx_word' id='word_1_131' title='bbox 523 2629 611 2671; x_wconf 88' lang='lat' dir='ltr'>meus</span> <span class='ocrx_word' id='word_1_132' title='bbox 630 2610 769 2671; x_wconf 92' lang='lat' dir='ltr'>humana</span> <span class='ocrx_word' id='word_1_133' title='bbox 788 2609 917 2688; x_wconf 86' lang='lat' dir='ltr'>objectis</span> <span class='ocrx_word' id='word_1_134' title='bbox 937 2609 1136 2672; x_wconf 88' lang='lat' dir='ltr'>sensibilibus</span> <span class='ocrx_word' id='word_1_135' title='bbox 1157 2609 1245 2671; x_wconf 90' lang='lat' dir='ltr'>insti-</span> 
     </span>
     <span class='ocr_line' id='line_1_19' title="bbox 152 2702 1246 2784; baseline 0.001 -20"><span class='ocrx_word' id='word_1_136' title='bbox 152 2707 225 2783; x_wconf 85' lang='lat' dir='ltr'>gata</span> <span class='ocrx_word' id='word_1_137' title='bbox 252 2702 432 2784; x_wconf 89' lang='lat' dir='ltr'>spiritualia</span> <span class='ocrx_word' id='word_1_138' title='bbox 458 2709 622 2782; x_wconf 81' lang='lat' dir='ltr'>cognoseat</span> <span class='ocrx_word' id='word_1_139' title='bbox 649 2706 680 2765; x_wconf 92' lang='lat' dir='ltr'>et</span> <span class='ocrx_word' id='word_1_140' title='bbox 705 2702 742 2764; x_wconf 94' lang='lat' dir='ltr'>ab</span> <span class='ocrx_word' id='word_1_141' title='bbox 771 2702 915 2765; x_wconf 83' lang='lat' dir='ltr'>inferiori</span> <span class='ocrx_word' id='word_1_142' title='bbox 942 2702 1052 2765; x_wconf 90' lang='lat' dir='ltr'>ordine</span> <span class='ocrx_word' id='word_1_143' title='bbox 1078 2705 1246 2766; x_wconf 89' lang='lat' dir='ltr'>ascendens</span> 
     </span>
     <span class='ocr_line' id='line_1_20' title="bbox 153 2793 733 2876; baseline -0.002 -17"><span class='ocrx_word' id='word_1_144' title='bbox 153 2795 193 2859; x_wconf 91' lang='lat' dir='ltr'>ad</span> <span class='ocrx_word' id='word_1_145' title='bbox 213 2796 405 2876; x_wconf 89' lang='lat' dir='ltr'>superiorem</span> <span class='ocrx_word' id='word_1_146' title='bbox 425 2793 567 2858; x_wconf 89' lang='lat' dir='ltr'>ordinem</span> <span class='ocrx_word' id='word_1_147' title='bbox 587 2795 733 2858; x_wconf 88' lang='lat' dir='ltr'>elevetur.</span> 
     </span>
    </p>

    <p class='ocr_par' dir='ltr' id='par_1_6' title="bbox 153 2887 1249 3805">
     <span class='ocr_line' id='line_1_21' title="bbox 196 2887 1245 2970; baseline 0.003 -21"><span class='ocrx_word' id='word_1_148' title='bbox 196 2892 224 2953; x_wconf 82' lang='lat'>2.</span> <span class='ocrx_word' id='word_1_149' title='bbox 248 2887 386 2964; x_wconf 64' lang='lat' dir='ltr'>“Hine&#39;’</span> <span class='ocrx_word' id='word_1_150' title='bbox 406 2888 511 2968; x_wconf 92' lang='lat' dir='ltr'>inquit</span> <span class='ocrx_word' id='word_1_151' title='bbox 530 2889 602 2950; x_wconf 85' lang='lat' dir='ltr'>Van</span> <span class='ocrx_word' id='word_1_152' title='bbox 622 2888 677 2950; x_wconf 88' lang='lat' dir='ltr'>der</span> <span class='ocrx_word' id='word_1_153' title='bbox 697 2888 847 2968; x_wconf 87' lang='lat' dir='ltr'>Stappen,</span> <span class='ocrx_word' id='word_1_154' title='bbox 867 2890 969 2953; x_wconf 83' lang='lat' dir='ltr'>“sieut</span> <span class='ocrx_word' id='word_1_155' title='bbox 987 2910 1108 2970; x_wconf 90' lang='lat' dir='ltr'>semper</span> <span class='ocrx_word' id='word_1_156' title='bbox 1127 2897 1160 2955; x_wconf 90' lang='lat' dir='ltr'>et</span> <span class='ocrx_word' id='word_1_157' title='bbox 1179 2889 1245 2952; x_wconf 94' lang='lat' dir='ltr'>ubi-</span> 
     </span>
     <span class='ocr_line' id='line_1_22' title="bbox 154 2980 1246 3062; baseline 0 -19"><span class='ocrx_word' id='word_1_158' title='bbox 154 3003 212 3062; x_wconf 85' lang='lat' dir='ltr'>que</span> <span class='ocrx_word' id='word_1_159' title='bbox 234 2987 390 3044; x_wconf 87' lang='lat' dir='ltr'>terrarum</span> <span class='ocrx_word' id='word_1_160' title='bbox 412 2980 554 3043; x_wconf 88' lang='lat' dir='ltr'>homines</span> <span class='ocrx_word' id='word_1_161' title='bbox 576 2983 625 3043; x_wconf 93' lang='lat' dir='ltr'>usi</span> <span class='ocrx_word' id='word_1_162' title='bbox 649 2987 723 3044; x_wconf 92' lang='lat' dir='ltr'>sunt</span> <span class='ocrx_word' id='word_1_163' title='bbox 746 2982 882 3044; x_wconf 86' lang='lat' dir='ltr'>vestibus</span> <span class='ocrx_word' id='word_1_164' title='bbox 906 2985 1053 3047; x_wconf 87' lang='lat' dir='ltr'>varietate</span> <span class='ocrx_word' id='word_1_165' title='bbox 1077 2983 1246 3053; x_wconf 87' lang='lat' dir='ltr'>distinctis,</span> 
     </span>
     <span class='ocr_line' id='line_1_23' title="bbox 153 3074 1246 3155; baseline 0.001 -19"><span class='ocrx_word' id='word_1_166' title='bbox 153 3076 215 3137; x_wconf 87' lang='lat' dir='ltr'>sive</span> <span class='ocrx_word' id='word_1_167' title='bbox 245 3074 282 3135; x_wconf 92' lang='lat' dir='ltr'>ad</span> <span class='ocrx_word' id='word_1_168' title='bbox 315 3074 477 3135; x_wconf 82' lang='lat' dir='ltr'>seientiam</span> <span class='ocrx_word' id='word_1_169' title='bbox 506 3075 729 3150; x_wconf 85' lang='lat' dir='ltr'>honorandam,</span> <span class='ocrx_word' id='word_1_170' title='bbox 762 3074 824 3138; x_wconf 80' lang='lat' dir='ltr'>sive</span> <span class='ocrx_word' id='word_1_171' title='bbox 854 3076 892 3136; x_wconf 95' lang='lat' dir='ltr'>ad</span> <span class='ocrx_word' id='word_1_172' title='bbox 924 3075 1082 3155; x_wconf 84' lang='lat' dir='ltr'>justitiam</span> <span class='ocrx_word' id='word_1_173' title='bbox 1111 3077 1246 3140; x_wconf 90' lang='lat' dir='ltr'>admini-</span> 
     </span>
     <span class='ocr_line' id='line_1_24' title="bbox 153 3166 1247 3250; baseline 0.002 -21"><span class='ocrx_word' id='word_1_174' title='bbox 153 3166 326 3243; x_wconf 87' lang='lat' dir='ltr'>strandam,</span> <span class='ocrx_word' id='word_1_175' title='bbox 351 3166 415 3229; x_wconf 90' lang='lat' dir='ltr'>sive</span> <span class='ocrx_word' id='word_1_176' title='bbox 437 3167 533 3228; x_wconf 88' lang='lat' dir='ltr'>etiam</span> <span class='ocrx_word' id='word_1_177' title='bbox 557 3166 597 3229; x_wconf 91' lang='lat' dir='ltr'>ad</span> <span class='ocrx_word' id='word_1_178' title='bbox 622 3166 777 3228; x_wconf 89' lang='lat' dir='ltr'>laetitiam</span> <span class='ocrx_word' id='word_1_179' title='bbox 801 3168 848 3231; x_wconf 92' lang='lat' dir='ltr'>vel</span> <span class='ocrx_word' id='word_1_180' title='bbox 874 3189 1043 3232; x_wconf 89' lang='lat' dir='ltr'>moerorem</span> <span class='ocrx_word' id='word_1_181' title='bbox 1069 3170 1247 3250; x_wconf 87' lang='lat' dir='ltr'>significau-</span> 
     </span>
     <span class='ocr_line' id='line_1_25' title="bbox 153 3258 1245 3343; baseline 0.002 -21"><span class='ocrx_word' id='word_1_182' title='bbox 153 3260 373 3335; x_wconf 80' lang='lat' dir='ltr'>dum3—sicut</span> <span class='ocrx_word' id='word_1_183' title='bbox 403 3260 497 3322; x_wconf 89' lang='lat' dir='ltr'>etiam</span> <span class='ocrx_word' id='word_1_184' title='bbox 531 3260 563 3319; x_wconf 91' lang='lat' dir='ltr'>in</span> <span class='ocrx_word' id='word_1_185' title='bbox 595 3260 723 3338; x_wconf 89' lang='lat' dir='ltr'>antiqua</span> <span class='ocrx_word' id='word_1_186' title='bbox 753 3258 820 3340; x_wconf 90' lang='lat' dir='ltr'>lege</span> <span class='ocrx_word' id='word_1_187' title='bbox 851 3260 987 3323; x_wconf 86' lang='lat' dir='ltr'>diversos</span> <span class='ocrx_word' id='word_1_188' title='bbox 1016 3263 1142 3336; x_wconf 82' lang='lat' dir='ltr'>coleres,</span> <span class='ocrx_word' id='word_1_189' title='bbox 1173 3264 1245 3343; x_wconf 78' lang='lat' dir='ltr'>hya-</span> 
     </span>
     <span class='ocr_line' id='line_1_26' title="bbox 154 3351 1247 3434; baseline -0.002 -18"><span class='ocrx_word' id='word_1_190' title='bbox 154 3354 309 3429; x_wconf 90' lang='lat' dir='ltr'>cinthum,</span> <span class='ocrx_word' id='word_1_191' title='bbox 329 3357 361 3415; x_wconf 88' lang='lat' dir='ltr'>et</span> <span class='ocrx_word' id='word_1_192' title='bbox 381 3372 564 3434; x_wconf 88' lang='lat' dir='ltr'>purpuram,</span> <span class='ocrx_word' id='word_1_193' title='bbox 583 3356 614 3414; x_wconf 90' lang='lat' dir='ltr'>et</span> <span class='ocrx_word' id='word_1_194' title='bbox 634 3351 769 3431; x_wconf 83' lang='lat' dir='ltr'>byssum,</span> <span class='ocrx_word' id='word_1_195' title='bbox 789 3352 926 3433; x_wconf 88' lang='lat' dir='ltr'>aliosque</span> <span class='ocrx_word' id='word_1_196' title='bbox 947 3356 1079 3434; x_wconf 90' lang='lat' dir='ltr'>legimus</span> <span class='ocrx_word' id='word_1_197' title='bbox 1100 3357 1131 3417; x_wconf 92' lang='lat' dir='ltr'>in</span> <span class='ocrx_word' id='word_1_198' title='bbox 1153 3355 1247 3418; x_wconf 85' lang='lat' dir='ltr'>saeris</span> 
     </span>
     <span class='ocr_line' id='line_1_27' title="bbox 155 3443 1247 3526; baseline 0.004 -19"><span class='ocrx_word' id='word_1_199' title='bbox 155 3446 349 3509; x_wconf 86' lang='lat' dir='ltr'>vestimentis</span> <span class='ocrx_word' id='word_1_200' title='bbox 369 3443 527 3506; x_wconf 84' lang='lat' dir='ltr'>adhibitos</span> <span class='ocrx_word' id='word_1_201' title='bbox 538 3445 633 3509; x_wconf 74' lang='lat' dir='ltr'>z-ita</span> <span class='ocrx_word' id='word_1_202' title='bbox 654 3443 750 3507; x_wconf 91' lang='lat' dir='ltr'>etiam</span> <span class='ocrx_word' id='word_1_203' title='bbox 771 3445 804 3505; x_wconf 92' lang='lat' dir='ltr'>in</span> <span class='ocrx_word' id='word_1_204' title='bbox 828 3445 915 3507; x_wconf 83' lang='lat' dir='ltr'>Nova</span> <span class='ocrx_word' id='word_1_205' title='bbox 935 3448 1017 3526; x_wconf 86' lang='lat' dir='ltr'>Lege</span> <span class='ocrx_word' id='word_1_206' title='bbox 1039 3448 1177 3510; x_wconf 79' lang='lat' dir='ltr'>Ecclesia</span> <span class='ocrx_word' id='word_1_207' title='bbox 1198 3469 1247 3511; x_wconf 89' lang='lat' dir='ltr'>va-</span> 
     </span>
     <span class='ocr_line' id='line_1_28' title="bbox 155 3535 1247 3616; baseline 0.001 -15"><span class='ocrx_word' id='word_1_208' title='bbox 155 3538 282 3602; x_wconf 84' lang='lat' dir='ltr'>rietates</span> <span class='ocrx_word' id='word_1_209' title='bbox 302 3537 441 3601; x_wconf 89' lang='lat' dir='ltr'>colorum</span> <span class='ocrx_word' id='word_1_210' title='bbox 462 3535 584 3598; x_wconf 84' lang='lat' dir='ltr'>decenti</span> <span class='ocrx_word' id='word_1_211' title='bbox 605 3555 720 3616; x_wconf 92' lang='lat' dir='ltr'>pompa</span> <span class='ocrx_word' id='word_1_212' title='bbox 741 3537 776 3598; x_wconf 91' lang='lat' dir='ltr'>in</span> <span class='ocrx_word' id='word_1_213' title='bbox 795 3537 891 3598; x_wconf 88' lang='lat' dir='ltr'>saeris</span> <span class='ocrx_word' id='word_1_214' title='bbox 912 3539 1047 3600; x_wconf 86' lang='lat' dir='ltr'>vestibus</span> <span class='ocrx_word' id='word_1_215' title='bbox 1068 3539 1247 3615; x_wconf 80' lang='lat' dir='ltr'>destinarit,</span> 
     </span>
     <span class='ocr_line' id='line_1_29' title="bbox 155 3628 1249 3711; baseline 0.001 -17"><span class='ocrx_word' id='word_1_216' title='bbox 155 3631 195 3694; x_wconf 91' lang='lat' dir='ltr'>ad</span> <span class='ocrx_word' id='word_1_217' title='bbox 214 3629 480 3694; x_wconf 83' lang='lat' dir='ltr'>manifestandam</span> <span class='ocrx_word' id='word_1_218' title='bbox 501 3628 638 3692; x_wconf 85' lang='lat' dir='ltr'>exterius</span> <span class='ocrx_word' id='word_1_219' title='bbox 659 3629 772 3691; x_wconf 91' lang='lat' dir='ltr'>miram</span> <span class='ocrx_word' id='word_1_220' title='bbox 794 3629 959 3707; x_wconf 89' lang='lat' dir='ltr'>virtutum,</span> <span class='ocrx_word' id='word_1_221' title='bbox 981 3632 1094 3711; x_wconf 89' lang='lat' dir='ltr'>quibus</span> <span class='ocrx_word' id='word_1_222' title='bbox 1118 3633 1249 3696; x_wconf 89' lang='lat' dir='ltr'>interius</span> 
     </span>
     <span class='ocr_line' id='line_1_30' title="bbox 158 3721 544 3805; baseline -0.005 -19"><span class='ocrx_word' id='word_1_223' title='bbox 158 3724 269 3805; x_wconf 82' lang='lat' dir='ltr'>fulget,</span> <span class='ocrx_word' id='word_1_224' title='bbox 285 3721 544 3787; x_wconf 85' lang='lat' dir='ltr'>diversitatem.&#39;’¹</span> 
     </span>
    </p>

    <p class='ocr_par' dir='ltr' id='par_1_7' title="bbox 154 3845 1252 4447">
     <span class='ocr_line' id='line_1_31' title="bbox 189 3845 1246 3917; baseline 0.007 -19"><span class='ocrx_word' id='word_1_225' title='bbox 189 3847 308 3899; x_wconf 80' lang='lat' dir='ltr'>²Golorr</span> <span class='ocrx_word' id='word_1_226' title='bbox 332 3862 380 3902; x_wconf 89' lang='lat' dir='ltr'>are</span> <span class='ocrx_word' id='word_1_227' title='bbox 405 3847 542 3913; x_wconf 83' lang='lat' dir='ltr'>produced</span> <span class='ocrx_word' id='word_1_228' title='bbox 567 3846 605 3911; x_wconf 86' lang='lat' dir='ltr'>by</span> <span class='ocrx_word' id='word_1_229' title='bbox 629 3845 676 3898; x_wconf 90' lang='lat' dir='ltr'>the</span> <span class='ocrx_word' id='word_1_230' title='bbox 726 3848 772 3900; x_wconf 85' lang='lat' dir='ltr'>the</span> <span class='ocrx_word' id='word_1_231' title='bbox 795 3852 932 3899; x_wconf 72' lang='lat' dir='ltr'>eontracta</span> <span class='ocrx_word' id='word_1_232' title='bbox 954 3850 1074 3902; x_wconf 82' lang='lat' dir='ltr'>between</span> <span class='ocrx_word' id='word_1_233' title='bbox 1098 3852 1169 3917; x_wconf 76' lang='lat' dir='ltr'>light</span> <span class='ocrx_word' id='word_1_234' title='bbox 1192 3855 1246 3905; x_wconf 91' lang='lat' dir='ltr'>and</span> 
     </span>
     <span class='ocr_line' id='line_1_32' title="bbox 154 3921 1248 3990; baseline 0.005 -16"><span class='ocrx_word' id='word_1_235' title='bbox 154 3925 248 3977; x_wconf 81' lang='lat' dir='ltr'>varied</span> <span class='ocrx_word' id='word_1_236' title='bbox 269 3923 421 3976; x_wconf 76' lang='lat' dir='ltr'>refraction</span> <span class='ocrx_word' id='word_1_237' title='bbox 441 3922 474 3974; x_wconf 76' lang='lat' dir='ltr'>of</span> <span class='ocrx_word' id='word_1_238' title='bbox 493 3924 540 3974; x_wconf 84' lang='lat' dir='ltr'>the</span> <span class='ocrx_word' id='word_1_239' title='bbox 560 3937 624 3987; x_wconf 81' lang='lat' dir='ltr'>raya</span> <span class='ocrx_word' id='word_1_240' title='bbox 644 3921 677 3974; x_wconf 76' lang='lat' dir='ltr'>of</span> <span class='ocrx_word' id='word_1_241' title='bbox 727 3922 864 3975; x_wconf 84' lang='lat' dir='ltr'>darkness.</span> <span class='ocrx_word' id='word_1_242' title='bbox 896 3924 953 3976; x_wconf 82' lang='lat' dir='ltr'>The</span> <span class='ocrx_word' id='word_1_243' title='bbox 966 3927 1061 3990; x_wconf 76' lang='lat' dir='ltr'>bright</span> <span class='ocrx_word' id='word_1_244' title='bbox 1074 3929 1148 3980; x_wconf 90' lang='lat' dir='ltr'>vivid</span> <span class='ocrx_word' id='word_1_245' title='bbox 1162 3930 1248 3981; x_wconf 84' lang='lat' dir='ltr'>colora</span> 
     </span>
     <span class='ocr_line' id='line_1_33' title="bbox 154 3998 1248 4071; baseline 0.005 -21"><span class='ocrx_word' id='word_1_246' title='bbox 154 4000 233 4063; x_wconf 78' lang='lat' dir='ltr'>light,</span> <span class='ocrx_word' id='word_1_247' title='bbox 251 4001 314 4065; x_wconf 90' lang='lat' dir='ltr'>and,</span> <span class='ocrx_word' id='word_1_248' title='bbox 331 4000 385 4052; x_wconf 83' lang='lat' dir='ltr'>like</span> <span class='ocrx_word' id='word_1_249' title='bbox 402 4000 474 4065; x_wconf 76' lang='lat' dir='ltr'>light</span> <span class='ocrx_word' id='word_1_250' title='bbox 491 4001 576 4059; x_wconf 81' lang='lat' dir='ltr'>itself,</span> <span class='ocrx_word' id='word_1_251' title='bbox 594 4000 676 4051; x_wconf 87' lang='lat' dir='ltr'>stand</span> <span class='ocrx_word' id='word_1_252' title='bbox 726 4002 771 4049; x_wconf 81' lang='lat' dir='ltr'>aet</span> <span class='ocrx_word' id='word_1_253' title='bbox 790 3999 826 4062; x_wconf 82' lang='lat' dir='ltr'>by</span> <span class='ocrx_word' id='word_1_254' title='bbox 847 3998 964 4066; x_wconf 78' lang='lat' dir='ltr'>inciting</span> <span class='ocrx_word' id='word_1_255' title='bbox 981 4003 1036 4054; x_wconf 83' lang='lat' dir='ltr'>and</span> <span class='ocrx_word' id='word_1_256' title='bbox 1055 4002 1191 4071; x_wconf 76' lang='lat' dir='ltr'>rejoicing</span> <span class='ocrx_word' id='word_1_257' title='bbox 1208 4022 1248 4067; x_wconf 87' lang='lat' dir='ltr'>us,</span> 
     </span>
     <span class='ocr_line' id='line_1_34' title="bbox 154 4074 1248 4140; baseline 0.008 -16"><span class='ocrx_word' id='word_1_258' title='bbox 154 4075 232 4127; x_wconf 88' lang='lat' dir='ltr'>inan</span> <span class='ocrx_word' id='word_1_259' title='bbox 249 4075 375 4128; x_wconf 88' lang='lat' dir='ltr'>intimate</span> <span class='ocrx_word' id='word_1_260' title='bbox 390 4077 445 4127; x_wconf 86' lang='lat' dir='ltr'>and</span> <span class='ocrx_word' id='word_1_261' title='bbox 460 4076 623 4140; x_wconf 79' lang='lat' dir='ltr'>mysterious</span> <span class='ocrx_word' id='word_1_262' title='bbox 636 4091 675 4128; x_wconf 95' lang='lat' dir='ltr'>re·</span> <span class='ocrx_word' id='word_1_263' title='bbox 727 4074 804 4125; x_wconf 82' lang='lat' dir='ltr'>while</span> <span class='ocrx_word' id='word_1_264' title='bbox 823 4076 869 4128; x_wconf 87' lang='lat' dir='ltr'>the</span> <span class='ocrx_word' id='word_1_265' title='bbox 889 4077 956 4127; x_wconf 84' lang='lat' dir='ltr'>darlr</span> <span class='ocrx_word' id='word_1_266' title='bbox 976 4079 1082 4131; x_wconf 74' lang='lat' dir='ltr'>nombre</span> <span class='ocrx_word' id='word_1_267' title='bbox 1100 4082 1187 4132; x_wconf 84' lang='lat' dir='ltr'>eolors</span> <span class='ocrx_word' id='word_1_268' title='bbox 1206 4084 1248 4133; x_wconf 86' lang='lat' dir='ltr'>de·</span> 
     </span>
     <span class='ocr_line' id='line_1_35' title="bbox 155 4150 1252 4220; baseline 0.006 -19"><span class='ocrx_word' id='word_1_269' title='bbox 155 4151 241 4202; x_wconf 81' lang='lat' dir='ltr'>lation</span> <span class='ocrx_word' id='word_1_270' title='bbox 262 4155 291 4203; x_wconf 90' lang='lat' dir='ltr'>to</span> <span class='ocrx_word' id='word_1_271' title='bbox 311 4152 357 4204; x_wconf 90' lang='lat' dir='ltr'>the</span> <span class='ocrx_word' id='word_1_272' title='bbox 379 4150 455 4202; x_wconf 84' lang='lat' dir='ltr'>inner</span> <span class='ocrx_word' id='word_1_273' title='bbox 475 4152 604 4217; x_wconf 82' lang='lat' dir='ltr'>spiritual</span> <span class='ocrx_word' id='word_1_274' title='bbox 625 4152 676 4202; x_wconf 77' lang='lat' dir='ltr'>life</span> <span class='ocrx_word' id='word_1_275' title='bbox 728 4164 805 4213; x_wconf 77' lang='lat' dir='ltr'>prees</span> <span class='ocrx_word' id='word_1_276' title='bbox 821 4151 867 4201; x_wconf 88' lang='lat' dir='ltr'>the</span> <span class='ocrx_word' id='word_1_277' title='bbox 885 4152 981 4217; x_wconf 84' lang='lat' dir='ltr'>spirits</span> <span class='ocrx_word' id='word_1_278' title='bbox 998 4154 1051 4204; x_wconf 88' lang='lat' dir='ltr'>and</span> <span class='ocrx_word' id='word_1_279' title='bbox 1070 4155 1188 4220; x_wconf 81' lang='lat' dir='ltr'>produce</span> <span class='ocrx_word' id='word_1_280' title='bbox 1205 4158 1252 4209; x_wconf 87' lang='lat' dir='ltr'>the</span> 
     </span>
     <span class='ocr_line' id='line_1_36' title="bbox 154 4226 1251 4290; baseline 0.011 -15"><span class='ocrx_word' id='word_1_281' title='bbox 154 4226 187 4276; x_wconf 76' lang='lat' dir='ltr'>of</span> <span class='ocrx_word' id='word_1_282' title='bbox 204 4243 274 4278; x_wconf 87' lang='lat' dir='ltr'>man.</span> <span class='ocrx_word' id='word_1_283' title='bbox 311 4228 396 4290; x_wconf 73' lang='lat' dir='ltr'>night</span> <span class='ocrx_word' id='word_1_284' title='bbox 415 4230 469 4279; x_wconf 88' lang='lat' dir='ltr'>aud</span> <span class='ocrx_word' id='word_1_285' title='bbox 487 4229 559 4277; x_wconf 76' lang='lat' dir='ltr'>celer</span> <span class='ocrx_word' id='word_1_286' title='bbox 578 4242 677 4290; x_wconf 78' lang='lat' dir='ltr'>among</span> <span class='ocrx_word' id='word_1_287' title='bbox 727 4227 809 4278; x_wconf 81' lang='lat' dir='ltr'>effect</span> <span class='ocrx_word' id='word_1_288' title='bbox 837 4229 869 4279; x_wconf 84' lang='lat' dir='ltr'>of</span> <span class='ocrx_word' id='word_1_289' title='bbox 896 4231 1033 4283; x_wconf 72' lang='lat' dir='ltr'>darkness.</span> <span class='ocrx_word' id='word_1_290' title='bbox 1080 4234 1136 4284; x_wconf 80' lang='lat' dir='ltr'>‘l&#39;he</span> <span class='ocrx_word' id='word_1_291' title='bbox 1164 4237 1251 4287; x_wconf 77' lang='lat' dir='ltr'>colors</span> 
     </span>
     <span class='ocr_line' id='line_1_37' title="bbox 155 4302 1248 4369; baseline 0.011 -17"><span class='ocrx_word' id='word_1_292' title='bbox 155 4302 191 4352; x_wconf 91' lang='lat' dir='ltr'>all</span> <span class='ocrx_word' id='word_1_293' title='bbox 209 4303 335 4354; x_wconf 85' lang='lat' dir='ltr'>material</span> <span class='ocrx_word' id='word_1_294' title='bbox 354 4304 455 4367; x_wconf 77' lang='lat' dir='ltr'>things,</span> <span class='ocrx_word' id='word_1_295' title='bbox 474 4319 520 4354; x_wconf 87' lang='lat' dir='ltr'>are</span> <span class='ocrx_word' id='word_1_296' title='bbox 538 4304 583 4352; x_wconf 87' lang='lat' dir='ltr'>the</span> <span class='ocrx_word' id='word_1_297' title='bbox 600 4318 676 4353; x_wconf 88' lang='lat' dir='ltr'>near·</span> <span class='ocrx_word' id='word_1_298' title='bbox 727 4318 773 4354; x_wconf 89' lang='lat' dir='ltr'>are</span> <span class='ocrx_word' id='word_1_299' title='bbox 791 4309 838 4354; x_wconf 84' lang='lat' dir='ltr'>not</span> <span class='ocrx_word' id='word_1_300' title='bbox 856 4305 920 4369; x_wconf 80' lang='lat' dir='ltr'>only</span> <span class='ocrx_word' id='word_1_301' title='bbox 935 4309 1055 4368; x_wconf 71' lang='lat' dir='ltr'>symbols</span> <span class='ocrx_word' id='word_1_302' title='bbox 1071 4309 1104 4360; x_wconf 79' lang='lat' dir='ltr'>ot</span> <span class='ocrx_word' id='word_1_303' title='bbox 1120 4311 1248 4364; x_wconf 70' lang='lat' dir='ltr'>eliderent</span> 
     </span>
     <span class='ocr_line' id='line_1_38' title="bbox 155 4380 1249 4447; baseline 0.011 -19"><span class='ocrx_word' id='word_1_304' title='bbox 155 4383 196 4428; x_wconf 88' lang='lat' dir='ltr'>est</span> <span class='ocrx_word' id='word_1_305' title='bbox 214 4380 319 4430; x_wconf 85' lang='lat' dir='ltr'>related</span> <span class='ocrx_word' id='word_1_306' title='bbox 336 4383 366 4430; x_wconf 90' lang='lat' dir='ltr'>to</span> <span class='ocrx_word' id='word_1_307' title='bbox 384 4380 430 4430; x_wconf 84' lang='lat' dir='ltr'>the</span> <span class='ocrx_word' id='word_1_308' title='bbox 448 4380 585 4444; x_wconf 89' lang='lat' dir='ltr'>spiritual.</span> <span class='ocrx_word' id='word_1_309' title='bbox 621 4381 677 4429; x_wconf 73' lang='lat' dir='ltr'>The</span> <span class='ocrx_word' id='word_1_310' title='bbox 727 4381 877 4442; x_wconf 79' lang='lat' dir='ltr'>mysteriea,</span> <span class='ocrx_word' id='word_1_311' title='bbox 901 4383 999 4443; x_wconf 84' lang='lat' dir='ltr'>trutbs,</span> <span class='ocrx_word' id='word_1_312' title='bbox 1022 4385 1161 4447; x_wconf 80' lang='lat' dir='ltr'>thoughts,</span> <span class='ocrx_word' id='word_1_313' title='bbox 1185 4388 1249 4440; x_wconf 83' lang='lat' dir='ltr'>feel·</span> 
     </span>
    </p>
   </div>
   <div class='ocr_carea' id='block_1_6' title="bbox 155 4455 1250 4604">
    <p class='ocr_par' dir='ltr' id='par_1_8' title="bbox 155 4455 1250 4604">
     <span class='ocr_line' id='line_1_39' title="bbox 155 4455 1250 4525; baseline 0.01 -21"><span class='ocrx_word' id='word_1_314' title='bbox 155 4455 316 4505; x_wconf 80' lang='lat' dir='ltr'>sentimenta</span> <span class='ocrx_word' id='word_1_315' title='bbox 330 4455 475 4506; x_wconf 80' lang='lat' dir='ltr'>awalrened</span> <span class='ocrx_word' id='word_1_316' title='bbox 494 4455 519 4503; x_wconf 89' lang='lat' dir='ltr'>in</span> <span class='ocrx_word' id='word_1_317' title='bbox 535 4470 567 4504; x_wconf 87' lang='lat' dir='ltr'>us</span> <span class='ocrx_word' id='word_1_318' title='bbox 580 4455 617 4517; x_wconf 85' lang='lat' dir='ltr'>by</span> <span class='ocrx_word' id='word_1_319' title='bbox 632 4456 677 4506; x_wconf 87' lang='lat' dir='ltr'>the</span> <span class='ocrx_word' id='word_1_320' title='bbox 730 4455 797 4517; x_wconf 73' lang='lat' dir='ltr'>inge,</span> <span class='ocrx_word' id='word_1_321' title='bbox 826 4458 994 4518; x_wconf 80' lang='lat' dir='ltr'>sentimenta,</span> <span class='ocrx_word' id='word_1_322' title='bbox 1023 4461 1071 4511; x_wconf 86' lang='lat' dir='ltr'>but</span> <span class='ocrx_word' id='word_1_323' title='bbox 1101 4462 1165 4525; x_wconf 79' lang='lat' dir='ltr'>they</span> <span class='ocrx_word' id='word_1_324' title='bbox 1192 4464 1250 4515; x_wconf 87' lang='lat' dir='ltr'>also</span> 
     </span>
     <span class='ocr_line' id='line_1_40' title="bbox 155 4529 1249 4604; baseline 0.01 -22"><span class='ocrx_word' id='word_1_325' title='bbox 155 4529 309 4596; x_wconf 76' lang='lat' dir='ltr'>particular</span> <span class='ocrx_word' id='word_1_326' title='bbox 334 4529 422 4581; x_wconf 86' lang='lat' dir='ltr'>colors</span> <span class='ocrx_word' id='word_1_327' title='bbox 446 4544 493 4581; x_wconf 86' lang='lat' dir='ltr'>are</span> <span class='ocrx_word' id='word_1_328' title='bbox 519 4530 623 4583; x_wconf 83' lang='lat' dir='ltr'>similar</span> <span class='ocrx_word' id='word_1_329' title='bbox 649 4535 677 4582; x_wconf 91' lang='lat' dir='ltr'>to</span> <span class='ocrx_word' id='word_1_330' title='bbox 727 4536 802 4583; x_wconf 76' lang='lat' dir='ltr'>exart</span> <span class='ocrx_word' id='word_1_331' title='bbox 820 4547 837 4585; x_wconf 89' lang='lat' dir='ltr'>a</span> <span class='ocrx_word' id='word_1_332' title='bbox 853 4548 926 4585; x_wconf 87' lang='lat' dir='ltr'>more</span> <span class='ocrx_word' id='word_1_333' title='bbox 943 4549 973 4584; x_wconf 95' lang='lat' dir='ltr'>or</span> <span class='ocrx_word' id='word_1_334' title='bbox 989 4536 1043 4587; x_wconf 86' lang='lat' dir='ltr'>less</span> <span class='ocrx_word' id='word_1_335' title='bbox 1059 4538 1194 4604; x_wconf 76' lang='lat' dir='ltr'>powertul</span> <span class='ocrx_word' id='word_1_336' title='bbox 1212 4540 1249 4593; x_wconf 84' lang='lat' dir='ltr'>in·</span> 
     </span>
    </p>
   </div>
   <div class='ocr_carea' id='block_1_7' title="bbox 0 0 1410 4890">
    <p class='ocr_par' dir='ltr' id='par_1_9' title="bbox 0 0 1410 4890">
     <span class='ocr_line' id='line_1_41' title="bbox 0 0 1410 4890; baseline 0 0"><span class='ocrx_word' id='word_1_337' title='bbox 0 0 1410 4890; x_wconf 95' lang='lat' dir='ltr'> </span> 
     </span>
    </p>
   </div>
  </div>
 </body>
</html>
