2804 4890
183 721 292 793 QUAE
311 722 577 780 oumuurua
599 723 643 780 IN
666 723 787 781 nssssa
811 726 886 779 PRO
910 724 1146 789 DEFUNCTIS.
1192 718 1249 781 107

157 891 386 971 persolvendas,
403 892 568 955 inclinatio
585 893 697 972 capitis
713 893 752 955 ad
770 893 902 955 Crucem
919 892 1027 956 altaris
1044 911 1143 972 neque
1159 910 1246 972 prae·

156 985 306 1048 scribitur
316 1005 416 1067 neque
427 985 620 1066 prohibetur.
655 986 695 1047 In
706 987 889 1048 recitatione
901 1006 1028 1065 precum
1037 984 1246 1065 genuflecten-

157 1079 233 1141 dum
251 1084 299 1142 est
315 1100 373 1161 pro
391 1078 495 1141 lubitu
513 1081 629 1142 sivein
647 1079 845 1159 suppedaneo
864 1080 926 1141 sive
945 1080 979 1140 in
999 1078 1108 1140 infimo
1126 1076 1246 1139 Altaria

156 1173 266 1253 gradu.
280 1174 306 1208 ¹²
332 1173 390 1236 Uti
406 1173 446 1236 ad
462 1172 539 1236 alias
554 1193 669 1254 preces,
688 1172 836 1238 Sacerdos
852 1192 964 1235 manus
980 1174 1106 1253 junctas
1123 1176 1245 1247 teneat3

157 1272 347 1348 quapropter
364 1267 493 1330 omnino
510 1267 608 1344 decet,
626 1266 753 1330 calicem
771 1268 805 1328 in
823 1266 928 1328 Altari
946 1266 1132 1347 relinquere,
1149 1264 1247 1328 donec

157 1380 262 1441 preces
279 1361 345 1425 sint
361 1359 547 1444 persolutae.

576 1580 691 1653 ΛΒΤ.
715 1580 826 1654 XIIL

156 1721 206 1773 oa
228 1719 303 1788 ma,
326 1719 427 1789 onan
451 1721 701 1775 omrruurrm
725 1722 769 1774 m
790 1722 906 1774 mssa
928 1721 1001 1775 rao
1024 1722 1247 1776 maroneam.

200 1837 249 1901 70.
272 1838 377 1902 “Ante
399 1838 626 1902 confessionem
647 1859 711 1901 non
734 1839 852 1901 dicitur
875 1838 926 1902 Pa.
948 1839 1075 1912 Jadica,
1099 1839 1151 1903 sed
1174 1859 1245 1920 pro

159 1934 307 1997 nuntiata
330 1932 531 2013 Antiphone:
554 1933 696 1996 Iatroibo
719 1934 760 1994 ad
782 1934 891 1996 Allarc
914 1933 984 2003 Dei,
1007 1941 1038 1996 ct
1061 1953 1207 2013 responso
1228 1953 1246 1994 a

157 2027 320 2092 ministro:
335 2027 388 2089 Ad
403 2026 517 2101 Deam,
533 2027 588 2110 qai
604 2027 762 2107 laetificat,
777 2033 835 2092 etc.
851 2028 970 2091 dicitur
986 2028 1026 2090 V.
1041 2026 1250 2109 adjutoriam

158 2125 299 2183 nostrum
313 2124 345 2183 et
358 2121 520 2201 Confessio
534 2140 604 2181 cum
621 2119 778 2199 reliquis.'’

199 2216 227 2275 2.
250 2213 353 2276 “Cum
370 2212 537 2275 Celebrans
552 2213 591 2274 ad
608 2212 717 2276 Altare
732 2214 846 2294 incipit
863 2213 1047 2289 Introitum,
1063 2234 1126 2277 non
1142 2214 1247 2293 signat

158 2328 199 2383 se,
226 2307 280 2371 sed
308 2327 405 2371 manu
433 2307 560 2370 dextera
587 2312 723 2383 extensa,
752 2307 830 2369 iacit
858 2308 985 2388 signum
1014 2306 1125 2369 Crucis
1153 2327 1247 2388 super

158 2401 283 2477 librum,
318 2400 407 2482 quasi
442 2400 580 2481 aliquem
616 2399 829 2476 benedicens,'’
854 2400 983 2463 sinistra
1019 2420 1112 2481 super
1137 2399 1247 2464 Altare

157 2494 281 2575 posita.¹

199 2591 227 2651 3.
251 2587 345 2651 “Non
368 2588 488 2651 dicitur
512 2588 619 2652 Gloria
639 2588 740 2662 Patri,
763 2608 820 2651 nec
845 2589 952 2653 Gloria
972 2589 1007 2652 ia
1030 2588 1166 2662 eccelsia,
1189 2608 1247 2651 nec

158 2683 307 2764 Alleluja,
330 2703 386 2745 nec
409 2684 492 2746 aare
516 2683 651 2746 Domine
675 2683 863 2756 benedicere,
888 2704 944 2746 nec
967 2682 1123 2746 Dominae
1145 2682 1188 2745 ait
1211 2683 1246 2746 ia

158 2776 247 2841 corda
264 2799 351 2850 mea·
363 2799 420 2841 nec
435 2777 595 2842 osculatur
610 2777 728 2840 librum
743 2778 778 2842 in
794 2777 887 2854 fine,''
903 2798 960 2841 nec
975 2777 1054 2841 dicit
1069 2777 1134 2840 Per
1146 2777 1250 2841 Evan-

158 2870 256 2950 qalico
269 2869 363 2945 dieta,
376 2873 449 2935 etc.²
463 2870 559 2934 “Non
573 2871 692 2933 dicitur
707 2870 817 2943 Credo,
831 2893 895 2934 non
910 2870 1107 2935 benedicitur
1120 2891 1201 2952 aqua
1216 2872 1252 2934 in

157 2963 284 3028 calicem
303 2963 483 3038 fundenda3
500 2963 619 3024 dicitur
636 2966 742 3024 tamen
761 2963 887 3024 Oratio:
905 2963 1001 3036 Daca,
1020 2962 1074 3045 qai
1091 2965 1246 3026 humanae

157 3057 359 3130 meraniae,
373 3065 430 3122 etc.
456 3058 497 3120 In
511 3059 574 3122 fine
588 3059 641 3123 Ps.
654 3057 779 3123 Lavabo
793 3079 858 3122 non
871 3057 991 3122 dicitur
1006 3058 1114 3122 Gloria
1127 3054 1251 3122 Patri?

198 3154 227 3213 4.
250 3150 322 3211 “Ad
341 3151 452 3231 Aqaus
470 3151 531 3212 Dei
549 3171 613 3212 non
631 3150 765 3212 dicitur:
786 3150 930 3213 aaiaarere
950 3152 1048 3223 nobis,
1068 3151 1160 3229 cujus
1179 3149 1246 3213 loco

157 3243 291 3307 dicitur:
306 3244 388 3307 dona
401 3245 444 3307 eia
459 3243 615 3326 requiem·
629 3264 685 3307 nec
700 3245 811 3307 tertio:
825 3247 907 3307 dana
921 3245 1009 3307 aobia
1023 3265 1141 3326 pacem,
1155 3243 1247 3321 cujus

160 3338 224 3403 loco
238 3337 374 3400 dicitur:
390 3337 472 3401 dona
487 3338 530 3400 eia
546 3339 683 3419 requiem
698 3337 941 3418 serrap·itcrnam;
956 3357 1055 3417 neque
1070 3338 1247 3418 percutitur

158 3430 296 3510 pectus?
319 3431 372 3494 sed
396 3451 508 3493 manus
531 3434 679 3494 tenentur
702 3431 838 3509 junctae.
883 3431 978 3492 “Non
1003 3430 1121 3492 dicitur
1145 3429 1246 3509 prima

160 3525 268 3590 Oratio
283 3531 356 3587 ante
373 3524 645 3598 Communionem,
662 3544 718 3586 nec
735 3524 829 3585 datur
843 3522 935 3604 pax.''

199 3623 226 3680 5.
250 3618 312 3680 “In
337 3618 397 3681 fine
421 3639 483 3680 non
506 3618 641 3679 dicitur:
665 3618 715 3681 Ita
738 3618 773 3679 M
778 3617 837 3679 issa
861 3623 915 3688 eat,
940 3638 996 3679 neo
1019 3618 1247 3680 Benedicamea

158 3712 303 3785 Domino,
320 3712 373 3776 sed
390 3711 596 3793 Requiescaat
614 3713 648 3774 ia
665 3712 770 3793 paca,''
787 3732 908 3791 semper
925 3713 958 3772 in
976 3711 1101 3791 plurali,
1118 3716 1149 3772 et
1167 3711 1247 3773 facie

159 3826 244 3870 versa
257 3805 296 3868 ad
311 3805 429 3869 Altare.
473 3805 537 3867 “Et
551 3824 614 3867 non
629 3804 724 3866 datur
737 3804 928 3866 benedictio:
944 3805 996 3866 sed
1011 3805 1095 3866 dicto
1111 3805 1246 3878 Placeat,

158 3906 188 3963 et
207 3899 346 3964 osculato
365 3898 480 3975 Alteri,
500 3898 618 3960 dicitur
636 3903 673 3961 ut
691 3918 802 3979 supra:
847 3898 887 3961 Ia
906 3897 1062 3980 principio
1084 3902 1148 3960 crat
1173 3899 1247 3959 Ver·

159 3994 242 4068 bum,
259 3993 340 4059 etc.”

201 4086 290 4148 Nihil
309 4071 449 4166 unquam
467 4090 611 4148 mutatur
627 4087 748 4148 ratione
767 4085 840 4147 festi
859 4085 905 4146 vel
924 4085 1083 4165 temporis,
1101 4105 1126 4149 e.
1145 4106 1174 4165 g.
1194 4105 1246 4165 pa-

159 4180 281 4255 schalis,
295 4201 352 4242 nec
365 4179 539 4242 inclinatur
553 4179 591 4241 ad
607 4199 721 4242 nomen
737 4178 857 4253 Sancti,
872 4178 910 4240 de
923 4198 984 4258 quo
998 4178 1036 4241 fit
1049 4178 1184 4240 officium
1199 4177 1246 4240 vel

158 4272 411 4337 commemoratio
428 4272 463 4335 in
480 4271 588 4336 officio.

191 4416 217 4451 ¹²
235 4410 269 4462 D.
286 4413 327 4463 18.
342 4411 408 4463 Jun.
425 4412 501 4476 1885,
516 4426 543 4462 n.
558 4411 635 4463 ³6³7.
651 4413 676 4464 8.
765 4422 775 4453 ¹
795 4414 829 4465 D.
848 4414 925 4465 2572.
944 4415 986 4466 25.

764 4497 777 4530 ²
794 4490 829 4543 D.
848 4489 926 4543 2956.
945 4492 987 4545 10.
