2804 4890
171 662 234 726 406
278 674 332 731 DE
352 673 466 730 MODO
489 672 624 730 HORAS
644 670 689 726 ln
709 669 846 726 OHORO
870 666 1161 723 Pnnsonvnnnt.

213 831 242 890 4.
264 827 428 893 Lectiones
457 827 611 892 Matutini
641 828 724 892 varie
752 829 844 908 juxta
871 826 1131 891 consuetudinem
1159 823 1266 886 distri-

171 920 322 998 buuntur,
338 941 363 985 e.
380 940 410 1001 g.
429 922 474 984 ita
491 927 527 984 ut
543 923 585 984 sit
600 941 682 984 nnus
700 921 797 984 lector
814 941 870 1002 pro
887 939 1008 1001 quoque
1026 919 1201 993 Nocturna
1219 914 1266 979 vel

172 1016 216 1078 ita
247 1021 284 1078 nt
315 1015 458 1097 singulae
491 1014 639 1076 lectiones
671 1034 690 1076 a
721 1014 855 1095 singulis
890 1011 1074 1077 lectoribus
1108 1011 1265 1074 dicantur.

171 1108 355 1171 “Lectiones
373 1107 401 1170 Ι.
422 1107 579 1170 Nocturni
599 1108 749 1188 leguntur
768 1108 806 1170 ab
825 1106 979 1186 acolytho,
998 1104 1128 1170 secundi
1147 1124 1167 1167 a
1187 1103 1265 1166 Sub·

170 1200 311 1277 diacono,
332 1200 399 1264 111.
418 1221 489 1265 vero
509 1220 528 1263 a
548 1199 718 1264 Diacono.''
739 1202 752 1236 ⁴

212 1298 240 1355 5.
264 1294 396 1370 Chorus,
418 1294 483 1357 siro
505 1293 627 1376 primus
649 1295 713 1357 sive
736 1293 890 1356 secundus
912 1312 969 1357 suo
991 1290 1134 1372 acolytho
1157 1310 1188 1353 se
1210 1287 1264 1350 ad-

169 1388 287 1467 jungit,
311 1386 435 1467 qnando
459 1388 517 1450 iste
541 1387 699 1449 inchoavit
721 1386 887 1467 psalmum.
935 1386 1046 1447 Plures
1070 1382 1183 1465 psalmi
1207 1381 1264 1444 sub

168 1499 232 1541 una
251 1480 426 1560 antiphona
444 1480 594 1542 continuo
616 1480 790 1541 recitantur
808 1498 881 1541 eum
905 1477 1014 1541 Gloria
1033 1476 1125 1540 Patri
1147 1475 1178 1537 in
1202 1475 1263 1537 fine

167 1572 319 1652 qu‘usque
336 1571 459 1653 psalmi.
498 1571 621 1652 Hymni
637 1592 674 1635 ex
692 1577 781 1654 parte
797 1570 1045 1633 Hebdomadarii
1064 1568 1261 1632 inchoantur.

613 1848 729 1919 Ans.
754 1848 806 1920 Π.

222 2054 272 2106 ΒΕ
294 2055 556 2109 GAEREMONIIS
577 2055 621 2106 IN
644 2057 796 2108 OFFICIO
818 2057 956 2108 DIVINO
979 2056 1201 2108 SERVANDIS.

207 2241 278 2308 256.
297 2244 490 2309 “Serventur
508 2244 660 2308 Rubrieae
678 2246 779 2326 quoad
798 2251 922 2327 tempus
938 2245 1054 2321 standi,
1072 2243 1211 2318 sedendi,
1229 2247 1259 2304 et

164 2336 395 2418 genuflectendi
420 2339 451 2399 in
476 2337 613 2401 choro.’'¹
658 2337 826 2417 Sequentia
849 2339 1014 2418 praecipue
1037 2359 1074 2400 ex
1098 2336 1259 2399 Breviorio

166 2430 254 2493 Rom.
269 2436 300 2493 et
314 2432 542 2493 Caeremoniali
558 2431 615 2508 Ep.
631 2431 795 2509 desumpta
810 2434 893 2491 sunt.
930 2431 970 2492 ln
985 2431 1108 2511 privata
1122 2429 1258 2492 recitati-

164 2542 222 2585 one
251 2523 362 2601 (etiam
387 2544 459 2584 euni
483 2523 597 2599 socio),
621 2521 831 2598 laudabiliter,
856 2523 997 2606 quamvis
1021 2543 1084 2584 non
1109 2522 1147 2586 do
1171 2540 1258 2602 prae-

164 2621 263 2695 cepto,
282 2618 455 2678 servantur.

207 2711 234 2768 2.
258 2706 537 2770 Gennssectcndum
553 2714 600 2770 ost
615 2713 746 2789 utroque
761 2728 844 2789 genu
861 2709 894 2770 in
911 2709 961 2770 Ps.
983 2707 1094 2770 Venite
1111 2706 1150 2768 ad
1167 2706 1258 2768 verba

162 2800 265 2862 canite
281 2801 446 2862 adoremus
469 2849 475 2861 .
500 2849 507 2862 .
531 2849 537 2860 .
561 2806 633 2862 anto
648 2801 770 2872 Daooi;
787 2801 871 2862 intra
889 2802 932 2863 Te
949 2802 1051 2863 Deum
1068 2800 1106 2862 ad
1125 2801 1168 2862 Te
1185 2819 1256 2878 arpo

164 2912 350 2973 quaesamus
373 2941 380 2955 .
404 2941 411 2954 .
435 2941 442 2955 .
465 2892 644 2961 redemisti:
668 2894 706 2954 ael
732 2893 892 2973 stropham
917 2894 1055 2954 Tantum
1080 2913 1151 2974 eryo
1175 2897 1205 2954 et
1231 2893 1256 2955 O

163 2984 320 3047 Salutaris
339 2984 455 3047 Hostia
473 3005 576 3047 eoram
599 2986 655 3047 SS.
678 2987 879 3048 Sacramenta
897 2986 960 3048 sire
980 2986 1120 3066 exposito
1140 2986 1203 3047 sive
1224 2988 1256 3047 in

162 3076 362 3139 tabernaculo
383 3075 561 3152 recondit03
582 3078 619 3138 ad
642 3078 803 3157 stropham
825 3080 850 3140 O
875 3079 960 3140 Orus
980 3099 1035 3141 avc
1054 3099 1124 3159 spes
1146 3078 1257 3151 unica·

162 3169 203 3231 ad
219 3168 354 3251 primam
369 3170 530 3250 stropham
544 3171 654 3248 hymni
675 3169 754 3232 Veni
769 3172 899 3232 Creator
912 3175 944 3232 et
960 3171 1025 3232 Aee
1041 3171 1141 3233 Maris
1156 3171 1256 3234 stella.

162 3260 202 3322 In
220 3262 269 3322 his
288 3261 433 3325 omnibus
452 3262 511 3323 “ael
533 3262 687 3341 integram
709 3261 914 3341 stropham.''²

204 3357 232 3416 3.
257 3353 355 3415 Porro
368 3358 537 3435 utrumque
550 3375 632 3433 genu
648 3354 786 3418 flectitur
801 3356 838 3417 ad
855 3356 1061 3435 antiphonam
1077 3356 1202 3418 finalem
1219 3356 1255 3417 B.

162 3445 206 3508 M.
228 3446 268 3508 V.
291 3448 380 3511 etad
402 3447 507 3519 Pater,
528 3447 604 3519 Aee,
628 3446 728 3509 Credo
750 3447 784 3508 in
806 3448 868 3510 fine
890 3448 1106 3528 Complatorii‚
1128 3453 1255 3528 excepto

160 3543 227 3602 toto
247 3544 386 3619 tempore
406 3537 542 3620 paschali
564 3545 594 3602 ct
615 3537 791 3601 Dominicis
809 3560 826 3601 a
846 3540 958 3618 primis
979 3538 1136 3620 Vesperis,
1162 3540 1255 3617 (Sah-

160 3631 242 3706 bato,
262 3633 385 3695 etiamsi
408 3633 440 3694 in
462 3631 706 3710 Quadragosima
727 3636 799 3694 ante
820 3631 984 3694 meridiem
1005 3632 1255 3713 persolvantur),

160 3742 257 3805 nsque
287 3724 327 3786 ad
358 3723 576 3804 crepusculum
609 3724 833 3803 Vespcrtinum
866 3723 1061 3799 Dominicae,
1091 3724 1197 3793 etiam.
1228 3726 1252 3787 si

159 3819 227 3879 anti
249 3815 323 3881 solis
343 3836 486 3881 occasum
508 3817 657 3880 recitetur
679 3816 874 3878 Matutinum
897 3819 1054 3897 sequentis
1076 3819 1171 3881 feriae
1194 3819 1254 3881 ΙΙ.3

159 3910 210 3972 Ad
238 3909 389 3972 secundas
416 3910 570 3989 Vesperas
599 3909 782 3971 Dominicae
810 3910 957 3972 standum
986 3916 1032 3973 est
1060 3912 1155 3975 ctiam
1185 3919 1254 3994 post

159 4002 233 4065 solis
253 4022 404 4066 oceasum.
448 4000 721 4064 Hebdomadarius
741 4007 844 4063 tamen
867 4004 904 4063 ari
929 4003 1112 4066 Orationem
1134 4025 1255 4085 semper

159 4094 285 4176 surgit*
322 4093 553 4158 Genufleetitur
569 4114 688 4175 quoque
704 4095 743 4156 ad
758 4094 857 4175 Aperi
872 4094 1007 4159 Domino
1022 4101 1053 4159 et
1070 4098 1253 4161 Ηασνοεαηο-

193 4249 292 4302 ‘Gaea
314 4249 360 4300 Fr.
380 4248 449 4301 Min.
469 4247 558 4302 Germ.
580 4246 632 4298 int.
652 4249 680 4298 ct
770 4250 910 4301 ³Ratioue
942 4251 996 4302 diei
1028 4251 1187 4303 Dominicae
1219 4254 1254 4304 oh

159 4324 236 4391 30¹8·
733 4326 954 4377 resurrectionem
988 4326 1186 4379 Domini—Cf.
1221 4329 1253 4381 D.

195 4402 250 4453 ¹D.
270 4403 346 4452 2687.
365 4403 387 4453 1.
732 4403 814 4455 2587:
843 4406 869 4452 et
897 4403 973 4453 2682.
1000 4404 1041 4454 42.

195 4476 249 4528 ΙΙ).
273 4478 348 4531 1583.
369 4479 393 4537 t.
766 4476 861 4529 *Ibin
