2804 4890
198 670 261 741 348
438 685 491 745 nn
515 686 645 746 cunru
669 688 722 746 ss
748 688 1059 748 cucuanrsrras.

200 856 318 919 serium
336 858 368 918 in
386 857 586 922 tabernaculo
603 858 826 938 reponit—rel
845 858 987 920 lunulam
1005 879 1076 921 enm
1094 879 1117 921 s.
1136 859 1238 924 hostia
1257 861 1288 922 in

201 950 327 1030 capsula
350 951 451 1031 ponit,
474 971 566 1031 quarn
592 951 728 1012 clausam
755 953 787 1012 in
812 952 1011 1014 tabernaculo
1035 953 1169 1033 reponit,
1192 974 1289 1034 genu-

199 1041 307 1117 flectit,
326 1043 505 1125 clauditque
523 1045 759 1107 tabernaculum
777 1065 811 1107 ac
830 1047 1037 1108 ostensorium
1056 1047 1123 1110 velo
1140 1047 1291 1127 cooperit.

241 1136 376 1198 Interim
401 1137 451 1198 Ps.
475 1139 616 1201 Laudato
641 1139 814 1200 Dourioum
839 1139 885 1200 vel
909 1140 1044 1217 hymnus
1069 1139 1193 1203 aliudve
1216 1161 1289 1203 con-

199 1231 325 1293 veniens
340 1232 460 1292 cantari
476 1236 588 1312 potest.

239 1327 266 1385 9.
290 1324 494 1388 “Benedictio
513 1327 684 1388 necessario
704 1325 772 1386 dari
792 1325 883 1388 debet
903 1326 959 1386 sub
979 1326 1105 1388 silentio
1124 1326 1223 1401 chori,
1243 1327 1289 1389 ita

197 1423 234 1479 ut
249 1417 368 1480 interea
381 1418 462 1480 nihil
478 1419 606 1481 omnino
620 1417 822 1480 cantetur.''²⁴
868 1417 993 1498 Organa
1009 1420 1127 1499 pulsari
1145 1426 1288 1500 possunt,

195 1515 229 1573 at
245 1511 332 1572 suavi
349 1515 380 1573 et
395 1511 483 1591 gravi
501 1518 584 1572 tono.

240 1604 419 1667 Revertitur
437 1605 476 1666 ad
497 1606 672 1667 sacristiam
691 1605 783 1667 modo
802 1611 958 1668 consueto.

241 1700 287 1760 10.
313 1698 348 1758 Si
368 1697 533 1759 accedatur
553 1698 591 1759 ad
614 1698 723 1761 Altare
745 1698 801 1760 SS.
826 1700 1027 1763 Sacramenta
1047 1700 1112 1778 jam
1134 1700 1287 1780 exposito,

196 1810 302 1853 omnes
316 1796 411 1870 eaput
423 1791 584 1870 detegunt,
598 1792 786 1871 simulatque
801 1794 832 1853 in
846 1794 915 1871 ejus
929 1798 1127 1872 conspectum
1144 1794 1286 1865 veniunt,

193 1888 224 1947 et
256 1888 328 1949 ante
358 1884 475 1965 gradus
505 1884 754 1965 genuflexionem
787 1886 910 1949 faciunt
940 1894 1072 1965 utroque
1102 1906 1184 1966 genu
1215 1905 1289 1947 curn

193 1976 342 2039 mediocri
360 1977 498 2057 corporis
519 1977 761 2041 inclinatione.²⁶
783 1978 873 2040 Idem
891 1979 1128 2053 observandum,
1149 1981 1172 2040 si
1197 1978 1289 2040 Ssmo

195 2069 335 2148 exposito
353 2069 522 2131 recedatur.

193 2273 227 2334 B.
248 2271 344 2336 Ritus
355 2271 590 2335 Benedictiorris
603 2272 724 2333 dandae
737 2289 808 2333 enm
820 2272 1003 2335 assistentia
1015 2291 1037 2334 s.
1052 2272 1284 2335 Ministrom

236 2412 488 2475 mammonas
520 2420 550 2477 et
583 2414 798 2475 Subdiaeonus
830 2414 1008 2477 induuntur
1040 2417 1086 2476 uti
1121 2415 1153 2476 in
1186 2415 1284 2476 Missa

195 2509 336 2583 solemni,
370 2508 505 2588 exceptis
539 2506 727 2586 manipulis;
761 2512 838 2569 tunc
871 2513 902 2569 et
937 2509 1103 2571 Celebraus
1137 2508 1285 2569 induitur

195 2602 311 2663 amictu
330 2609 360 2664 et
379 2601 448 2663 alba
466 2602 532 2664 loeo
550 2600 804 2680 superpelliceum
850 2601 881 2661 S.
903 2601 1043 2662 llinistri
1064 2601 1214 2663 accedunt
1235 2603 1284 2662 uti

194 2697 226 2756 in
244 2695 340 2756 Missa
354 2695 496 2768 solemni,
510 2699 542 2754 at
558 2695 583 2754 si
600 2694 736 2773 spatium
753 2695 927 2773 permittat,
944 2715 961 2755 a
979 2695 1072 2756 latere
1089 2695 1285 2756 Celebrantis

194 2789 388 2850 subleuantes
405 2788 560 2848 fimbriam
580 2786 735 2867 pluuialis

235 2885 263 2942 2.
288 2881 528 2941 Sanctissinumr
554 2881 721 2958 exponitur
746 2901 763 2941 a
789 2880 938 2950 Diacono,
963 2883 1011 2942 uti
1036 2901 1170 2960 supraa
1198 2880 1285 2943 Cele-

196 2974 321 3039 brante:
353 2979 384 3035 at
417 2975 449 3034 in
481 2974 678 3053 suppedaneo
709 2973 891 3052 genuflectit
924 2975 1083 3054 paulisper
1114 2974 1152 3035 ad
1184 2995 1283 3035 cornu

196 3068 363 3147 Epistulae,
396 3088 434 3129 ne
467 3067 642 3128 Celebranti
677 3078 763 3145 terga
796 3071 904 3129 vertat.
965 3068 1015 3127 :td
1050 3067 1282 3146 impositionem

194 3162 296 3222 thuris
318 3160 474 3223 Diaconus
495 3161 671 3224 (¹eleliranti
693 3161 869 3221 rurrieulanr
890 3162 956 3222 sine
977 3161 1089 3222 osculis
1112 3161 1283 3226 ministrat.

194 3254 269 3315 dum
291 3254 506 3315 Sululiaeonus
524 3254 666 3316 dextram
686 3254 833 3334 pluuialis
854 3254 1008 3315 tinrliriam
1029 3254 1177 3314 subleuat.
1243 3254 1281 3314 ln

193 3349 404 3410 incensatione
426 3368 449 3410 s.
474 3348 612 3407 Ministri
640 3349 711 3408 ltine
736 3347 807 3408 inde
832 3347 986 3407 fimbriam
1011 3347 1158 3426 pluvialis
1180 3346 1281 3409 suble-

192 3447 276 3515 vant,
307 3441 461 3521 sinmlquc
492 3443 576 3501 “tam
607 3448 679 3503 ante
710 3460 802 3519 qumn
834 3445 904 3519 post
935 3441 1179 3501 incensationem
1210 3459 1280 3519 pro·

193 3536 323 3597 fundam
344 3535 465 3597 faciunt
483 3535 594 3613 capitis
614 3532 881 3595 inclinationern.'’

234 3634 261 3691 3.
285 3629 334 3689 Ad
367 3630 548 3691 Orationem
579 3629 664 3690 Deus
694 3630 747 3708 prii
778 3626 865 3689 erodis
894 3648 916 3686 s.
951 3627 1091 3688 Ministri
1120 3625 1280 3705 genuflexi

191 3722 306 3784 librum
331 3732 403 3784 ante
429 3722 643 3784 (J'elebrantenr
668 3723 833 3781 sustinent.
879 3721 968 3780 l'une
994 3720 1095 3780 uelum
1120 3719 1280 3780 humerale

188 3817 382 3879 Celebrantis
408 3817 545 3876 lmmeris
569 3835 623 3895 per
650 3814 833 3875 Clerieum²⁷
866 3813 944 3892 (siue
971 3812 1277 3889 Caerernoniarium)

188 3911 371 3990 imponitur.

233 4007 259 4063 l.
286 4002 441 4063 lliaconus
478 4001 710 4080 suppedaneum
747 3999 936 4066 conscendit,
982 3998 1175 4075 perrullectit,
1225 3999 1278 4076 (ut

191 4099 298 4167 anteat
340 4100 369 4158 et
405 4094 609 4156 ostensorium
647 4114 740 4172 snper
775 4092 876 4153 :lltari
916 4093 945 4151 in
985 4092 1086 4152 medio
1122 4094 1276 4171 corporali

190 4188 337 4267 deponit;
352 4193 427 4248 tune
442 4186 624 4265 genutleetit
643 4188 673 4247 in
689 4185 886 4264 suppedaneo
901 4206 918 4245 a
934 4185 1029 4245 latere
1044 4185 1277 4263 aliquantulum

223 4380 247 4412 rs
268 4374 299 4424 Ι),
321 4376 396 4424 3058.
418 4376 440 4423 2,
796 4381 819 4411 aa
841 4374 872 4422 1),
903 4375 978 4422 autu.
1013 4377 1056 4431 15:
1089 4380 1115 4422 et
1150 4375 1179 4422 12
1211 4374 1278 4424 ulai.

224 4458 249 4489 ²⁵
269 4452 300 4502 l).
320 4454 358 4502 16.
377 4452 440 4502 Feli.
460 4454 533 4509 ludu,
551 4467 574 4500 u.
592 4453 668 4500 4179.
684 4455 703 4500 l.
762 4452 835 4505 laus,
855 4468 878 4499 u.
899 4453 974 4499 :istiu
998 4455 1016 4501 l.

792 4528 933 4575 ‘liliorum
958 4527 1063 4577 ltituule
1089 4527 1135 4574 lx.
1158 4529 1181 4579 5,
1211 4530 1226 4576 l,
