2804 4890
305 706 392 762 APP.
413 704 455 762 II.
501 704 555 760 DE
577 705 704 761 MITRA
726 707 777 762 ET
798 703 925 760 GAPPA
945 703 1096 759 MAGNI..
1194 695 1255 758 575

161 866 266 928 simae.
312 866 396 929 Item
418 868 452 929 in
474 867 618 932 omnibus
643 867 769 948 vigiliis,
792 886 869 948 quae
892 867 1113 947 jejunantur.
1146 908 1155 926 .
1188 907 1196 924 .
1223 863 1256 925 at

162 958 439 1036 benedictionibus,
463 979 541 1040 quae
563 961 685 1040 private
708 968 855 1039 aguntur.

204 1051 349 1133 Simplici
371 1073 441 1116 vero
462 1052 560 1114 Mitra
581 1053 684 1115 utitur
706 1053 879 1133 Episcopus
899 1053 978 1116 feria
997 1056 1083 1114 sextu
1104 1051 1139 1112 in
1159 1048 1254 1110 Para·

160 1163 255 1220 sceve,
273 1150 305 1207 et
323 1146 356 1206 in
376 1144 491 1208 Officiis
510 1151 541 1208 et
560 1145 667 1207 Missis
685 1145 925 1208 Defunctorum.

203 1240 232 1299 3.
255 1237 347 1299 Circa
370 1236 524 1318 originem
550 1238 596 1301 vel
620 1241 754 1303 aetatem
778 1238 961 1300 historicam
984 1237 1098 1300 Mitrae
1120 1236 1158 1300 ab
1182 1253 1253 1296 aue·

160 1329 281 1391 toribus
305 1330 462 1411 liturgicis
485 1329 586 1392 multa
611 1331 728 1410 scrIpta
753 1333 837 1393 sunt.
884 1330 984 1392 Juxta
1010 1328 1130 1409 aliquos
1155 1327 1253 1388 Mitra

160 1422 226 1501 jam
245 1427 384 1503 tempore
402 1421 625 1503 Apostolorum
643 1424 677 1485 in
695 1441 755 1485 usu
774 1428 842 1487 erat
858 1427 889 1486 et
907 1423 991 1486 velut
1011 1420 1148 1483 imitatio
1167 1419 1253 1482 illius

160 1518 289 1578 ornatus
311 1514 434 1595 cupitis,
456 1535 547 1596 quem
572 1515 722 1578 Summus
745 1515 894 1579 Sacerdos
916 1515 1000 1596 apud
1024 1513 1183 1576 Israelitas
1205 1532 1253 1574 ve·

161 1612 241 1669 teres
264 1613 386 1687 gestare
412 1606 537 1671 solebat.
583 1608 736 1671 Attamen
760 1610 835 1672 haec
859 1608 1015 1671 sententia
1040 1608 1163 1669 videtur
1189 1625 1253 1668 esse

159 1719 285 1779 prorsus
316 1699 396 1761 falsa
425 1706 457 1764 et
487 1700 583 1761 nimis
614 1701 820 1781 phantastica.
875 1700 994 1762 Saltem
1025 1699 1150 1762 nullum
1182 1717 1251 1759 vere

160 1791 345 1855 historicum
368 1796 589 1873 argumentum
615 1796 717 1874 potest
741 1792 866 1869 adduci,
892 1813 953 1874 quo
978 1792 1127 1855 sustineri
1150 1795 1252 1872 queat.

160 1883 297 1947 Econtra
313 1889 435 1948 constat
452 1885 544 1948 bodie
562 1890 634 1947 ante
653 1905 773 1948 annum
793 1890 872 1947 1000
893 1887 929 1949 P.
950 1886 984 1948 Ο.
1005 1885 1136 1948 Mitram
1155 1884 1252 1946 fuisse

160 1976 362 2056 incognitam.
409 1978 505 2058 Origo
528 1976 669 2055 ejusdem
694 1977 903 2041 videturesse
929 1977 1008 2040 illud
1035 1981 1251 2057 tegumentum

159 2069 281 2150 capitis,
301 2069 383 2150 quod
405 2088 460 2132 suo
480 2075 618 2149 tempore
640 2070 806 2133 vocabatur
826 2071 1048 2147 camelaucum‚
1069 2075 1100 2134 et
1122 2090 1182 2151 quo
1203 2068 1252 2132 uti

159 2160 301 2223 solebant
334 2161 459 2222 Summi
491 2161 661 2224 Pontifices
694 2161 837 2224 Romani.
887 2162 1098 2242 Privilegium
1131 2161 1243 2224 utendi

158 2253 265 2317 eodem
292 2259 406 2316 ornatu
430 2255 519 2335 prius
546 2253 702 2333 aliquibus
729 2259 854 2316 tantum
883 2254 1046 2334 Episcopis
1073 2272 1250 2315 concessum

159 2345 232 2422 fuit,
256 2346 352 2409 donec
375 2346 612 2409 decurrentibus
636 2346 779 2427 pluribus
803 2346 962 2409 decenniis
986 2347 1068 2408 circa
1093 2343 1250 2407 saeculum

158 2439 223 2501 fere
243 2438 321 2500 XII.
343 2442 472 2500 ornatus
491 2440 666 2501 communis
686 2439 870 2520 episcopalis
889 2437 1045 2501 evaserit.8

199 2536 227 2593 4.
252 2531 358 2594 Etiam
378 2530 553 2592 Abbatibus
574 2536 605 2594 et
627 2531 780 2593 I'raelatis
801 2531 968 2612 episcopali
990 2532 1166 2593 charactere
1187 2549 1250 2593 non

158 2623 318 2705 insignitis
341 2623 434 2686 hodie
459 2642 548 2703 saepe
573 2643 647 2685 usus
673 2623 788 2686 Mitrae
813 2623 1004 2700 conceditur,
1029 2624 1082 2686 sed
1108 2644 1178 2685 cum
1204 2644 1249 2685 re-

158 2716 373 2779 strictionibus
398 2721 429 2779 et
455 2714 740 2778 modificationibus
765 2716 906 2792 diversis,
931 2737 1008 2797 quae
1033 2718 1066 2779 in
1090 2714 1250 2796 rescriptis

157 2813 188 2872 et
207 2808 302 2872 bullis
324 2808 474 2873 Romanis
495 2808 529 2870 in
550 2809 635 2871 hune
656 2807 750 2871 finem
773 2807 907 2873 exaratis
929 2809 1145 2872 inveniuntur.

600 3086 715 3157 ΛΒΤ.
745 3086 795 3160 Π.

524 3269 574 3320 DE
594 3270 717 3321 cAPPA
735 3270 879 3322 MAGNI.

197 3443 267 3507 300.
292 3443 400 3523 Cappa
423 3443 540 3521 Magna
562 3446 608 3504 est
631 3440 837 3504 manteletum
861 3440 972 3504 cauda¹
996 3446 1029 3505 ct
1052 3444 1178 3522 caputio
1201 3463 1249 3505 or·

155 3540 276 3610 natum,
296 3556 357 3616 quo
375 3534 568 3607 Cardinalcs,
590 3532 799 3608 Patriarchae,
821 3533 967 3614 Episcopi
988 3538 1019 3596 et
1039 3534 1136 3614 aliqui
1157 3537 1248 3598 Prac-

155 3630 212 3692 lati
234 3629 369 3707 majores
391 3627 569 3688 induuntur
591 3627 624 3687 in
646 3624 848 3687 sollemnibus
869 3624 1000 3687 diversis
1022 3625 1247 3689 franctionibus.

156 3722 228 3785 Non
248 3721 372 3782 videtur
391 3719 488 3781 fuisse
507 3718 539 3780 in
558 3738 616 3779 usu
636 3722 708 3780 ante
728 3718 885 3779 sacculum
906 3718 997 3781 XIV.
1017 3718 1248 3782 caeremoniale

155 3814 396 3895 Episcoporum²
413 3813 451 3875 de
468 3811 576 3891 Cappa
591 3810 685 3871 dicit:
705 3809 813 3884 Quoad
831 3829 954 3890 cappas,
971 3811 1083 3890 quibus
1101 3812 1247 3892 Episcopi

155 3909 188 3970 in
204 3906 340 3988 propriis
355 3904 492 3968 ecclesiis
507 3904 653 3976 utuntur,
670 3901 702 3963 id
717 3902 778 3964 crit
793 3901 1029 3977 observandum,
1045 3909 1081 3965 ut
1098 3903 1248 3983 regulari-

185 4062 312 4113 ⁸Keincr
341 4063 389 4112 der
419 4062 478 4111 dem
507 4061 531 4110 8.
562 4059 618 4108 und
648 4057 672 4107 9.
725 4057 775 4107 den
792 4058 937 4109 Messritus
956 4059 1024 4109 daza
1042 4061 1117 4110 mehr
1134 4062 1175 4111 als
1192 4062 1246 4112 ein·

150 4139 339 4190 Jahrhundert
439 4135 672 4187 entstammeuden
723 4132 778 4184 mal
816 4134 926 4185 baetten
964 4133 1078 4186 fuebren
1116 4152 1246 4200 miramon,

154 4214 320 4266 roemischeu
370 4211 486 4263 Ordines
533 4210 672 4261 erwaehnt
725 4207 791 4259 falls
813 4209 873 4262 eine
896 4209 986 4261 solche
1009 4209 1112 4262 boreits
1136 4211 1171 4261 im
1196 4214 1245 4264 Ge·

151 4291 221 4342 auch
243 4304 293 4339 nur
316 4288 367 4339 mit
388 4288 475 4339 eincm
498 4288 591 4337 Worte
614 4285 674 4336 eine
723 4284 825 4334 brauch
847 4300 966 4346 gcwcseu
988 4301 1083 4337 waere.
1129 4289 1245 4350 (Brenn,

154 4365 310 4432 pontificale
342 4363 595 4428 Kopfbelrleidung.
628 4362 673 4411 ob·
723 4359 881 4420 liturgischc
898 4359 1084 4427 Gewandung,
1102 4378 1129 4428 p.
1149 4365 1223 4426 432.)

150 4442 221 4496 wohl
235 4441 278 4491 die
292 4439 490 4501 weitlaeufigen
505 4440 560 4488 mul
573 4439 618 4488 bia
632 4439 674 4487 ins
759 4435 873 4486 ¹Train.

149 4517 271 4570 einzelue
286 4516 425 4581 gebendeu
442 4514 575 4581 Augabcn
591 4514 673 4567 ueber
759 4511 840 4562 2Lib.
859 4510 881 4562 Ι.
899 4527 921 4563 e.
939 4512 996 4564 111.
1014 4512 1038 4565 3.
