2804 4890
141 702 193 756 DE
206 703 358 759 ORDINE
370 704 640 760 MINISTRANDI
652 703 874 757 EXTREMAE
889 701 1117 758 uuc‘u10u1s.
1170 690 1231 753 469

139 873 351 952 perunxerit.'’
391 875 425 937 Si
441 876 523 936 lorte
539 876 632 950 erret,
647 873 798 935 sumendo
815 893 914 933 unum
931 873 1035 934 oleum
1049 891 1106 952 pro
1122 870 1230 943 altero,

140 967 264 1028 reiteret
286 968 448 1030 unctiones
468 968 525 1029 sub
546 966 735 1029 conditione.

181 1063 208 1121 6.
234 1060 389 1123 Facienda
411 1064 457 1121 est
479 1061 587 1124 unctio
611 1064 644 1120 1⁵
667 1060 706 1121 ad
728 1060 833 1121 oculos
853 1078 908 1120 seu
929 1060 962 1121 in
985 1057 1161 1139 superciliis
1183 1053 1228 1117 vel

139 1152 294 1231 palpebris
304 1173 311 1227 ;
330 1156 364 1212 2⁰
380 1154 418 1214 ad
437 1172 536 1229 aures,
554 1154 573 1214 i.
590 1176 615 1216 e.
634 1154 668 1215 iu
683 1154 748 1215 ima
764 1150 924 1228 auricula;
941 1155 976 1211 3¹⁸
992 1150 1032 1213 ad
1048 1169 1149 1226 nares,
1166 1148 1186 1208 i.
1203 1166 1229 1208 e.

137 1265 229 1325 super
248 1246 477 1308 extremitatem
497 1247 689 1308 summitatis
706 1246 776 1308 nasi
793 1245 888 1307 unica
906 1244 1054 1306 unctione
1072 1243 1119 1305 vel
1139 1242 1231 1321 juxta

139 1339 214 1398 alios
239 1338 357 1418 duplici
383 1338 529 1400 unctione
538 1359 547 1414 ;
571 1344 605 1398 4²¹
628 1338 667 1399 ad
691 1359 735 1414 os,
760 1337 850 1400 labiis
874 1336 1057 1416 compressis
1066 1357 1075 1411 ;
1097 1334 1179 1415 quod
1204 1333 1230 1393 si

138 1431 297 1492 cmumodc
327 1432 391 1492 fieri
409 1433 527 1512 nequit,
542 1432 655 1494 suflicit
669 1431 859 1494 alterutrum
874 1430 997 1491 labrum
1014 1430 1163 1509 inungere
1172 1447 1182 1504 ;
1195 1432 1230 1487 5·

138 1522 177 1584 ad
195 1542 305 1585 manus
322 1525 355 1584 in
370 1523 473 1586 media
490 1525 594 1604 palma
613 1523 754 1586 interiori
764 1544 774 1599 3
790 1522 1006 1600 ‘'l'rcsbyteris
1020 1519 1157 1585 exterius
1174 1539 1230 1582 un-

137 1616 291 1694 paritur;''
311 1623 343 1675 (5¹¹
362 1618 400 1678 ad
420 1617 511 1697 pedes
531 1617 735 1697 insuperiori
756 1621 844 1697 parte
865 1616 910 1679 vel
929 1619 964 1679 in
982 1614 1118 1696 plautis3
1138 1616 1172 1675 pa
1191 1611 1229 1673 ad

139 1709 259 1769 lumbos
273 1711 335 1771 sive
350 1730 437 1772 rencs
451 1710 491 1771 ad
504 1710 602 1772 latera
616 1730 670 1772 seu
684 1710 724 1771 ad
739 1709 956 1770 summitatem
968 1707 1045 1770 ossis
1061 1705 1231 1781 femoralia,

138 1823 215 1880 (puae
231 1805 337 1866 unctio
352 1803 533 1864 “omittitur
548 1823 669 1882 semper
685 1804 718 1863 in
733 1800 893 1878 fe111inis,''
908 1806 1001 1881 atque
1016 1804 1051 1864 in
1067 1797 1231 1880 Exaerptis

139 1895 275 1958 Ilitualis
293 1896 379 1956 Rom.
397 1900 541 1957 notatur:
558 1896 664 1957 “Usus
680 1894 815 1958 invaluit
833 1895 930 1957 iubis
946 1892 1122 1956 Provinciis
1138 1893 1231 1954 istam

139 1989 318 2049 unctionem
338 1989 434 2049 etiam
453 1989 487 2048 in
508 1988 583 2049 viris
603 2007 723 2067 semper
743 1985 943 2050 omittendi.''

179 2080 277 2142 “Post
298 2079 468 2160 quamlibet
490 2081 680 2141 'Unctionem
702 2085 804 2159 tergat
827 2080 893 2142 loca
915 2080 1045 2141 inuncta
1066 2099 1146 2143 novo
1166 2078 1230 2160 glo-

139 2173 210 2235 bulo
225 2173 381 2233 bombacei
399 2172 446 2233 vel
464 2173 509 2232 rci
526 2171 649 2245 similis,
665 2191 797 2251 eumque
816 2173 849 2233 in
867 2193 936 2233 vase
954 2170 1073 2232 mundo
1090 2174 1231 2252 reponat,

138 2264 224 2326 etad
241 2262 412 2325 Ecclesiam
429 2270 534 2343 postea
549 2264 670 2325 delerat
698 2264 870 2339 comburat,
887 2263 1066 2343 cineresque
1083 2263 1232 2345 projiciat

141 2357 171 2415 in
192 2354 394 2417 sacrarium.'’

181 2453 208 2509 ¹7.
233 2448 386 2509 Omnibus
402 2447 603 2510 unctionibus
618 2447 753 2529 peractis
768 2448 918 2511 Sacerdos
932 2448 1078 2529 pollicem
1094 2447 1233 2511 medulla

139 2542 239 2620 panis,
259 2540 322 2620 (vel
337 2542 441 2602 farina
455 2545 509 2602 aut
524 2539 603 2617 sale)
624 2538 785 2621 perfricat,
801 2560 912 2602 manus
927 2542 1011 2603 lavat
1025 2545 1055 2604 et
1071 2541 1232 2620 abstergit,

138 2640 230 2713 atque
248 2634 396 2695 lotionem
412 2637 469 2695 etc.
486 2632 548 2694 nisi
565 2631 725 2694 commode
741 2653 845 2694 secum
863 2634 945 2697 ferre
961 2638 993 2695 et
1011 2634 1043 2696 in
1060 2633 1231 2695 sacrarium

139 2727 263 2789 mittere
281 2727 388 2806 possit,
408 2726 517 2786 statim
538 2726 570 2786 in
592 2725 697 2805 ignem
716 2726 831 2803 conjici
850 2730 948 2788 curet.
987 2727 1022 2788 Si
1042 2747 1113 2788 rero
1132 2725 1232 2786 nimia

139 2819 280 2880 videatur
307 2817 506 2897 interruptio,
530 2817 713 2896 praesertim
739 2818 765 2878 si
791 2816 936 2878 infirmus
960 2819 999 2881 ad
1026 2822 1157 2881 mortem
1183 2838 1231 2880 ac-

138 2912 259 2984 celeret,
279 2913 366 2991 prius
386 2931 490 2991 preces
509 2909 651 2985 absolvit,
670 2909 817 2986 carendo,
837 2931 876 2973 ne
896 2911 1024 2973 interim
1043 2911 1156 2992 pollice
1175 2910 1231 2973 ali·

138 3005 212 3083 quid
234 3007 352 3083 tangat.

173 3100 202 3157 8.
227 3096 337 3159 Postea
368 3095 517 3157 Sacerdos
546 3094 682 3175 reliquas
710 3115 816 3176 preces
843 3117 880 3159 ex
910 3097 1031 3159 Rituali
1061 3098 1172 3160 recitat
1200 3100 1233 3160 et

138 3188 308 3249 “salutaria
333 3189 451 3248 monita
476 3187 610 3249 breviter
632 3187 777 3268 praebere
801 3189 949 3269 poterit,''
972 3189 1104 3252 dicendo
1127 3209 1232 3271 preces

139 3281 244 3342 breves
272 3280 380 3357 lingua
409 3279 584 3353 vernacula,
615 3280 743 3357 (saltem
771 3281 795 3341 si
825 3281 971 3343 infirmus
997 3304 1061 3345 non
1089 3283 1232 3346 videatur

139 3373 292 3448 fatigatus
308 3392 362 3432 uec
378 3370 560 3434 Benedictio
575 3371 755 3451 Apostolica
770 3375 949 3452 sequatur).

181 3463 343 3543 “Denique
362 3484 472 3543 aqiram
491 3463 685 3526 benedictam
705 3469 736 3527 ct
754 3466 897 3533 Prueem,
915 3467 976 3528 nisi
997 3466 1092 3530 aliam
1110 3469 1232 3541 lrabeat,

139 3577 241 3617 coram
262 3578 297 3618 co
318 3557 482 3634 relinquat.
502 3565 538 3619 ut
557 3554 643 3616 illam
666 3557 847 3635 frequenter
866 3557 1030 3637 adspiciat,
1049 3565 1081 3623 et
1099 3580 1156 3641 pro
1176 3581 1232 3623 sua

138 3649 301 3710 devotione
319 3646 477 3709 osculetur
496 3652 526 3710 et
548 3648 787 3727 amplectatur.''

181 3740 378 3802 “Admoneat
404 3740 501 3801 etiam
528 3740 712 3800 domesticos
739 3744 770 3802 ct
798 3742 958 3805 ministros
986 3744 1116 3821 infirmi,
1141 3751 1178 3809 ut
1205 3746 1231 3808 si

139 3834 265 3894 morbus
293 3833 495 3912 ingravescat,
520 3832 566 3893 rel
594 3831 739 3895 infirmus
767 3833 899 3913 incipiat
924 3837 1098 3916 agonizare,
1123 3840 1231 3901 statim

140 3928 243 4006 ipsum
271 3925 445 3986 Parochum
471 3927 640 3998 accersant,
665 3929 702 3989 ut
726 3927 912 3989 morientem
938 3930 1076 4007 adjuret,
1103 3932 1232 4013 ejusque

139 4020 277 4080 animam
300 4017 366 4080 Deo
387 4016 599 4079 commendet:
623 4017 722 4081 sedai
747 4040 829 4080 mors
852 4020 1026 4089 immincat,
1048 4023 1232 4104 priusquam

140 4111 288 4183 ‹lia-edat,
305 4108 456 4173 Sacerdos
470 4109 609 4172 animam
624 4109 690 4173 Deo
706 4112 766 4175 rite
782 4113 1044 4178 commendabit.''
