<?xml version="1.0" encoding="UTF-8"?>
<!DOCTYPE html PUBLIC "-//W3C//DTD XHTML 1.0 Transitional//EN"
    "http://www.w3.org/TR/xhtml1/DTD/xhtml1-transitional.dtd">
<html xmlns="http://www.w3.org/1999/xhtml" xml:lang="en" lang="en">
 <head>
  <title>
</title>
<meta http-equiv="Content-Type" content="text/html;charset=utf-8" />
  <meta name='ocr-system' content='tesseract 3.04.00' />
  <meta name='ocr-capabilities' content='ocr_page ocr_carea ocr_par ocr_line ocrx_word'/>
</head>
<body>
  <div class='ocr_page' id='page_1' title='image "./compendiumsacra00wapegoog_0295.png"; bbox 0 0 2804 4890; ppageno 0'>
   <div class='ocr_carea' id='block_1_1' title="bbox 172 664 1126 738">
    <p class='ocr_par' dir='ltr' id='par_1_1' title="bbox 172 664 1126 738">
     <span class='ocr_line' id='line_1_1' title="bbox 172 664 1126 738; baseline 0.01 -10"><span class='ocrx_word' id='word_1_1' title='bbox 172 664 235 729; x_wconf 83' lang='grc'>278</span> <span class='ocrx_word' id='word_1_2' title='bbox 319 676 373 731; x_wconf 77' lang='grc' dir='ltr'>ΒΕ</span> <span class='ocrx_word' id='word_1_3' title='bbox 395 676 793 735; x_wconf 80' lang='lat' dir='ltr'><strong>PRAESTAN&#39;I&#39;IORIBUS</strong></span> <span class='ocrx_word' id='word_1_4' title='bbox 817 680 1126 738; x_wconf 83' lang='lat' dir='ltr'><strong>FUNOTIONIBUS.</strong></span> 
     </span>
    </p>
   </div>
   <div class='ocr_carea' id='block_1_2' title="bbox 175 846 1262 1097">
    <p class='ocr_par' dir='ltr' id='par_1_2' title="bbox 175 846 1262 1097">
     <span class='ocr_line' id='line_1_2' title="bbox 176 846 1261 933; baseline 0.006 -24"><span class='ocrx_word' id='word_1_5' title='bbox 176 866 269 928; x_wconf 87' lang='lat' dir='ltr'>quam</span> <span class='ocrx_word' id='word_1_6' title='bbox 290 867 323 911; x_wconf 90' lang='lat' dir='ltr'>se</span> <span class='ocrx_word' id='word_1_7' title='bbox 344 847 437 910; x_wconf 91' lang='lat' dir='ltr'>initio</span> <span class='ocrx_word' id='word_1_8' title='bbox 459 846 624 928; x_wconf 81' lang='lat' dir='ltr'>Evangelii</span> <span class='ocrx_word' id='word_1_9' title='bbox 644 849 825 930; x_wconf 82' lang='lat' dir='ltr'>signaverit,</span> <span class='ocrx_word' id='word_1_10' title='bbox 847 850 1008 932; x_wconf 82' lang='lat' dir='ltr'>eidemque</span> <span class='ocrx_word' id='word_1_11' title='bbox 1030 856 1101 932; x_wconf 90' lang='lat' dir='ltr'>post</span> <span class='ocrx_word' id='word_1_12' title='bbox 1122 851 1261 933; x_wconf 79' lang='lat' dir='ltr'>Erange</span> 
     </span>
     <span class='ocr_line' id='line_1_3' title="bbox 175 940 1262 1097; baseline 0.006 -95"><span class='ocrx_word' id='word_1_13' title='bbox 175 940 255 1095; x_wconf 45' lang='grc' dir='ltr'>ξιξ</span> <span class='ocrx_word' id='word_1_14' title='bbox 263 940 385 1097; x_wconf 46' lang='lat' dir='ltr'>fppcpdit,</span> <span class='ocrx_word' id='word_1_15' title='bbox 400 946 568 1022; x_wconf 87' lang='lat' dir='ltr'>antequam</span> <span class='ocrx_word' id='word_1_16' title='bbox 584 943 742 1005; x_wconf 82' lang='lat' dir='ltr'>osculetur</span> <span class='ocrx_word' id='word_1_17' title='bbox 758 943 883 1006; x_wconf 91' lang='lat' dir='ltr'>librum.</span> <span class='ocrx_word' id='word_1_18' title='bbox 928 943 1050 1008; x_wconf 89' lang='lat' dir='ltr'>Deinde</span> <span class='ocrx_word' id='word_1_19' title='bbox 1067 950 1103 1008; x_wconf 89' lang='lat' dir='ltr'>ut</span> <span class='ocrx_word' id='word_1_20' title='bbox 1120 965 1216 1028; x_wconf 88' lang='lat' dir='ltr'>supra</span> <span class='ocrx_word' id='word_1_21' title='bbox 1231 967 1262 1009; x_wconf 93' lang='lat' dir='ltr'>n.</span> 
     </span>
    </p>
   </div>
   <div class='ocr_carea' id='block_1_3' title="bbox 438 1221 995 1443">
    <p class='ocr_par' dir='ltr' id='par_1_3' title="bbox 438 1221 995 1443">
     <span class='ocr_line' id='line_1_4' title="bbox 610 1221 822 1294; baseline 0.005 -1"><span class='ocrx_word' id='word_1_22' title='bbox 610 1221 724 1294; x_wconf 72' lang='lat' dir='ltr'>Anu.</span> <span class='ocrx_word' id='word_1_23' title='bbox 750 1223 822 1294; x_wconf 92' lang='lat' dir='ltr'><strong>III.</strong></span> 
     </span>
     <span class='ocr_line' id='line_1_5' title="bbox 438 1387 995 1443; baseline 0.009 -5"><span class='ocrx_word' id='word_1_24' title='bbox 438 1387 488 1439; x_wconf 86' lang='lat' dir='ltr'>nn</span> <span class='ocrx_word' id='word_1_25' title='bbox 509 1388 793 1441; x_wconf 80' lang='lat' dir='ltr'>nnunnrcrroun</span> <span class='ocrx_word' id='word_1_26' title='bbox 814 1391 995 1443; x_wconf 80' lang='lat' dir='ltr'>crunnum.</span> 
     </span>
    </p>
   </div>
   <div class='ocr_carea' id='block_1_4' title="bbox 294 1542 1140 1622">
    <p class='ocr_par' dir='ltr' id='par_1_4' title="bbox 294 1542 1140 1622">
     <span class='ocr_line' id='line_1_6' title="bbox 294 1542 1140 1622; baseline 0.002 -16"><span class='ocrx_word' id='word_1_27' title='bbox 294 1542 332 1606; x_wconf 80' lang='grc' dir='ltr'>Δ.</span> <span class='ocrx_word' id='word_1_28' title='bbox 355 1542 399 1605; x_wconf 77' lang='lat' dir='ltr'>De</span> <span class='ocrx_word' id='word_1_29' title='bbox 417 1542 647 1621; x_wconf 75' lang='lat' dir='ltr'>Praepmandis</span> <span class='ocrx_word' id='word_1_30' title='bbox 664 1562 720 1622; x_wconf 86' lang='lat' dir='ltr'>pro</span> <span class='ocrx_word' id='word_1_31' title='bbox 738 1545 963 1609; x_wconf 84' lang='lat' dir='ltr'>Benedictione</span> <span class='ocrx_word' id='word_1_32' title='bbox 982 1550 1015 1610; x_wconf 86' lang='lat' dir='ltr'>et</span> <span class='ocrx_word' id='word_1_33' title='bbox 1032 1546 1140 1609; x_wconf 71' lang='lat' dir='ltr'>Kissa.</span> 
     </span>
    </p>
   </div>
   <div class='ocr_carea' id='block_1_5' title="bbox 171 1670 1262 3153">
    <p class='ocr_par' dir='ltr' id='par_1_5' title="bbox 214 1670 852 1753">
     <span class='ocr_line' id='line_1_7' title="bbox 214 1670 852 1753; baseline 0.005 -19"><span class='ocrx_word' id='word_1_34' title='bbox 214 1672 283 1736; x_wconf 72' lang='lat'><strong>167.</strong></span> <span class='ocrx_word' id='word_1_35' title='bbox 306 1672 367 1734; x_wconf 88' lang='lat' dir='ltr'>“In</span> <span class='ocrx_word' id='word_1_36' title='bbox 388 1670 547 1734; x_wconf 75' lang='lat' dir='ltr'>credentia</span> <span class='ocrx_word' id='word_1_37' title='bbox 565 1673 686 1736; x_wconf 78' lang='lat' dir='ltr'>Altaria</span> <span class='ocrx_word' id='word_1_38' title='bbox 707 1673 852 1753; x_wconf 78' lang='lat' dir='ltr'>nrojoria:</span> 
     </span>
    </p>

    <p class='ocr_par' dir='ltr' id='par_1_6' title="bbox 173 1763 1262 1934">
     <span class='ocr_line' id='line_1_8' title="bbox 222 1763 1262 1844; baseline 0.004 -19"><span class='ocrx_word' id='word_1_39' title='bbox 222 1764 272 1842; x_wconf 86' lang='lat' dir='ltr'>(a)</span> <span class='ocrx_word' id='word_1_40' title='bbox 301 1763 413 1827; x_wconf 87' lang='lat' dir='ltr'>“Calix</span> <span class='ocrx_word' id='word_1_41' title='bbox 436 1766 563 1844; x_wconf 86' lang='lat' dir='ltr'>paratus</span> <span class='ocrx_word' id='word_1_42' title='bbox 587 1784 643 1844; x_wconf 94' lang='lat' dir='ltr'>pro</span> <span class='ocrx_word' id='word_1_43' title='bbox 668 1764 774 1840; x_wconf 87' lang='lat' dir='ltr'>Missa,</span> <span class='ocrx_word' id='word_1_44' title='bbox 797 1785 869 1827; x_wconf 90' lang='lat' dir='ltr'>cum</span> <span class='ocrx_word' id='word_1_45' title='bbox 893 1766 959 1830; x_wconf 88' lang='lat' dir='ltr'>velo</span> <span class='ocrx_word' id='word_1_46' title='bbox 982 1772 1013 1830; x_wconf 90' lang='lat' dir='ltr'>et</span> <span class='ocrx_word' id='word_1_47' title='bbox 1034 1767 1129 1829; x_wconf 86' lang='lat' dir='ltr'>bursa</span> <span class='ocrx_word' id='word_1_48' title='bbox 1151 1768 1262 1830; x_wconf 86' lang='lat' dir='ltr'>colons</span> 
     </span>
     <span class='ocr_line' id='line_1_9' title="bbox 173 1855 340 1934; baseline 0 -17"><span class='ocrx_word' id='word_1_49' title='bbox 173 1855 301 1921; x_wconf 80' lang='lat' dir='ltr'>violacei</span> <span class='ocrx_word' id='word_1_50' title='bbox 309 1855 340 1934; x_wconf 90' lang='lat'>;&#39;&#39;</span> 
     </span>
    </p>

    <p class='ocr_par' dir='ltr' id='par_1_7' title="bbox 172 1950 1261 2124">
     <span class='ocr_line' id='line_1_10' title="bbox 221 1950 1261 2031; baseline 0.005 -20"><span class='ocrx_word' id='word_1_51' title='bbox 221 1950 273 2029; x_wconf 88' lang='lat' dir='ltr'>(b)</span> <span class='ocrx_word' id='word_1_52' title='bbox 300 1950 426 2013; x_wconf 88' lang='lat' dir='ltr'>“Pelvis</span> <span class='ocrx_word' id='word_1_53' title='bbox 441 1972 513 2013; x_wconf 90' lang='lat' dir='ltr'>cum</span> <span class='ocrx_word' id='word_1_54' title='bbox 528 1951 665 2013; x_wconf 86' lang='lat' dir='ltr'>medulla</span> <span class='ocrx_word' id='word_1_55' title='bbox 682 1953 782 2031; x_wconf 81' lang='lat' dir='ltr'>panis,</span> <span class='ocrx_word' id='word_1_56' title='bbox 797 1958 828 2015; x_wconf 90' lang='lat' dir='ltr'>et</span> <span class='ocrx_word' id='word_1_57' title='bbox 845 1954 970 2015; x_wconf 81' lang='lat' dir='ltr'>rasead</span> <span class='ocrx_word' id='word_1_58' title='bbox 986 1954 1134 2017; x_wconf 85' lang='lat' dir='ltr'>lavandas</span> <span class='ocrx_word' id='word_1_59' title='bbox 1150 1975 1261 2017; x_wconf 87' lang='lat' dir='ltr'>rnanus</span> 
     </span>
     <span class='ocr_line' id='line_1_11' title="bbox 172 2043 722 2124; baseline -0.002 -18"><span class='ocrx_word' id='word_1_60' title='bbox 172 2049 243 2124; x_wconf 88' lang='lat' dir='ltr'>post</span> <span class='ocrx_word' id='word_1_61' title='bbox 260 2043 411 2107; x_wconf 86' lang='lat' dir='ltr'>Cinerum</span> <span class='ocrx_word' id='word_1_62' title='bbox 428 2044 681 2107; x_wconf 84' lang='lat' dir='ltr'>distributionem</span> <span class='ocrx_word' id='word_1_63' title='bbox 693 2045 722 2120; x_wconf 92' lang='lat'>;&#39;&#39;</span> 
     </span>
    </p>

    <p class='ocr_par' dir='ltr' id='par_1_8' title="bbox 220 2137 992 2218">
     <span class='ocr_line' id='line_1_12' title="bbox 220 2137 992 2218; baseline -0.001 -17"><span class='ocrx_word' id='word_1_64' title='bbox 220 2138 269 2216; x_wconf 84' lang='lat' dir='ltr'>(c)</span> <span class='ocrx_word' id='word_1_65' title='bbox 297 2137 383 2201; x_wconf 84' lang='lat' dir='ltr'>“Vas</span> <span class='ocrx_word' id='word_1_66' title='bbox 398 2158 494 2218; x_wconf 87' lang='lat' dir='ltr'>aquae</span> <span class='ocrx_word' id='word_1_67' title='bbox 510 2137 688 2200; x_wconf 77' lang='lat' dir='ltr'>benedictae</span> <span class='ocrx_word' id='word_1_68' title='bbox 702 2158 773 2200; x_wconf 93' lang='lat' dir='ltr'>cum</span> <span class='ocrx_word' id='word_1_69' title='bbox 789 2139 992 2218; x_wconf 86' lang='lat' dir='ltr'>aspersorio.”</span> 
     </span>
    </p>

    <p class='ocr_par' dir='ltr' id='par_1_9' title="bbox 174 2229 1261 2405">
     <span class='ocr_line' id='line_1_13' title="bbox 216 2229 1261 2314; baseline 0.004 -23"><span class='ocrx_word' id='word_1_70' title='bbox 216 2229 348 2307; x_wconf 88' lang='lat' dir='ltr'>Ibidem,</span> <span class='ocrx_word' id='word_1_71' title='bbox 366 2230 412 2293; x_wconf 82' lang='lat' dir='ltr'>vel</span> <span class='ocrx_word' id='word_1_72' title='bbox 429 2231 471 2292; x_wconf 85' lang='lat' dir='ltr'>ad</span> <span class='ocrx_word' id='word_1_73' title='bbox 485 2251 665 2293; x_wconf 76' lang='lat' dir='ltr'>scurranum:</span> <span class='ocrx_word' id='word_1_74' title='bbox 682 2231 887 2312; x_wconf 87' lang='lat' dir='ltr'>“Manipulus</span> <span class='ocrx_word' id='word_1_75' title='bbox 905 2238 936 2295; x_wconf 89' lang='lat' dir='ltr'>et</span> <span class='ocrx_word' id='word_1_76' title='bbox 953 2233 1078 2314; x_wconf 87' lang='lat' dir='ltr'>planeta</span> <span class='ocrx_word' id='word_1_77' title='bbox 1097 2232 1261 2297; x_wconf 81' lang='lat' dir='ltr'>violaceu.&#39;&#39;</span> 
     </span>
     <span class='ocr_line' id='line_1_14' title="bbox 174 2323 1260 2405; baseline 0.004 -21"><span class='ocrx_word' id='word_1_78' title='bbox 174 2324 235 2386; x_wconf 89' lang='lat' dir='ltr'>Pro</span> <span class='ocrx_word' id='word_1_79' title='bbox 253 2324 352 2388; x_wconf 90' lang='lat' dir='ltr'>officio</span> <span class='ocrx_word' id='word_1_80' title='bbox 369 2325 499 2387; x_wconf 91' lang='lat' dir='ltr'>solemni</span> <span class='ocrx_word' id='word_1_81' title='bbox 519 2323 581 2386; x_wconf 91' lang='lat' dir='ltr'>duo</span> <span class='ocrx_word' id='word_1_82' title='bbox 599 2323 753 2404; x_wconf 87' lang='lat' dir='ltr'>manipuli</span> <span class='ocrx_word' id='word_1_83' title='bbox 772 2345 828 2405; x_wconf 92' lang='lat' dir='ltr'>pro</span> <span class='ocrx_word' id='word_1_84' title='bbox 847 2324 986 2389; x_wconf 85' lang='lat' dir='ltr'>Diacono</span> <span class='ocrx_word' id='word_1_85' title='bbox 1004 2332 1035 2389; x_wconf 89' lang='lat' dir='ltr'>et</span> <span class='ocrx_word' id='word_1_86' title='bbox 1054 2327 1260 2389; x_wconf 79' lang='lat' dir='ltr'>Subdiacono.</span> 
     </span>
    </p>

    <p class='ocr_par' dir='ltr' id='par_1_10' title="bbox 215 2417 463 2480">
     <span class='ocr_line' id='line_1_15' title="bbox 215 2417 463 2480; baseline 0.004 -2"><span class='ocrx_word' id='word_1_87' title='bbox 215 2421 243 2479; x_wconf 83' lang='lat'>2.</span> <span class='ocrx_word' id='word_1_88' title='bbox 265 2419 327 2479; x_wconf 89' lang='lat' dir='ltr'>“In</span> <span class='ocrx_word' id='word_1_89' title='bbox 341 2417 463 2480; x_wconf 76' lang='lat' dir='ltr'>Alton:</span> 
     </span>
    </p>

    <p class='ocr_par' dir='ltr' id='par_1_11' title="bbox 172 2511 1261 2685">
     <span class='ocr_line' id='line_1_16' title="bbox 219 2511 1261 2591; baseline 0.001 -18"><span class='ocrx_word' id='word_1_90' title='bbox 219 2513 270 2590; x_wconf 84' lang='lat' dir='ltr'>(a)</span> <span class='ocrx_word' id='word_1_91' title='bbox 298 2511 427 2573; x_wconf 85' lang='lat' dir='ltr'>“Altare</span> <span class='ocrx_word' id='word_1_92' title='bbox 445 2533 516 2572; x_wconf 88' lang='lat' dir='ltr'>curu</span> <span class='ocrx_word' id='word_1_93' title='bbox 536 2512 631 2591; x_wconf 91' lang='lat' dir='ltr'>pallio</span> <span class='ocrx_word' id='word_1_94' title='bbox 651 2511 794 2586; x_wconf 82' lang='lat' dir='ltr'>violaceo,</span> <span class='ocrx_word' id='word_1_95' title='bbox 813 2512 911 2573; x_wconf 86' lang='lat' dir='ltr'>Cruce</span> <span class='ocrx_word' id='word_1_96' title='bbox 930 2518 960 2574; x_wconf 90' lang='lat' dir='ltr'>et</span> <span class='ocrx_word' id='word_1_97' title='bbox 979 2513 1171 2575; x_wconf 79' lang='lat' dir='ltr'>candelabris</span> <span class='ocrx_word' id='word_1_98' title='bbox 1190 2534 1261 2574; x_wconf 92' lang='lat' dir='ltr'>cum</span> 
     </span>
     <span class='ocr_line' id='line_1_17' title="bbox 172 2603 665 2685; baseline -0.004 -17"><span class='ocrx_word' id='word_1_99' title='bbox 172 2606 278 2680; x_wconf 87' lang='lat' dir='ltr'>cereis,</span> <span class='ocrx_word' id='word_1_100' title='bbox 294 2605 407 2685; x_wconf 88' lang='lat' dir='ltr'>absque</span> <span class='ocrx_word' id='word_1_101' title='bbox 424 2605 503 2666; x_wconf 84' lang='lat' dir='ltr'>rasis</span> <span class='ocrx_word' id='word_1_102' title='bbox 520 2603 665 2666; x_wconf 89' lang='lat' dir='ltr'>florum.&#39;&#39;</span> 
     </span>
    </p>

    <p class='ocr_par' dir='ltr' id='par_1_12' title="bbox 171 2698 1259 3153">
     <span class='ocr_line' id='line_1_18' title="bbox 218 2698 1259 2778; baseline 0 -19"><span class='ocrx_word' id='word_1_103' title='bbox 218 2699 271 2777; x_wconf 87' lang='lat' dir='ltr'>(b)</span> <span class='ocrx_word' id='word_1_104' title='bbox 298 2698 384 2759; x_wconf 78' lang='lat' dir='ltr'>“Vas</span> <span class='ocrx_word' id='word_1_105' title='bbox 402 2701 596 2778; x_wconf 83' lang='lat' dir='ltr'>argenteum,</span> <span class='ocrx_word' id='word_1_106' title='bbox 613 2698 660 2762; x_wconf 86' lang='lat' dir='ltr'>vel</span> <span class='ocrx_word' id='word_1_107' title='bbox 678 2719 714 2760; x_wconf 82' lang='lat' dir='ltr'>ex</span> <span class='ocrx_word' id='word_1_108' title='bbox 733 2699 794 2760; x_wconf 86' lang='lat' dir='ltr'>alia</span> <span class='ocrx_word' id='word_1_109' title='bbox 812 2698 943 2778; x_wconf 84' lang='lat' dir='ltr'>pulchra</span> <span class='ocrx_word' id='word_1_110' title='bbox 959 2700 1101 2773; x_wconf 85' lang='lat' dir='ltr'>materia,</span> <span class='ocrx_word' id='word_1_111' title='bbox 1119 2720 1190 2761; x_wconf 93' lang='lat' dir='ltr'>cum</span> <span class='ocrx_word' id='word_1_112' title='bbox 1209 2700 1259 2760; x_wconf 78' lang='lat' dir='ltr'>Ci-</span> 
     </span>
     <span class='ocr_line' id='line_1_19' title="bbox 171 2791 1259 2872; baseline -0.001 -18"><span class='ocrx_word' id='word_1_113' title='bbox 171 2792 298 2854; x_wconf 90' lang='lat' dir='ltr'>neribus</span> <span class='ocrx_word' id='word_1_114' title='bbox 320 2811 357 2854; x_wconf 80' lang='lat' dir='ltr'>ex</span> <span class='ocrx_word' id='word_1_115' title='bbox 380 2793 475 2853; x_wconf 89' lang='lat' dir='ltr'>rumis</span> <span class='ocrx_word' id='word_1_116' title='bbox 497 2793 531 2854; x_wconf 91' lang='lat' dir='ltr'>in</span> <span class='ocrx_word' id='word_1_117' title='bbox 554 2791 750 2872; x_wconf 88' lang='lat' dir='ltr'>praecedenti</span> <span class='ocrx_word' id='word_1_118' title='bbox 776 2791 942 2853; x_wconf 90' lang='lat' dir='ltr'>Dominica</span> <span class='ocrx_word' id='word_1_119' title='bbox 966 2792 1148 2855; x_wconf 90' lang='lat' dir='ltr'>Palmarum</span> <span class='ocrx_word' id='word_1_120' title='bbox 1171 2793 1259 2854; x_wconf 91' lang='lat' dir='ltr'>benc-</span> 
     </span>
     <span class='ocr_line' id='line_1_20' title="bbox 172 2884 1258 2966; baseline -0.001 -19"><span class='ocrx_word' id='word_1_121' title='bbox 172 2885 276 2960; x_wconf 89' lang='lat' dir='ltr'>dictis,</span> <span class='ocrx_word' id='word_1_122' title='bbox 298 2884 467 2948; x_wconf 86' lang='lat' dir='ltr'>combustis</span> <span class='ocrx_word' id='word_1_123' title='bbox 489 2889 520 2946; x_wconf 89' lang='lat' dir='ltr'>et</span> <span class='ocrx_word' id='word_1_124' title='bbox 541 2885 700 2945; x_wconf 88' lang='lat' dir='ltr'>subtiliter·</span> <span class='ocrx_word' id='word_1_125' title='bbox 721 2885 875 2961; x_wconf 79' lang='lat' dir='ltr'>cribratio,</span> <span class='ocrx_word' id='word_1_126' title='bbox 897 2889 929 2946; x_wconf 91' lang='lat' dir='ltr'>et</span> <span class='ocrx_word' id='word_1_127' title='bbox 949 2886 1057 2960; x_wconf 89' lang='lat' dir='ltr'>aridis,</span> <span class='ocrx_word' id='word_1_128' title='bbox 1079 2892 1258 2966; x_wconf 89' lang='lat' dir='ltr'>coopertum</span> 
     </span>
     <span class='ocr_line' id='line_1_21' title="bbox 171 2977 1259 3059; baseline 0.004 -21"><span class='ocrx_word' id='word_1_129' title='bbox 171 2979 219 3041; x_wconf 83' lang='lat' dir='ltr'>rol</span> <span class='ocrx_word' id='word_1_130' title='bbox 247 2977 393 3059; x_wconf 92' lang='lat' dir='ltr'>operculo</span> <span class='ocrx_word' id='word_1_131' title='bbox 423 2978 578 3040; x_wconf 91' lang='lat' dir='ltr'>consimili</span> <span class='ocrx_word' id='word_1_132' title='bbox 611 2977 656 3040; x_wconf 84' lang='lat' dir='ltr'>vel</span> <span class='ocrx_word' id='word_1_133' title='bbox 687 2978 753 3041; x_wconf 81' lang='lat' dir='ltr'>velo</span> <span class='ocrx_word' id='word_1_134' title='bbox 784 2978 928 3054; x_wconf 82' lang='lat' dir='ltr'>violaceo,</span> <span class='ocrx_word' id='word_1_135' title='bbox 957 2979 1041 3041; x_wconf 90' lang='lat' dir='ltr'>inter</span> <span class='ocrx_word' id='word_1_136' title='bbox 1072 2980 1198 3042; x_wconf 83' lang='lat' dir='ltr'>Missale</span> <span class='ocrx_word' id='word_1_137' title='bbox 1228 2989 1259 3041; x_wconf 86' lang='lat' dir='ltr'>et</span> 
     </span>
     <span class='ocr_line' id='line_1_22' title="bbox 171 3071 476 3153; baseline -0.007 -18"><span class='ocrx_word' id='word_1_138' title='bbox 171 3092 269 3135; x_wconf 90' lang='lat' dir='ltr'>cornu</span> <span class='ocrx_word' id='word_1_139' title='bbox 286 3071 476 3153; x_wconf 87' lang='lat' dir='ltr'>Epistolae.&#39;&#39;</span> 
     </span>
    </p>
   </div>
   <div class='ocr_carea' id='block_1_6' title="bbox 400 3240 1029 3319">
    <p class='ocr_par' dir='ltr' id='par_1_13' title="bbox 400 3240 1029 3319">
     <span class='ocr_line' id='line_1_23' title="bbox 400 3240 1029 3319; baseline -0.002 -16"><span class='ocrx_word' id='word_1_140' title='bbox 400 3242 435 3303; x_wconf 90' lang='lat' dir='ltr'>B.</span> <span class='ocrx_word' id='word_1_141' title='bbox 468 3240 512 3304; x_wconf 85' lang='lat' dir='ltr'>Ile</span> <span class='ocrx_word' id='word_1_142' title='bbox 535 3240 603 3319; x_wconf 85' lang='lat' dir='ltr'>ipsa</span> <span class='ocrx_word' id='word_1_143' title='bbox 625 3241 850 3304; x_wconf 83' lang='lat' dir='ltr'>Benedictione</span> <span class='ocrx_word' id='word_1_144' title='bbox 873 3242 1029 3304; x_wconf 78' lang='lat' dir='ltr'>cinerum.</span> 
     </span>
    </p>
   </div>
   <div class='ocr_carea' id='block_1_7' title="bbox 168 3369 1262 4575">
    <p class='ocr_par' dir='ltr' id='par_1_14' title="bbox 168 3369 1262 3810">
     <span class='ocr_line' id='line_1_24' title="bbox 214 3369 1259 3452; baseline -0.003 -17"><span class='ocrx_word' id='word_1_145' title='bbox 214 3371 283 3435; x_wconf 79' lang='lat'>168.</span> <span class='ocrx_word' id='word_1_146' title='bbox 307 3370 333 3432; x_wconf 89' lang='lat' dir='ltr'>l.</span> <span class='ocrx_word' id='word_1_147' title='bbox 357 3371 404 3434; x_wconf 88' lang='lat' dir='ltr'>De</span> <span class='ocrx_word' id='word_1_148' title='bbox 421 3369 585 3452; x_wconf 69' lang='lat' dir='ltr'>francilone</span> <span class='ocrx_word' id='word_1_149' title='bbox 604 3371 717 3451; x_wconf 67' lang='lat' dir='ltr'>ullaque</span> <span class='ocrx_word' id='word_1_150' title='bbox 735 3369 832 3433; x_wconf 74' lang='lat' dir='ltr'>oneris</span> <span class='ocrx_word' id='word_1_151' title='bbox 849 3370 1016 3433; x_wconf 76' lang='lat' dir='ltr'>lllinistris.</span> <span class='ocrx_word' id='word_1_152' title='bbox 1061 3369 1259 3445; x_wconf 76' lang='lat' dir='ltr'>“Celebrans,</span> 
     </span>
     <span class='ocr_line' id='line_1_25' title="bbox 168 3462 1262 3546; baseline -0.001 -17"><span class='ocrx_word' id='word_1_153' title='bbox 168 3464 242 3530; x_wconf 91' lang='lat' dir='ltr'>lotis</span> <span class='ocrx_word' id='word_1_154' title='bbox 270 3465 426 3541; x_wconf 86' lang='lat' dir='ltr'>manibus,</span> <span class='ocrx_word' id='word_1_155' title='bbox 454 3485 510 3545; x_wconf 89' lang='lat' dir='ltr'>per</span> <span class='ocrx_word' id='word_1_156' title='bbox 538 3482 650 3526; x_wconf 91' lang='lat' dir='ltr'>manus</span> <span class='ocrx_word' id='word_1_157' title='bbox 678 3462 806 3526; x_wconf 88' lang='lat' dir='ltr'>secundi</span> <span class='ocrx_word' id='word_1_158' title='bbox 835 3468 867 3528; x_wconf 92' lang='lat' dir='ltr'>et</span> <span class='ocrx_word' id='word_1_159' title='bbox 895 3463 983 3528; x_wconf 85' lang='lat' dir='ltr'>tertii</span> <span class='ocrx_word' id='word_1_160' title='bbox 1011 3463 1118 3528; x_wconf 87' lang='lat' dir='ltr'>elerici</span> <span class='ocrx_word' id='word_1_161' title='bbox 1147 3463 1262 3546; x_wconf 87' lang='lat' dir='ltr'>accipit</span> 
     </span>
     <span class='ocr_line' id='line_1_26' title="bbox 176 3557 1259 3641; baseline -0.004 -18"><span class='ocrx_word' id='word_1_162' title='bbox 176 3561 287 3641; x_wconf 83' lang='lat' dir='ltr'>(super</span> <span class='ocrx_word' id='word_1_163' title='bbox 299 3560 446 3634; x_wconf 88' lang='lat' dir='ltr'>cottam¹)</span> <span class='ocrx_word' id='word_1_164' title='bbox 465 3559 627 3632; x_wconf 88' lang='lat' dir='ltr'>amictum,</span> <span class='ocrx_word' id='word_1_165' title='bbox 641 3557 753 3631; x_wconf 85' lang='lat' dir='ltr'>albam,</span> <span class='ocrx_word' id='word_1_166' title='bbox 766 3558 940 3636; x_wconf 85' lang='lat' dir='ltr'>cingulum,</span> <span class='ocrx_word' id='word_1_167' title='bbox 953 3557 1065 3621; x_wconf 88' lang='lat' dir='ltr'>stolam</span> <span class='ocrx_word' id='word_1_168' title='bbox 1079 3563 1110 3620; x_wconf 90' lang='lat' dir='ltr'>et</span> <span class='ocrx_word' id='word_1_169' title='bbox 1123 3557 1259 3639; x_wconf 82' lang='lat' dir='ltr'>pluviale</span> 
     </span>
     <span class='ocr_line' id='line_1_27' title="bbox 170 3649 1260 3731; baseline -0.005 -15"><span class='ocrx_word' id='word_1_170' title='bbox 170 3655 282 3718; x_wconf 88' lang='lat' dir='ltr'>coloris</span> <span class='ocrx_word' id='word_1_171' title='bbox 301 3650 459 3726; x_wconf 87' lang='lat' dir='ltr'>violacei‚&#39;&#39;</span> <span class='ocrx_word' id='word_1_172' title='bbox 481 3651 525 3712; x_wconf 81' lang='lat' dir='ltr'>vel</span> <span class='ocrx_word' id='word_1_173' title='bbox 546 3650 709 3712; x_wconf 88' lang='lat' dir='ltr'>deficiente</span> <span class='ocrx_word' id='word_1_174' title='bbox 728 3649 869 3730; x_wconf 88' lang='lat' dir='ltr'>pluviali,</span> <span class='ocrx_word' id='word_1_175' title='bbox 889 3650 1001 3714; x_wconf 88' lang='lat' dir='ltr'>stolam</span> <span class='ocrx_word' id='word_1_176' title='bbox 1022 3656 1147 3713; x_wconf 86' lang='lat' dir='ltr'>tanturn</span> <span class='ocrx_word' id='word_1_177' title='bbox 1168 3672 1260 3731; x_wconf 84' lang='lat' dir='ltr'>super</span> 
     </span>
     <span class='ocr_line' id='line_1_28' title="bbox 170 3748 282 3810; baseline 0 0"><span class='ocrx_word' id='word_1_178' title='bbox 170 3748 282 3810; x_wconf 87' lang='lat' dir='ltr'>albam.</span> 
     </span>
    </p>

    <p class='ocr_par' dir='ltr' id='par_1_15' title="bbox 170 3836 1258 4108">
     <span class='ocr_line' id='line_1_29' title="bbox 213 3836 1258 3913; baseline -0.004 -10"><span class='ocrx_word' id='word_1_179' title='bbox 213 3845 241 3905; x_wconf 78' lang='lat'>2.</span> <span class='ocrx_word' id='word_1_180' title='bbox 265 3840 445 3903; x_wconf 88' lang='lat' dir='ltr'>Procedunt</span> <span class='ocrx_word' id='word_1_181' title='bbox 464 3839 503 3901; x_wconf 91' lang='lat' dir='ltr'>ad</span> <span class='ocrx_word' id='word_1_182' title='bbox 526 3838 634 3900; x_wconf 85' lang='lat' dir='ltr'>Altare</span> <span class='ocrx_word' id='word_1_183' title='bbox 656 3837 748 3899; x_wconf 92' lang='lat' dir='ltr'>modo</span> <span class='ocrx_word' id='word_1_184' title='bbox 769 3841 926 3913; x_wconf 88' lang='lat' dir='ltr'>consueto,</span> <span class='ocrx_word' id='word_1_185' title='bbox 949 3836 1115 3900; x_wconf 84' lang='lat' dir='ltr'>Celebrans</span> <span class='ocrx_word' id='word_1_186' title='bbox 1135 3839 1258 3900; x_wconf 90' lang='lat' dir='ltr'>medius</span> 
     </span>
     <span class='ocr_line' id='line_1_30' title="bbox 171 3929 1257 4011; baseline -0.003 -15"><span class='ocrx_word' id='word_1_187' title='bbox 171 3936 255 3998; x_wconf 91' lang='lat' dir='ltr'>intcr</span> <span class='ocrx_word' id='word_1_188' title='bbox 272 3935 443 3997; x_wconf 85' lang='lat' dir='ltr'>secundum</span> <span class='ocrx_word' id='word_1_189' title='bbox 463 3937 494 3994; x_wconf 90' lang='lat' dir='ltr'>ct</span> <span class='ocrx_word' id='word_1_190' title='bbox 513 3931 644 3993; x_wconf 87' lang='lat' dir='ltr'>tertium</span> <span class='ocrx_word' id='word_1_191' title='bbox 662 3929 808 3991; x_wconf 88' lang='lat' dir='ltr'>clericum</span> <span class='ocrx_word' id='word_1_192' title='bbox 829 3930 1061 4011; x_wconf 86' lang='lat' dir='ltr'>superpelliceis</span> <span class='ocrx_word' id='word_1_193' title='bbox 1081 3933 1208 3995; x_wconf 90' lang='lat' dir='ltr'>indutos</span> <span class='ocrx_word' id='word_1_194' title='bbox 1227 3938 1257 3995; x_wconf 91' lang='lat' dir='ltr'>et</span> 
     </span>
     <span class='ocr_line' id='line_1_31' title="bbox 170 4025 664 4108; baseline -0.01 -18"><span class='ocrx_word' id='word_1_195' title='bbox 170 4028 325 4091; x_wconf 85' lang='lat' dir='ltr'>fimbriam</span> <span class='ocrx_word' id='word_1_196' title='bbox 340 4026 487 4108; x_wconf 84' lang='lat' dir='ltr'>pluvialis</span> <span class='ocrx_word' id='word_1_197' title='bbox 500 4025 664 4089; x_wconf 81' lang='lat' dir='ltr'>elevantes.</span> 
     </span>
    </p>

    <p class='ocr_par' dir='ltr' id='par_1_16' title="bbox 169 4117 1258 4471">
     <span class='ocr_line' id='line_1_32' title="bbox 213 4117 1257 4184; baseline -0.004 0"><span class='ocrx_word' id='word_1_198' title='bbox 213 4127 240 4184; x_wconf 90' lang='grc'>3.</span> <span class='ocrx_word' id='word_1_199' title='bbox 265 4121 452 4184; x_wconf 86' lang='lat' dir='ltr'>“Celebrans</span> <span class='ocrx_word' id='word_1_200' title='bbox 477 4117 616 4181; x_wconf 85' lang='lat' dir='ltr'>ascendit</span> <span class='ocrx_word' id='word_1_201' title='bbox 643 4119 751 4180; x_wconf 67' lang='lat' dir='ltr'>nlllare</span> <span class='ocrx_word' id='word_1_202' title='bbox 776 4118 897 4180; x_wconf 81' lang='lat' dir='ltr'>medius</span> <span class='ocrx_word' id='word_1_203' title='bbox 923 4118 1006 4181; x_wconf 90' lang='lat' dir='ltr'>inter</span> <span class='ocrx_word' id='word_1_204' title='bbox 1030 4117 1201 4182; x_wconf 88' lang='lat' dir='ltr'>secundum</span> <span class='ocrx_word' id='word_1_205' title='bbox 1226 4123 1257 4181; x_wconf 91' lang='lat' dir='ltr'>et</span> 
     </span>
     <span class='ocr_line' id='line_1_33' title="bbox 170 4211 1254 4279; baseline -0.006 1"><span class='ocrx_word' id='word_1_206' title='bbox 170 4216 301 4279; x_wconf 80' lang='lat' dir='ltr'>tertium</span> <span class='ocrx_word' id='word_1_207' title='bbox 334 4214 482 4276; x_wconf 87' lang='lat' dir='ltr'>clericum</span> <span class='ocrx_word' id='word_1_208' title='bbox 513 4217 545 4275; x_wconf 89' lang='lat' dir='ltr'>et</span> <span class='ocrx_word' id='word_1_209' title='bbox 575 4213 734 4274; x_wconf 87' lang='lat' dir='ltr'>osculatur</span> <span class='ocrx_word' id='word_1_210' title='bbox 767 4211 844 4274; x_wconf 89' lang='lat' dir='ltr'>illud</span> <span class='ocrx_word' id='word_1_211' title='bbox 877 4212 911 4273; x_wconf 92' lang='lat' dir='ltr'>in</span> <span class='ocrx_word' id='word_1_212' title='bbox 942 4211 1055 4275; x_wconf 87' lang='lat' dir='ltr'>medio.</span> <span class='ocrx_word' id='word_1_213' title='bbox 1121 4213 1254 4276; x_wconf 88' lang='lat' dir='ltr'>Interim</span> 
     </span>
     <span class='ocr_line' id='line_1_34' title="bbox 169 4305 1258 4389; baseline 0 -19"><span class='ocrx_word' id='word_1_214' title='bbox 169 4310 290 4389; x_wconf 89' lang='lat' dir='ltr'>primus</span> <span class='ocrx_word' id='word_1_215' title='bbox 330 4308 460 4370; x_wconf 88' lang='lat' dir='ltr'>clericus</span> <span class='ocrx_word' id='word_1_216' title='bbox 502 4307 642 4387; x_wconf 88' lang='lat' dir='ltr'>deposito</span> <span class='ocrx_word' id='word_1_217' title='bbox 684 4305 877 4367; x_wconf 67' lang='lat' dir='ltr'>‹folohrantis</span> <span class='ocrx_word' id='word_1_218' title='bbox 919 4305 1028 4382; x_wconf 90' lang='lat' dir='ltr'>bireto,</span> <span class='ocrx_word' id='word_1_219' title='bbox 1070 4306 1258 4389; x_wconf 90' lang='lat' dir='ltr'>discooperit</span> 
     </span>
     <span class='ocr_line' id='line_1_35' title="bbox 169 4401 318 4471; baseline -0.034 -3"><span class='ocrx_word' id='word_1_220' title='bbox 169 4401 318 4471; x_wconf 88' lang='lat' dir='ltr'>cineres‚”</span> 
     </span>
    </p>

    <p class='ocr_par' dir='ltr' id='par_1_17' title="bbox 541 4508 865 4575">
     <span class='ocr_line' id='line_1_36' title="bbox 541 4508 865 4575; baseline -0.012 -12"><span class='ocrx_word' id='word_1_221' title='bbox 541 4517 550 4551; x_wconf 84' lang='lat'><em>¹</em></span> <span class='ocrx_word' id='word_1_222' title='bbox 571 4510 625 4563; x_wconf 94' lang='lat' dir='ltr'>Ubi</span> <span class='ocrx_word' id='word_1_223' title='bbox 643 4509 685 4560; x_wconf 91' lang='lat' dir='ltr'>hic</span> <span class='ocrx_word' id='word_1_224' title='bbox 703 4523 766 4559; x_wconf 77' lang='lat' dir='ltr'>usam</span> <span class='ocrx_word' id='word_1_225' title='bbox 782 4508 865 4575; x_wconf 82' lang='lat' dir='ltr'>viget.</span> 
     </span>
    </p>
   </div>
   <div class='ocr_carea' id='block_1_8' title="bbox 0 0 1406 4890">
    <p class='ocr_par' dir='ltr' id='par_1_18' title="bbox 0 0 1406 4890">
     <span class='ocr_line' id='line_1_37' title="bbox 0 0 1406 4890; baseline 0 1"><span class='ocrx_word' id='word_1_226' title='bbox 0 0 1406 4890; x_wconf 95' lang='lat' dir='ltr'> </span> 
     </span>
    </p>
   </div>
  </div>
 </body>
</html>
