2804 4890
155 653 217 718 570
317 661 403 717 ΔΡΡ.
427 660 468 717 11.
510 659 564 716 DE
584 658 690 716 ALIIS
713 657 907 718 VESTIBUS
931 658 1083 718 sacRIS.

152 826 224 902 post
243 820 376 884 Missam
395 819 578 885 Benedictio
598 820 701 898 detur,
722 826 798 884 tunc
819 819 969 897 ministri,
989 821 1017 884 si
1036 820 1161 897 adsint,
1184 819 1262 884 reti·

152 918 231 977 nent
253 919 380 990 vestem,
405 933 499 995 qnam
524 915 609 976 intra
634 913 764 975 Missam
788 914 990 995 gestaverint.

196 1011 244 1068 10.
268 1006 378 1070 Obiter
394 1008 445 1070 hic
464 1006 578 1071 addere
595 1006 728 1088 juvabit,
745 1006 879 1070 colorem
897 1005 1081 1069 Damaticae
1099 1011 1132 1072 ct
1152 1007 1260 1069 Tuni-

152 1101 247 1163 cellae
267 1120 389 1182 semper
409 1100 519 1163 debere
539 1121 604 1164 esse
622 1100 816 1163 conformem
837 1098 934 1164 colori
955 1100 1147 1182 paramenti,
1171 1099 1259 1182 quod

150 1197 292 1275 gestatur
313 1213 333 1258 a
354 1193 538 1258 celebrante.

592 1422 707 1492 Anu.
731 1421 804 1494 III.

500 1604 551 1656 DE
579 1605 893 1658 SUPERPELLIGEO.

192 1774 263 1840 346.
288 1775 555 1857 Superpelliceum
575 1784 622 1841 est
642 1777 875 1855 indumentum,
894 1778 976 1859 quod
996 1779 1132 1841 formam
1155 1777 1256 1840 habct

151 1868 249 1932 Albae
274 1869 453 1932 decurtatae
482 1873 528 1933 rel
555 1870 731 1932 diminutae
757 1876 789 1933 et
815 1891 886 1932 cum
915 1870 1046 1932 manicis
1073 1870 1194 1950 amplis
1222 1880 1256 1933 et

150 1961 255 2042 largis.
308 1962 347 2023 In
377 1963 434 2023 boc
464 1963 601 2043 praecise
629 1962 737 2025 diliert
767 1984 785 2025 a
816 1964 966 2026 Roclrctto
1000 1968 1077 2042 (quo
1109 1967 1256 2024 utuntur

152 2054 298 2135 Episcopi
320 2058 352 2118 et
373 2054 544 2133 Praelati),
566 2056 658 2135 cujus
680 2054 820 2118 manicae
842 2062 916 2119 sunt
938 2065 1098 2135 angustae.

192 2150 220 2209 2.
245 2147 368 2209 Nomen
388 2165 480 2208 suum
498 2147 617 2227 accepit
636 2167 673 2209 cx
690 2167 735 2222 eo,
755 2149 836 2228 quod
858 2147 1080 2224 Ecclesiastici,
1100 2148 1256 2210 Officium

150 2244 322 2316 cantantes,
352 2241 385 2301 in
416 2240 594 2320 regionibus
622 2239 751 2320 frigidis
779 2240 914 2321 pellibus
942 2260 1054 2320 corpus
1083 2249 1256 2322 protegere

150 2331 299 2407 solebant,
321 2352 416 2413 supra
437 2352 512 2413 quas
532 2338 608 2395 tunc
628 2332 745 2395 lineam
766 2334 907 2394 tunicam
928 2333 1140 2413 imponebant.

191 2429 218 2485 3.
244 2426 336 2487 Circa
365 2424 539 2501 materiam,
571 2426 655 2488 unde
684 2425 879 2501 conficiatur,
911 2426 998 2487 nulla
1029 2427 1166 2506 positiva
1200 2429 1252 2489 lex

150 2518 320 2598 quidquam
349 2518 541 2598 praescribit.
591 2518 742 2580 Attamen
770 2521 924 2592 emarcuit,
952 2524 989 2580 ut
1017 2519 1205 2580 conficiatur
1236 2543 1254 2582 c

151 2609 225 2684 lino,
246 2609 508 2690 quemadmodum
531 2611 705 2690 precipitur
726 2631 782 2691 pro
804 2611 894 2687 Alba,
916 2633 932 2673 e
954 2631 1013 2690 qua
1035 2613 1184 2673 excrevit.

192 2707 220 2763 4.
245 2704 363 2765 Textus
390 2704 601 2764 denticulatus
630 2710 659 2764 ct
688 2723 765 2785 opus
794 2704 918 2783 phrygii
948 2704 1038 2764 hodie
1067 2705 1184 2783 ubique
1216 2708 1251 2767 iu

150 2795 373 2875 superpelliceo
403 2795 595 2870 admittitur,
624 2796 793 2856 dummodo
823 2817 884 2857 non
917 2796 958 2858 sit
988 2803 1118 2860 ornatus
1149 2800 1253 2862 nimis

150 2888 338 2950 cumulatus.
375 2888 556 2949 Cavendum
569 2892 624 2962 cst,
640 2890 743 2967 inquit
757 2890 827 2950 l'an
841 2890 896 2951 dor
911 2891 1062 2968 Stappcn,
1075 2910 1114 2951 ne
1130 2890 1252 2970 Supcr-

151 2981 314 3059 pelliceum
337 2986 392 3042 aut
414 2981 609 3051 Roclrcttum
632 2981 731 3043 nimio
753 2982 831 3042 texti
854 2981 1041 3044 denticulati
1063 2987 1179 3044 ornatu
1202 3006 1252 3046 rc-

151 3072 277 3133 dactum
298 3074 338 3133 sit
359 3073 397 3133 ad
418 3093 539 3132 merum
559 3078 797 3145 ornmncntum3
818 3075 911 3135 restis
930 3080 976 3137 est
996 3094 1011 3136 e
1031 3074 1104 3150 tela,
1123 3096 1189 3137 non
1210 3098 1251 3138 cx

151 3169 237 3226 textu
271 3165 462 3226 denticulato
495 3165 696 3226 conficienda.
747 3166 793 3228 Ob
827 3167 958 3228 nimiam
990 3167 1068 3229 telae
1101 3168 1249 3232 decurta-

151 3259 268 3319 tionem
285 3256 489 3318 ccclcsiastica
507 3258 645 3335 gravitas
662 3259 791 3319 vilescit.
834 3260 948 3320 llorcra
966 3261 1057 3322 bodio
1075 3262 1252 3340 aliquando

149 3371 165 3412 a
186 3350 425 3411 fabricatoribus
443 3355 474 3411 ct
492 3350 714 3412 incitatoribus
731 3351 953 3430 superpellicea
973 3352 1151 3414 offeruntur
1167 3375 1251 3434 quae

151 3443 248 3504 risum
277 3445 379 3522 polius
406 3464 580 3521 prrs'ocmc,
607 3463 698 3528 claram
726 3443 973 3505 aedificationem
999 3444 1170 3524 producere
1197 3469 1250 3511 va·

150 3536 245 3610 leant,
268 3542 299 3598 ct
321 3556 398 3615 (puae
421 3537 506 3598 omni
528 3540 623 3614 gustu
647 3542 676 3597 ct
698 3536 852 3611 elegantia
875 3542 991 3599 carent.

193 3633 220 3689 5.
246 3628 514 3708 Superpelliccum
542 3633 588 3689 cst
617 3627 710 3691 restis
738 3628 882 3689 omnibus
911 3629 1031 3691 clericis
1058 3635 1251 3710 communis,

152 3728 341 3801 quapropter
375 3721 557 3798 Episcopus,
589 3720 641 3799 qui
677 3721 812 3799 primam
846 3725 1007 3782 tonsuram
1040 3723 1165 3786 confert
1198 3727 1248 3790 rel

151 3814 298 3875 clericum
325 3813 412 3884 iacit,
440 3812 542 3873 utitur
568 3813 684 3873 verbis:
723 3812 863 3874 “Induat
889 3818 919 3875 te
947 3814 1102 3877 Dominus
1128 3837 1250 3883 norum

150 3906 320 3978 bominem,
349 3906 401 3984 qui
432 3904 600 3965 secundum
632 3904 733 3964 Deum
762 3909 883 3965 creatus
912 3911 968 3981 cst,
996 3907 1030 3968 in
1058 3909 1187 3988 justitia
1217 3917 1249 3975 et

152 4000 317 4061 sanctitate
341 3996 512 4057 raritatis.'’

193 4094 220 4152 6.
245 4090 421 4151 Adhibetur
463 4089 729 4168 Superpclliccum
771 4091 803 4151 in
842 4091 986 4154 omnibus
1027 4093 1251 4161 functionibus

151 4182 255 4253 sacris,
277 4203 333 4262 pro
354 4182 465 4262 quibus
487 4182 565 4241 Alba
587 4204 648 4242 uon
670 4189 715 4244 cst
738 4189 911 4262 praccepta,
932 4187 1115 4264 praesertim
1138 4189 1172 4250 iu
1193 4191 1250 4252 ad-

151 4276 383 4336 ministratione
414 4276 697 4345 Sacramcnlorum,
726 4276 759 4336 in
789 4276 1034 4355 processionibus
1061 4283 1093 4342 et
1121 4284 1251 4360 quando

151 4367 285 4431 officium
310 4366 459 4430 recitatur
486 4367 519 4428 in
544 4367 645 4430 choro.
