2804 4890
261 706 315 762 DE
336 706 586 764 INTENTIONE
611 710 686 765 PRO
711 711 936 770 SACRIFIOIO
957 714 1115 773 MISSAE.
1194 709 1232 772 31

184 883 214 941 4.
239 880 401 961 Temporis
420 881 558 962 spatium
580 902 637 962 pro
658 882 755 945 Missa
776 884 897 963 privata
916 884 1099 948 celebranda
1119 890 1231 952 sultam

143 975 238 1035 tertia
255 994 327 1054 pars
345 975 439 1037 horae
458 975 639 1055 requiritur,
657 977 705 1037 uti
725 976 818 1038 Conc.
840 977 927 1040 Plen.
946 978 1028 1042 Balt.
1050 979 1111 1040 11.⁶
1132 981 1231 1044 verbis

143 1067 306 1129 Benedicti
326 1067 417 1128 XIV.
436 1069 565 1130 statuit:
585 1068 636 1128 “N
639 1090 655 1131 e
673 1069 741 1150 quis
761 1071 846 1132 infra
864 1072 1012 1134 trientem
1032 1072 1163 1136 Missam
1180 1075 1231 1137 ab·

142 1161 259 1223 solvere
276 1161 420 1224 audeat.''
465 1163 500 1223 Si
518 1163 587 1242 quis
605 1163 705 1242 igitur
722 1164 807 1225 infra
825 1164 941 1245 viciati
959 1165 1082 1229 mitrata
1101 1168 1231 1230 Missam

142 1254 306 1336 persolvat,
319 1260 426 1336 peccat
433 1276 443 1330 ;
456 1257 519 1317 imo
531 1257 623 1336 juxta
635 1276 833 1319 communem
844 1260 1033 1320 sententiam
1046 1261 1150 1340 gravis
1163 1280 1231 1341 pec·

143 1351 204 1410 cati
239 1350 457 1412 irreverentiae
486 1354 518 1411 ct
550 1349 689 1412 scandali
722 1371 792 1412 reus
824 1356 881 1426 est,
912 1354 966 1432 qui
1000 1352 1140 1429 Missam,
1170 1355 1229 1416 etsi

142 1443 323 1519 breviorem,
341 1446 427 1505 infra
444 1443 651 1523 quadrantem
667 1443 827 1506 absolvat.⁷
872 1444 918 1507 De
937 1445 1043 1508 Missis
1059 1467 1115 1509 nec
1132 1448 1230 1509 brevi-

143 1537 248 1599 oribus
275 1559 331 1600 nec
359 1539 551 1619 longioribus
580 1539 672 1599 “cum
700 1538 838 1619 probatis
865 1541 1044 1602 auctoribus
1072 1546 1230 1621 putamus,

143 1632 224 1711 quod
240 1633 377 1712 spatium
394 1633 543 1712 temporis
559 1633 777 1707 necessarium,
791 1637 828 1695 ut
843 1635 949 1695 omnia
965 1633 1078 1695 Missae
1094 1634 1184 1696 rerba
1200 1639 1232 1696 et

142 1727 352 1788 caeremoniae
375 1726 547 1788 secuudum
571 1727 778 1807 praescriptos
802 1726 839 1788 ab
863 1727 1001 1789 Ecclesia
1025 1728 1105 1789 ritus
1128 1727 1231 1790 debite

144 1820 357 1900 perficiantur,
377 1820 417 1882 ad
439 1821 573 1882 medium
595 1823 703 1883 boram
731 1821 774 1899 (si
795 1821 933 1884 induitio
953 1825 984 1885 et
1004 1823 1110 1884 exutio
1131 1841 1231 1883 sacra·

144 1934 214 1974 rum
229 1915 361 1975 restium
377 1915 597 1993 includantur)
617 1915 793 1995 pertingere
808 1913 971 1978 debeat.’'⁸
1008 1915 1050 1977 Et
1064 1916 1104 1976 “a
1117 1914 1231 1977 veniali

143 2014 268 2088 peccato
286 2007 332 2071 rel
352 2009 457 2089 potius
475 2029 492 2069 a
511 2008 683 2071 venialibus
701 2010 835 2089 peccatis
854 2013 910 2070 aut
928 2008 1039 2071 saltem
1058 2008 1231 2071 defectibus

143 2103 195 2163 rix
217 2107 366 2164 excusant
389 2123 472 2177 eum,
495 2103 548 2182 qui
573 2102 755 2165 notabiliter
778 2102 863 2164 infra
887 2103 1074 2165 semihoram
1100 2104 1231 2164 Sacrum

142 2195 282 2258 absolvat
309 2197 371 2257 nisi
401 2197 463 2258 alia
491 2216 584 2258 causa
613 2196 755 2271 accedat3
784 2195 940 2275 siquidem
968 2196 1143 2258 voluntarie
1173 2197 1231 2257 irn-

144 2289 359 2369 pedimcntum
384 2290 484 2372 ponit,
508 2290 675 2370 quominus
699 2310 768 2352 eam
792 2290 989 2352 devotionem
1013 2309 1068 2370 per
1092 2288 1232 2368 singulas

144 2383 258 2445 Missae
280 2389 384 2464 partes
408 2385 552 2453 retineat,
576 2404 653 2463 quae
677 2388 802 2446 tantum
826 2384 1012 2462 mysterium
1036 2403 1232 2463 summopere

143 2476 286 2540 decet.”⁹
331 2477 413 2540 Sane
435 2477 571 2557 intelligi
595 2477 713 2557 nequit,
736 2477 774 2538 ad
798 2477 874 2557 quid
897 2477 1034 2556 quinque
1056 2477 1103 2537 vel
1127 2476 1231 2537 decem

143 2572 204 2633 ista
221 2572 345 2632 minuta
362 2572 455 2632 semel
473 2590 528 2651 per
545 2575 583 2630 ‘24
600 2572 691 2633 horas
710 2571 859 2634 Sacerdos
877 2570 1058 2633 festinando
1075 2567 1231 2630 “lucrari’'

143 2665 228 2727 velit.
294 2665 412 2728 Causae
438 2665 529 2726 istius
555 2664 714 2727 deflendae
740 2663 1010 2745 praecipitationis
1036 2667 1170 2744 quatuor
1194 2663 1232 2724 ab

142 2758 321 2822 auctoribus
340 2762 555 2821 recensentur:
611 2776 614 2782 ·

190 2853 241 2930 (a)
270 2852 456 2932 Ignorantia
475 2873 575 2913 crassa
596 2873 619 2913 s.
642 2852 774 2914 Rituum
795 2856 825 2913 ct
846 2850 1086 2931 significationis
1106 2869 1232 2923 eorum3

190 2945 242 3024 (b)
272 2946 348 3007 Vita
362 2945 522 3008 mundana
537 2945 713 3008 Sacerdotis
722 2967 730 3021 ;

190 3041 239 3117 (a)
268 3038 418 3101 Defectus
440 3061 527 3102 verae
547 3044 578 3101 et
600 3040 685 3101 virae
706 3039 778 3100 fidei
799 3059 872 3118 erga
894 3039 951 3100 SS.
975 3038 1232 3112 Sacramentum;

190 3133 244 3211 (d)
273 3133 521 3194 Inconsideratio
537 3140 567 3196 et
584 3133 741 3213 profunda
758 3133 872 3195 oblivio
889 3132 1145 3194 maledictionum
1162 3131 1231 3192 hor-

141 3226 311 3289 rendarum
332 3247 408 3306 quas
429 3226 512 3288 Deus
533 3227 716 3305 irreligiosis
735 3232 765 3288 et
787 3227 894 3306 impiis
914 3226 1064 3289 continuo
1084 3226 1231 3286 intentat.

140 3320 360 3398 “Huiusmodi
382 3320 558 3400 corruptela
584 3319 700 3400 [nimia
721 3320 882 3382 festinatio
903 3324 935 3382 et
955 3320 1111 3381 divexatio
1132 3338 1231 3380 caere-

140 3413 336 3493 moniarum]
371 3433 435 3475 non
465 3413 591 3493 quidem
621 3414 740 3475 calamo
769 3414 822 3477 sed
853 3413 991 3476 lacrimis
1021 3417 1101 3475 esset
1130 3431 1230 3492 perse-

138 3506 323 3589 quenda’'¹⁰

561 3693 675 3762 Arta.
701 3693 808 3763 VIII.

265 3867 316 3917 Du
345 3865 584 3916 INTEN'I'IONE
613 3865 684 3913 PRO
711 3863 924 3913 SACRIFICIO
952 3863 1100 3913 MISSAE.

183 4017 231 4079 18.
256 4017 397 4078 Intentio
413 4012 611 4076 consecrandi
630 4032 682 4073 seu
700 4010 856 4072 “lariendi
874 4010 955 4090 quod
974 4011 1051 4072 lacit
1069 4009 1228 4071 Ecclesia''

136 4113 248 4174 saltem
265 4109 408 4172 virtualis
423 4110 456 4169 in
472 4108 654 4169 Celebrante
670 4106 859 4184 requiritur:
874 4111 904 4166 et
922 4105 1073 4185 implIcite
1088 4104 1185 4178 adest,
1201 4105 1226 4165 si

138 4206 289 4269 Sacerdos
308 4225 339 4267 se
358 4206 532 4284 praeparat,
552 4200 598 4261 rel
620 4199 725 4261 induit
745 4203 841 4260 restes
860 4205 891 4260 et
911 4199 950 4260 ad
970 4198 1078 4260 Altare
1098 4197 1226 4260 accedit.

171 4349 281 4397 ‘Decr
299 4347 358 4395 363.
744 4346 755 4377 ⁸
775 4341 901 4402 Janssen,
925 4340 1042 4402 Bouvry.

171 4431 183 4464 ¹
203 4425 230 4475 S.
250 4424 332 4488 Alph.
351 4421 401 4472 VI.
421 4423 480 4471 400.
500 4421 544 4471 Οἱ.
563 4421 656 4471 Lehm·
746 4425 757 4455 ⁰
777 4418 934 4480 Lehmkuhl,
950 4417 966 4466 l.
986 4431 1008 4467 c.

134 4503 210 4566 kald,
227 4501 267 4552 11.
286 4501 345 4551 220.
745 4501 769 4534 ¹⁰
788 4495 815 4544 S.
842 4495 923 4560 Alph.
