<?xml version="1.0" encoding="UTF-8"?>
<!DOCTYPE html PUBLIC "-//W3C//DTD XHTML 1.0 Transitional//EN"
    "http://www.w3.org/TR/xhtml1/DTD/xhtml1-transitional.dtd">
<html xmlns="http://www.w3.org/1999/xhtml" xml:lang="en" lang="en">
 <head>
  <title>
</title>
<meta http-equiv="Content-Type" content="text/html;charset=utf-8" />
  <meta name='ocr-system' content='tesseract 3.04.00' />
  <meta name='ocr-capabilities' content='ocr_page ocr_carea ocr_par ocr_line ocrx_word'/>
</head>
<body>
  <div class='ocr_page' id='page_1' title='image "./compendiumsacra00wapegoog_0241.png"; bbox 0 0 2804 4890; ppageno 0'>
   <div class='ocr_carea' id='block_1_1' title="bbox 171 656 1158 726">
    <p class='ocr_par' dir='ltr' id='par_1_1' title="bbox 171 656 1158 726">
     <span class='ocr_line' id='line_1_1' title="bbox 171 656 1158 726; baseline 0.008 -8"><span class='ocrx_word' id='word_1_1' title='bbox 171 656 232 718; x_wconf 81' lang='lat'>224</span> <span class='ocrx_word' id='word_1_2' title='bbox 276 667 493 724; x_wconf 84' lang='lat' dir='ltr'>LITURGIAE</span> <span class='ocrx_word' id='word_1_3' title='bbox 517 670 669 725; x_wconf 85' lang='lat' dir='ltr'>SACRAE</span> <span class='ocrx_word' id='word_1_4' title='bbox 692 669 908 725; x_wconf 83' lang='lat' dir='ltr'>EXPOSITIO</span> <span class='ocrx_word' id='word_1_5' title='bbox 929 670 1158 726; x_wconf 84' lang='lat' dir='ltr'>HISTORIOA.</span> 
     </span>
    </p>
   </div>
   <div class='ocr_carea' id='block_1_2' title="bbox 172 841 1266 1301">
    <p class='ocr_par' dir='ltr' id='par_1_2' title="bbox 172 841 1266 1301">
     <span class='ocr_line' id='line_1_2' title="bbox 172 841 1266 926; baseline 0.004 -22"><span class='ocrx_word' id='word_1_6' title='bbox 172 841 286 920; x_wconf 81' lang='lat' dir='ltr'>Horas,</span> <span class='ocrx_word' id='word_1_7' title='bbox 303 846 372 920; x_wconf 80' lang='lat' dir='ltr'>ete,</span> <span class='ocrx_word' id='word_1_8' title='bbox 388 844 431 906; x_wconf 93' lang='lat' dir='ltr'>sit</span> <span class='ocrx_word' id='word_1_9' title='bbox 446 843 614 924; x_wconf 89' lang='lat' dir='ltr'>legendum</span> <span class='ocrx_word' id='word_1_10' title='bbox 630 848 687 906; x_wconf 91' lang='lat' dir='ltr'>aut</span> <span class='ocrx_word' id='word_1_11' title='bbox 702 844 919 926; x_wconf 66' lang='lat' dir='ltr'>psallendum</span> <span class='ocrx_word' id='word_1_12' title='bbox 935 843 1192 908; x_wconf 69' lang='lat' dir='ltr'>Pontoooators&#39;on</span> <span class='ocrx_word' id='word_1_13' title='bbox 1208 863 1266 926; x_wconf 84' lang='lat' dir='ltr'>pro</span> 
     </span>
     <span class='ocr_line' id='line_1_3' title="bbox 173 936 1262 1019; baseline 0.002 -21"><span class='ocrx_word' id='word_1_14' title='bbox 173 937 281 999; x_wconf 83' lang='lat' dir='ltr'>Officio</span> <span class='ocrx_word' id='word_1_15' title='bbox 305 957 324 999; x_wconf 91' lang='lat' dir='ltr'>a</span> <span class='ocrx_word' id='word_1_16' title='bbox 347 936 498 999; x_wconf 86' lang='lat' dir='ltr'>Paselrate</span> <span class='ocrx_word' id='word_1_17' title='bbox 522 957 618 1017; x_wconf 92' lang='lat' dir='ltr'>usque</span> <span class='ocrx_word' id='word_1_18' title='bbox 642 937 680 998; x_wconf 91' lang='lat' dir='ltr'>ad</span> <span class='ocrx_word' id='word_1_19' title='bbox 706 944 856 999; x_wconf 78' lang='lat' dir='ltr'>Octavam</span> <span class='ocrx_word' id='word_1_20' title='bbox 880 937 1095 1014; x_wconf 82' lang='lat' dir='ltr'>Pentecostes3</span> <span class='ocrx_word' id='word_1_21' title='bbox 1119 937 1262 1019; x_wconf 71' lang='grc'>1100000-</span> 
     </span>
     <span class='ocr_line' id='line_1_4' title="bbox 173 1030 1262 1111; baseline 0.004 -20"><span class='ocrx_word' id='word_1_22' title='bbox 173 1030 277 1110; x_wconf 79' lang='grc'>100100</span> <span class='ocrx_word' id='word_1_23' title='bbox 299 1034 462 1094; x_wconf 89' lang='lat' dir='ltr'>continens</span> <span class='ocrx_word' id='word_1_24' title='bbox 483 1033 616 1111; x_wconf 88' lang='lat' dir='ltr'>hymnos</span> <span class='ocrx_word' id='word_1_25' title='bbox 629 1051 693 1111; x_wconf 87' lang='lat' dir='ltr'>pro</span> <span class='ocrx_word' id='word_1_26' title='bbox 712 1033 803 1095; x_wconf 87' lang='lat' dir='ltr'>festis</span> <span class='ocrx_word' id='word_1_27' title='bbox 822 1034 921 1094; x_wconf 91' lang='lat' dir='ltr'>totius</span> <span class='ocrx_word' id='word_1_28' title='bbox 940 1033 1017 1094; x_wconf 91' lang='lat' dir='ltr'>anni</span> <span class='ocrx_word' id='word_1_29' title='bbox 1038 1052 1110 1094; x_wconf 91' lang='lat' dir='ltr'>eum</span> <span class='ocrx_word' id='word_1_30' title='bbox 1130 1031 1262 1095; x_wconf 86' lang='lat' dir='ltr'>vetustis</span> 
     </span>
     <span class='ocr_line' id='line_1_5' title="bbox 172 1125 1262 1207; baseline 0.001 -20"><span class='ocrx_word' id='word_1_31' title='bbox 172 1128 255 1187; x_wconf 91' lang='lat' dir='ltr'>notis</span> <span class='ocrx_word' id='word_1_32' title='bbox 268 1127 413 1200; x_wconf 82' lang='lat' dir='ltr'>musicis3</span> <span class='ocrx_word' id='word_1_33' title='bbox 427 1125 461 1186; x_wconf 89' lang='lat' dir='ltr'><em>M</em></span> <span class='ocrx_word' id='word_1_34' title='bbox 464 1127 615 1188; x_wconf 84' lang='lat' dir='ltr'>enoobum</span> <span class='ocrx_word' id='word_1_35' title='bbox 628 1146 686 1207; x_wconf 92' lang='lat' dir='ltr'>pro</span> <span class='ocrx_word' id='word_1_36' title='bbox 700 1126 816 1189; x_wconf 87' lang='lat' dir='ltr'>Officiis</span> <span class='ocrx_word' id='word_1_37' title='bbox 831 1125 1019 1189; x_wconf 85' lang='lat' dir='ltr'>Sanctorum</span> <span class='ocrx_word' id='word_1_38' title='bbox 1027 1146 1037 1202; x_wconf 92' lang='lat'>;</span> <span class='ocrx_word' id='word_1_39' title='bbox 1048 1125 1085 1187; x_wconf 86' lang='grc' dir='ltr'><em>Μ</em></span> <span class='ocrx_word' id='word_1_40' title='bbox 1087 1127 1262 1207; x_wconf 70' lang='grc'>0100109100,</span> 
     </span>
     <span class='ocr_line' id='line_1_6' title="bbox 173 1219 530 1301; baseline 0.011 -22"><span class='ocrx_word' id='word_1_41' title='bbox 173 1219 192 1282; x_wconf 89' lang='lat' dir='ltr'>i.</span> <span class='ocrx_word' id='word_1_42' title='bbox 212 1240 238 1281; x_wconf 93' lang='lat' dir='ltr'>e.</span> <span class='ocrx_word' id='word_1_43' title='bbox 259 1219 530 1301; x_wconf 85' lang='lat' dir='ltr'>Martyrologium.</span> 
     </span>
    </p>
   </div>
   <div class='ocr_carea' id='block_1_3' title="bbox 611 1491 817 1562">
    <p class='ocr_par' dir='ltr' id='par_1_3' title="bbox 611 1491 817 1562">
     <span class='ocr_line' id='line_1_7' title="bbox 611 1491 817 1562; baseline 0.005 -1"><span class='ocrx_word' id='word_1_44' title='bbox 611 1492 726 1562; x_wconf 81' lang='grc' dir='ltr'><strong>ΛΒΤ.</strong></span> <span class='ocrx_word' id='word_1_45' title='bbox 751 1491 817 1562; x_wconf 91' lang='lat' dir='ltr'>VI.</span> 
     </span>
    </p>
   </div>
   <div class='ocr_carea' id='block_1_4' title="bbox 368 1676 1061 1728">
    <p class='ocr_par' dir='ltr' id='par_1_4' title="bbox 368 1676 1061 1728">
     <span class='ocr_line' id='line_1_8' title="bbox 368 1676 1061 1728; baseline 0.003 -2"><span class='ocrx_word' id='word_1_46' title='bbox 368 1676 603 1727; x_wconf 77' lang='lat' dir='ltr'>TEMPLORUM</span> <span class='ocrx_word' id='word_1_47' title='bbox 625 1676 807 1727; x_wconf 82' lang='lat' dir='ltr'><strong>VETERUM</strong></span> <span class='ocrx_word' id='word_1_48' title='bbox 829 1676 1061 1728; x_wconf 84' lang='lat' dir='ltr'>DESCRIPTIO.</span> 
     </span>
    </p>
   </div>
   <div class='ocr_carea' id='block_1_5' title="bbox 111 1834 1262 4361">
    <p class='ocr_par' dir='ltr' id='par_1_5' title="bbox 170 1834 1261 2482">
     <span class='ocr_line' id='line_1_9' title="bbox 214 1834 1259 1918; baseline -0.002 -20"><span class='ocrx_word' id='word_1_49' title='bbox 214 1834 282 1899; x_wconf 79' lang='lat'>127.</span> <span class='ocrx_word' id='word_1_50' title='bbox 307 1837 480 1899; x_wconf 83' lang='lat' dir='ltr'><strong>Christiani</strong></span> <span class='ocrx_word' id='word_1_51' title='bbox 504 1837 543 1898; x_wconf 91' lang='lat' dir='ltr'>ad</span> <span class='ocrx_word' id='word_1_52' title='bbox 567 1858 590 1900; x_wconf 91' lang='lat' dir='ltr'>s.</span> <span class='ocrx_word' id='word_1_53' title='bbox 615 1838 766 1916; x_wconf 81' lang='lat' dir='ltr'>Mysteria</span> <span class='ocrx_word' id='word_1_54' title='bbox 789 1837 973 1899; x_wconf 83' lang='lat' dir='ltr'>celebranda</span> <span class='ocrx_word' id='word_1_55' title='bbox 995 1836 1177 1918; x_wconf 82' lang='lat' dir='ltr'>primordiis</span> <span class='ocrx_word' id='word_1_56' title='bbox 1202 1836 1259 1897; x_wconf 86' lang='lat' dir='ltr'>Eo-</span> 
     </span>
     <span class='ocr_line' id='line_1_10' title="bbox 170 1929 1261 2011; baseline -0.002 -17"><span class='ocrx_word' id='word_1_57' title='bbox 170 1931 281 1994; x_wconf 86' lang='lat' dir='ltr'>elesiae</span> <span class='ocrx_word' id='word_1_58' title='bbox 306 1932 339 1992; x_wconf 92' lang='lat' dir='ltr'>in</span> <span class='ocrx_word' id='word_1_59' title='bbox 366 1931 510 1992; x_wconf 83' lang='lat' dir='ltr'>domibus</span> <span class='ocrx_word' id='word_1_60' title='bbox 536 1930 660 2011; x_wconf 86' lang='lat' dir='ltr'>amplis,</span> <span class='ocrx_word' id='word_1_61' title='bbox 686 1932 871 2011; x_wconf 88' lang='lat' dir='ltr'>praesertim</span> <span class='ocrx_word' id='word_1_62' title='bbox 897 1931 929 1992; x_wconf 92' lang='lat' dir='ltr'>in</span> <span class='ocrx_word' id='word_1_63' title='bbox 957 1932 1038 1993; x_wconf 90' lang='lat' dir='ltr'>aulis</span> <span class='ocrx_word' id='word_1_64' title='bbox 1064 1930 1111 1994; x_wconf 90' lang='lat' dir='ltr'>rel</span> <span class='ocrx_word' id='word_1_65' title='bbox 1139 1929 1261 1992; x_wconf 82' lang='lat' dir='ltr'>exedris</span> 
     </span>
     <span class='ocr_line' id='line_1_11' title="bbox 170 2024 1260 2106; baseline -0.002 -18"><span class='ocrx_word' id='word_1_66' title='bbox 170 2025 281 2088; x_wconf 92' lang='lat' dir='ltr'>domus</span> <span class='ocrx_word' id='word_1_67' title='bbox 301 2026 470 2105; x_wconf 90' lang='lat' dir='ltr'>superioris</span> <span class='ocrx_word' id='word_1_68' title='bbox 489 2025 722 2101; x_wconf 82' lang='lat' dir='ltr'>conveniebant,</span> <span class='ocrx_word' id='word_1_69' title='bbox 742 2026 805 2086; x_wconf 93' lang='lat' dir='ltr'>imo</span> <span class='ocrx_word' id='word_1_70' title='bbox 824 2024 1049 2106; x_wconf 82' lang='lat' dir='ltr'>persecutionis</span> <span class='ocrx_word' id='word_1_71' title='bbox 1067 2024 1260 2105; x_wconf 72' lang='lat' dir='ltr'>temporibus</span> 
     </span>
     <span class='ocr_line' id='line_1_12' title="bbox 171 2117 1260 2200; baseline -0.003 -18"><span class='ocrx_word' id='word_1_72' title='bbox 171 2121 205 2182; x_wconf 92' lang='lat' dir='ltr'>in</span> <span class='ocrx_word' id='word_1_73' title='bbox 236 2119 387 2182; x_wconf 83' lang='lat' dir='ltr'>arenariis</span> <span class='ocrx_word' id='word_1_74' title='bbox 418 2125 449 2181; x_wconf 89' lang='lat' dir='ltr'>et</span> <span class='ocrx_word' id='word_1_75' title='bbox 480 2120 606 2200; x_wconf 84' lang='lat' dir='ltr'>cryptis.</span> <span class='ocrx_word' id='word_1_76' title='bbox 651 2119 695 2181; x_wconf 90' lang='lat' dir='ltr'>At</span> <span class='ocrx_word' id='word_1_77' title='bbox 727 2140 799 2181; x_wconf 89' lang='lat' dir='ltr'>mox</span> <span class='ocrx_word' id='word_1_78' title='bbox 830 2121 948 2200; x_wconf 90' lang='lat' dir='ltr'>templa</span> <span class='ocrx_word' id='word_1_79' title='bbox 980 2119 1181 2199; x_wconf 84' lang='lat' dir='ltr'>erigebantur</span> <span class='ocrx_word' id='word_1_80' title='bbox 1212 2117 1260 2180; x_wconf 89' lang='lat' dir='ltr'>vel</span> 
     </span>
     <span class='ocr_line' id='line_1_13' title="bbox 170 2211 1261 2294; baseline -0.002 -18"><span class='ocrx_word' id='word_1_81' title='bbox 170 2214 322 2289; x_wconf 78' lang='lat' dir='ltr'>aedificia,</span> <span class='ocrx_word' id='word_1_82' title='bbox 353 2237 378 2279; x_wconf 92' lang='lat' dir='ltr'>e.</span> <span class='ocrx_word' id='word_1_83' title='bbox 409 2233 438 2294; x_wconf 89' lang='lat' dir='ltr'>g.</span> <span class='ocrx_word' id='word_1_84' title='bbox 471 2213 623 2275; x_wconf 87' lang='lat' dir='ltr'>Basilicae</span> <span class='ocrx_word' id='word_1_85' title='bbox 652 2233 709 2293; x_wconf 91' lang='lat' dir='ltr'>pro</span> <span class='ocrx_word' id='word_1_86' title='bbox 739 2214 874 2292; x_wconf 90' lang='lat' dir='ltr'>negotiis</span> <span class='ocrx_word' id='word_1_87' title='bbox 904 2212 1049 2275; x_wconf 82' lang='lat' dir='ltr'>civilibus</span> <span class='ocrx_word' id='word_1_88' title='bbox 1078 2213 1113 2274; x_wconf 90' lang='lat' dir='ltr'>in</span> <span class='ocrx_word' id='word_1_89' title='bbox 1142 2211 1261 2293; x_wconf 89' lang='lat' dir='ltr'>templa</span> 
     </span>
     <span class='ocr_line' id='line_1_14' title="bbox 171 2305 1260 2388; baseline -0.002 -18"><span class='ocrx_word' id='word_1_90' title='bbox 171 2308 343 2371; x_wconf 87' lang='lat' dir='ltr'>christiana</span> <span class='ocrx_word' id='word_1_91' title='bbox 362 2308 632 2372; x_wconf 82' lang='lat' dir='ltr'>convertebantur.</span> <span class='ocrx_word' id='word_1_92' title='bbox 678 2308 729 2371; x_wconf 91' lang='lat' dir='ltr'>Ita</span> <span class='ocrx_word' id='word_1_93' title='bbox 750 2308 843 2370; x_wconf 92' lang='lat' dir='ltr'>initio</span> <span class='ocrx_word' id='word_1_94' title='bbox 865 2307 1089 2388; x_wconf 79' lang='lat' dir='ltr'>persecutionis</span> <span class='ocrx_word' id='word_1_95' title='bbox 1112 2305 1260 2370; x_wconf 87' lang='lat' dir='ltr'>Diocleti-</span> 
     </span>
     <span class='ocr_line' id='line_1_15' title="bbox 171 2402 1044 2482; baseline -0.001 -16"><span class='ocrx_word' id='word_1_96' title='bbox 171 2403 225 2466; x_wconf 90' lang='lat' dir='ltr'>ani</span> <span class='ocrx_word' id='word_1_97' title='bbox 243 2403 276 2463; x_wconf 93' lang='lat' dir='ltr'>in</span> <span class='ocrx_word' id='word_1_98' title='bbox 293 2403 368 2465; x_wconf 88' lang='lat' dir='ltr'>urbe</span> <span class='ocrx_word' id='word_1_99' title='bbox 388 2404 486 2465; x_wconf 88' lang='lat' dir='ltr'>Roma</span> <span class='ocrx_word' id='word_1_100' title='bbox 504 2402 693 2464; x_wconf 83' lang='lat' dir='ltr'>Christianis</span> <span class='ocrx_word' id='word_1_101' title='bbox 711 2407 751 2462; x_wconf 82' lang='lat'>40</span> <span class='ocrx_word' id='word_1_102' title='bbox 769 2403 887 2482; x_wconf 87' lang='lat' dir='ltr'>templa</span> <span class='ocrx_word' id='word_1_103' title='bbox 904 2403 1044 2465; x_wconf 87' lang='lat' dir='ltr'>fuerunt.</span> 
     </span>
    </p>

    <p class='ocr_par' dir='ltr' id='par_1_6' title="bbox 170 2495 1262 3047">
     <span class='ocr_line' id='line_1_16' title="bbox 214 2495 1262 2577; baseline -0.001 -20"><span class='ocrx_word' id='word_1_104' title='bbox 214 2501 242 2558; x_wconf 80' lang='lat'>2.</span> <span class='ocrx_word' id='word_1_105' title='bbox 266 2496 294 2557; x_wconf 99' lang='lat' dir='ltr'>A</span> <span class='ocrx_word' id='word_1_106' title='bbox 322 2500 433 2577; x_wconf 79' lang='grc' dir='ltr'>0ιο010</span> <span class='ocrx_word' id='word_1_107' title='bbox 461 2498 526 2559; x_wconf 88' lang='lat' dir='ltr'>fere</span> <span class='ocrx_word' id='word_1_108' title='bbox 554 2496 675 2558; x_wconf 79' lang='lat' dir='ltr'>saeculo</span> <span class='ocrx_word' id='word_1_109' title='bbox 704 2497 856 2557; x_wconf 85' lang='lat' dir='ltr'>uniformi</span> <span class='ocrx_word' id='word_1_110' title='bbox 886 2495 1019 2576; x_wconf 87' lang='lat' dir='ltr'>quadam</span> <span class='ocrx_word' id='word_1_111' title='bbox 1048 2495 1115 2575; x_wconf 89' lang='lat' dir='ltr'>lege</span> <span class='ocrx_word' id='word_1_112' title='bbox 1144 2495 1262 2576; x_wconf 89' lang='lat' dir='ltr'>templa</span> 
     </span>
     <span class='ocr_line' id='line_1_17' title="bbox 170 2587 1259 2669; baseline -0.004 -17"><span class='ocrx_word' id='word_1_113' title='bbox 170 2590 341 2652; x_wconf 82' lang='lat' dir='ltr'>christiana</span> <span class='ocrx_word' id='word_1_114' title='bbox 370 2590 593 2653; x_wconf 76' lang='lat' dir='ltr'>condebantur.</span> <span class='ocrx_word' id='word_1_115' title='bbox 649 2589 837 2668; x_wconf 85' lang='lat' dir='ltr'>Plerumque</span> <span class='ocrx_word' id='word_1_116' title='bbox 867 2588 1150 2669; x_wconf 84' lang='lat' dir='ltr'>parallelogrammi</span> <span class='ocrx_word' id='word_1_117' title='bbox 1181 2587 1259 2667; x_wconf 89' lang='lat' dir='ltr'>figu-</span> 
     </span>
     <span class='ocr_line' id='line_1_18' title="bbox 171 2680 1261 2764; baseline -0.004 -20"><span class='ocrx_word' id='word_1_118' title='bbox 171 2704 239 2746; x_wconf 90' lang='lat' dir='ltr'>ram</span> <span class='ocrx_word' id='word_1_119' title='bbox 260 2704 333 2764; x_wconf 89' lang='lat' dir='ltr'>prae</span> <span class='ocrx_word' id='word_1_120' title='bbox 353 2706 384 2746; x_wconf 86' lang='lat' dir='ltr'>so</span> <span class='ocrx_word' id='word_1_121' title='bbox 406 2683 556 2746; x_wconf 87' lang='lat' dir='ltr'>ferebant.</span> <span class='ocrx_word' id='word_1_122' title='bbox 601 2682 718 2745; x_wconf 80' lang='lat' dir='ltr'>Aditus</span> <span class='ocrx_word' id='word_1_123' title='bbox 738 2683 921 2762; x_wconf 87' lang='lat' dir='ltr'>plerumque</span> <span class='ocrx_word' id='word_1_124' title='bbox 942 2702 1047 2743; x_wconf 89' lang='lat' dir='ltr'>versus</span> <span class='ocrx_word' id='word_1_125' title='bbox 1068 2680 1261 2743; x_wconf 87' lang='lat' dir='ltr'>occidentem</span> 
     </span>
     <span class='ocr_line' id='line_1_19' title="bbox 173 2775 1261 2859; baseline -0.005 -19"><span class='ocrx_word' id='word_1_126' title='bbox 173 2779 373 2859; x_wconf 72' lang='lat' dir='ltr'>respiciebat:</span> <span class='ocrx_word' id='word_1_127' title='bbox 391 2779 533 2858; x_wconf 85' lang='lat' dir='ltr'>opposita</span> <span class='ocrx_word' id='word_1_128' title='bbox 550 2799 632 2858; x_wconf 86' lang='lat' dir='ltr'>pars,</span> <span class='ocrx_word' id='word_1_129' title='bbox 649 2777 688 2839; x_wconf 87' lang='lat' dir='ltr'>ad</span> <span class='ocrx_word' id='word_1_130' title='bbox 706 2779 857 2840; x_wconf 87' lang='lat' dir='ltr'>orientem</span> <span class='ocrx_word' id='word_1_131' title='bbox 876 2798 964 2840; x_wconf 83' lang='lat' dir='ltr'>versa</span> <span class='ocrx_word' id='word_1_132' title='bbox 986 2777 1137 2855; x_wconf 90' lang='lat' dir='ltr'>(“Oriens</span> <span class='ocrx_word' id='word_1_133' title='bbox 1156 2775 1261 2837; x_wconf 90' lang='lat' dir='ltr'>Salva·</span> 
     </span>
     <span class='ocr_line' id='line_1_20' title="bbox 172 2865 1257 2951; baseline -0.003 -18"><span class='ocrx_word' id='word_1_134' title='bbox 172 2870 274 2949; x_wconf 89' lang='lat' dir='ltr'>tor&#39;’)‚</span> <span class='ocrx_word' id='word_1_135' title='bbox 298 2871 538 2933; x_wconf 85' lang='lat' dir='ltr'>sernieiroularis</span> <span class='ocrx_word' id='word_1_136' title='bbox 561 2870 681 2951; x_wconf 89' lang='lat' dir='ltr'>figurae</span> <span class='ocrx_word' id='word_1_137' title='bbox 704 2873 781 2945; x_wconf 85' lang='lat' dir='ltr'>erat,</span> <span class='ocrx_word' id='word_1_138' title='bbox 805 2867 923 2931; x_wconf 91' lang='lat' dir='ltr'>Absida</span> <span class='ocrx_word' id='word_1_139' title='bbox 947 2869 995 2931; x_wconf 91' lang='lat' dir='ltr'>vel</span> <span class='ocrx_word' id='word_1_140' title='bbox 1018 2867 1111 2931; x_wconf 88' lang='lat' dir='ltr'>Absis</span> <span class='ocrx_word' id='word_1_141' title='bbox 1141 2865 1257 2948; x_wconf 71' lang='grc' dir='ltr'>(ἅψίς-τ</span> 
     </span>
     <span class='ocr_line' id='line_1_21' title="bbox 172 2967 531 3047; baseline -0.006 -18"><span class='ocrx_word' id='word_1_142' title='bbox 172 2971 367 3047; x_wconf 82' lang='lat' dir='ltr'>segmentum</span> <span class='ocrx_word' id='word_1_143' title='bbox 390 2967 531 3043; x_wconf 83' lang='lat' dir='ltr'>circuli).</span> 
     </span>
    </p>

    <p class='ocr_par' dir='ltr' id='par_1_7' title="bbox 214 3060 952 3140">
     <span class='ocr_line' id='line_1_22' title="bbox 214 3060 952 3140; baseline 0 -19"><span class='ocrx_word' id='word_1_144' title='bbox 214 3063 243 3123; x_wconf 89' lang='lat'>3.</span> <span class='ocrx_word' id='word_1_145' title='bbox 267 3060 305 3121; x_wconf 93' lang='lat' dir='ltr'>In</span> <span class='ocrx_word' id='word_1_146' title='bbox 328 3065 391 3123; x_wconf 90' lang='lat' dir='ltr'>tres</span> <span class='ocrx_word' id='word_1_147' title='bbox 412 3064 515 3140; x_wconf 89' lang='lat' dir='ltr'>partes</span> <span class='ocrx_word' id='word_1_148' title='bbox 536 3060 654 3139; x_wconf 86' lang='lat' dir='ltr'>templa</span> <span class='ocrx_word' id='word_1_149' title='bbox 674 3064 765 3121; x_wconf 88' lang='lat' dir='ltr'>erant</span> <span class='ocrx_word' id='word_1_150' title='bbox 786 3060 952 3121; x_wconf 84' lang='lat' dir='ltr'>distincta:</span> 
     </span>
    </p>

    <p class='ocr_par' dir='ltr' id='par_1_8' title="bbox 111 3153 1261 3499">
     <span class='ocr_line' id='line_1_23' title="bbox 211 3153 1255 3237; baseline 0.003 -21"><span class='ocrx_word' id='word_1_151' title='bbox 211 3153 238 3218; x_wconf 91' lang='lat' dir='ltr'>I.</span> <span class='ocrx_word' id='word_1_152' title='bbox 265 3154 461 3215; x_wconf 80' lang='lat' dir='ltr'>Vestibulum</span> <span class='ocrx_word' id='word_1_153' title='bbox 491 3175 544 3215; x_wconf 86' lang='lat' dir='ltr'>seu</span> <span class='ocrx_word' id='word_1_154' title='bbox 572 3154 719 3215; x_wconf 69' lang='lat' dir='ltr'>Porticus</span> <span class='ocrx_word' id='word_1_155' title='bbox 749 3155 909 3231; x_wconf 71' lang='grc' dir='ltr'>(πρόνοιαν),</span> <span class='ocrx_word' id='word_1_156' title='bbox 935 3155 1117 3237; x_wconf 86' lang='lat' dir='ltr'>plerumque</span> <span class='ocrx_word' id='word_1_157' title='bbox 1141 3158 1255 3220; x_wconf 84' lang='lat' dir='ltr'>consis-</span> 
     </span>
     <span class='ocr_line' id='line_1_24' title="bbox 111 3246 1261 3325; baseline 0.001 -15"><span class='ocrx_word' id='word_1_158' title='bbox 111 3252 117 3263; x_wconf 87' lang='lat'>&#39;</span> <span class='ocrx_word' id='word_1_159' title='bbox 172 3253 241 3311; x_wconf 91' lang='lat' dir='ltr'>teus</span> <span class='ocrx_word' id='word_1_160' title='bbox 257 3268 294 3309; x_wconf 83' lang='lat' dir='ltr'>ex</span> <span class='ocrx_word' id='word_1_161' title='bbox 311 3251 439 3310; x_wconf 77' lang='lat' dir='ltr'>externo</span> <span class='ocrx_word' id='word_1_162' title='bbox 456 3246 618 3315; x_wconf 85' lang='lat' dir='ltr'>vestibulo,</span> <span class='ocrx_word' id='word_1_163' title='bbox 637 3247 668 3306; x_wconf 92' lang='lat' dir='ltr'>in</span> <span class='ocrx_word' id='word_1_164' title='bbox 687 3267 747 3325; x_wconf 87' lang='grc'>000</span> <span class='ocrx_word' id='word_1_165' title='bbox 765 3248 901 3317; x_wconf 74' lang='lat' dir='ltr'>Flentes,</span> <span class='ocrx_word' id='word_1_166' title='bbox 919 3253 950 3309; x_wconf 89' lang='lat' dir='ltr'>et</span> <span class='ocrx_word' id='word_1_167' title='bbox 967 3248 1092 3311; x_wconf 89' lang='lat' dir='ltr'>interno</span> <span class='ocrx_word' id='word_1_168' title='bbox 1110 3249 1261 3312; x_wconf 82' lang='lat' dir='ltr'>vestibulo</span> 
     </span>
     <span class='ocr_line' id='line_1_25' title="bbox 177 3338 1260 3420; baseline 0.002 -18"><span class='ocrx_word' id='word_1_169' title='bbox 177 3341 354 3420; x_wconf 73' lang='lat' dir='ltr'>(Nartiae)</span> <span class='ocrx_word' id='word_1_170' title='bbox 380 3341 413 3400; x_wconf 94' lang='lat' dir='ltr'>in</span> <span class='ocrx_word' id='word_1_171' title='bbox 433 3359 493 3420; x_wconf 92' lang='grc'>000</span> <span class='ocrx_word' id='word_1_172' title='bbox 512 3338 696 3409; x_wconf 66' lang='lat' dir='ltr'>urinantes,</span> <span class='ocrx_word' id='word_1_173' title='bbox 716 3344 747 3400; x_wconf 89' lang='lat' dir='ltr'>et</span> <span class='ocrx_word' id='word_1_174' title='bbox 767 3339 849 3401; x_wconf 80' lang='lat' dir='ltr'>forte</span> <span class='ocrx_word' id='word_1_175' title='bbox 870 3338 1094 3402; x_wconf 81' lang='lat' dir='ltr'>Catecliumeni</span> <span class='ocrx_word' id='word_1_176' title='bbox 1113 3341 1260 3404; x_wconf 88' lang='lat' dir='ltr'>consiste·</span> 
     </span>
     <span class='ocr_line' id='line_1_26' title="bbox 172 3436 271 3499; baseline 0.02 -2"><span class='ocrx_word' id='word_1_177' title='bbox 172 3436 271 3499; x_wconf 89' lang='lat' dir='ltr'>bant.¹</span> 
     </span>
    </p>

    <p class='ocr_par' dir='ltr' id='par_1_9' title="bbox 170 3529 1261 4361">
     <span class='ocr_line' id='line_1_27' title="bbox 219 3529 1261 3610; baseline 0.002 -18"><span class='ocrx_word' id='word_1_178' title='bbox 219 3529 264 3592; x_wconf 94' lang='lat' dir='ltr'>II.</span> <span class='ocrx_word' id='word_1_179' title='bbox 288 3529 386 3591; x_wconf 67' lang='lat' dir='ltr'>Naar-is</span> <span class='ocrx_word' id='word_1_180' title='bbox 413 3529 511 3607; x_wconf 80' lang='grc' dir='ltr'>(ναός)</span> <span class='ocrx_word' id='word_1_181' title='bbox 537 3530 600 3590; x_wconf 80' lang='lat' dir='ltr'>sivo</span> <span class='ocrx_word' id='word_1_182' title='bbox 622 3529 731 3608; x_wconf 86' lang='lat' dir='ltr'>templi</span> <span class='ocrx_word' id='word_1_183' title='bbox 752 3529 884 3590; x_wconf 88' lang='lat' dir='ltr'>interior</span> <span class='ocrx_word' id='word_1_184' title='bbox 903 3550 984 3603; x_wconf 88' lang='lat' dir='ltr'>area,</span> <span class='ocrx_word' id='word_1_185' title='bbox 1005 3531 1039 3592; x_wconf 94' lang='lat' dir='ltr'>in</span> <span class='ocrx_word' id='word_1_186' title='bbox 1059 3531 1151 3610; x_wconf 88' lang='lat' dir='ltr'>eujus</span> <span class='ocrx_word' id='word_1_187' title='bbox 1171 3531 1261 3594; x_wconf 89' lang='lat' dir='ltr'>aditu</span> 
     </span>
     <span class='ocr_line' id='line_1_28' title="bbox 172 3623 1261 3704; baseline -0.001 -17"><span class='ocrx_word' id='word_1_188' title='bbox 172 3626 266 3687; x_wconf 91' lang='lat' dir='ltr'>tertia</span> <span class='ocrx_word' id='word_1_189' title='bbox 286 3625 514 3704; x_wconf 82' lang='lat' dir='ltr'>poenitentium</span> <span class='ocrx_word' id='word_1_190' title='bbox 535 3623 641 3684; x_wconf 77' lang='lat' dir='ltr'>elassis</span> <span class='ocrx_word' id='word_1_191' title='bbox 661 3643 714 3684; x_wconf 90' lang='lat' dir='ltr'>seu</span> <span class='ocrx_word' id='word_1_192' title='bbox 734 3623 892 3683; x_wconf 80' lang='lat' dir='ltr'>Prostroti</span> <span class='ocrx_word' id='word_1_193' title='bbox 910 3624 1063 3703; x_wconf 82' lang='lat' dir='ltr'>jacebant.</span> <span class='ocrx_word' id='word_1_194' title='bbox 1110 3625 1207 3686; x_wconf 87' lang='lat' dir='ltr'>Navis</span> <span class='ocrx_word' id='word_1_195' title='bbox 1227 3627 1261 3686; x_wconf 92' lang='lat' dir='ltr'>in</span> 
     </span>
     <span class='ocr_line' id='line_1_29' title="bbox 172 3716 1260 3798; baseline 0.002 -18"><span class='ocrx_word' id='word_1_196' title='bbox 172 3723 234 3782; x_wconf 85' lang='lat' dir='ltr'>tres</span> <span class='ocrx_word' id='word_1_197' title='bbox 251 3724 365 3798; x_wconf 71' lang='grc'>000100,</span> <span class='ocrx_word' id='word_1_198' title='bbox 383 3719 540 3779; x_wconf 80' lang='lat' dir='ltr'>volutiani</span> <span class='ocrx_word' id='word_1_199' title='bbox 559 3717 590 3777; x_wconf 93' lang='lat' dir='ltr'>in</span> <span class='ocrx_word' id='word_1_200' title='bbox 610 3721 672 3780; x_wconf 82' lang='lat' dir='ltr'>tros</span> <span class='ocrx_word' id='word_1_201' title='bbox 691 3717 793 3778; x_wconf 79' lang='lat' dir='ltr'>Nares</span> <span class='ocrx_word' id='word_1_202' title='bbox 811 3716 962 3779; x_wconf 75' lang='lat' dir='ltr'>dietim-ta</span> <span class='ocrx_word' id='word_1_203' title='bbox 978 3721 1063 3789; x_wconf 85' lang='lat' dir='ltr'>orat;</span> <span class='ocrx_word' id='word_1_204' title='bbox 1080 3719 1189 3787; x_wconf 74' lang='lat' dir='ltr'>dextra</span> <span class='ocrx_word' id='word_1_205' title='bbox 1207 3740 1260 3782; x_wconf 91' lang='lat' dir='ltr'>seu</span> 
     </span>
     <span class='ocr_line' id='line_1_30' title="bbox 170 3809 1259 3890; baseline -0.001 -17"><span class='ocrx_word' id='word_1_206' title='bbox 170 3810 316 3873; x_wconf 82' lang='lat' dir='ltr'>australis</span> <span class='ocrx_word' id='word_1_207' title='bbox 330 3814 481 3890; x_wconf 81' lang='lat' dir='ltr'>parserat</span> <span class='ocrx_word' id='word_1_208' title='bbox 495 3809 592 3870; x_wconf 84' lang='lat' dir='ltr'>Naris</span> <span class='ocrx_word' id='word_1_209' title='bbox 606 3809 754 3882; x_wconf 85' lang='lat' dir='ltr'>virorum,</span> <span class='ocrx_word' id='word_1_210' title='bbox 769 3809 898 3870; x_wconf 86' lang='lat' dir='ltr'>sinistra</span> <span class='ocrx_word' id='word_1_211' title='bbox 913 3809 1010 3872; x_wconf 84' lang='lat' dir='ltr'>Navis</span> <span class='ocrx_word' id='word_1_212' title='bbox 1023 3811 1189 3873; x_wconf 86' lang='lat' dir='ltr'>mulierum</span> <span class='ocrx_word' id='word_1_213' title='bbox 1205 3832 1259 3873; x_wconf 87' lang='lat' dir='ltr'>sou</span> 
     </span>
     <span class='ocr_line' id='line_1_31' title="bbox 172 3903 1259 3983; baseline 0 -17"><span class='ocrx_word' id='word_1_214' title='bbox 172 3906 399 3968; x_wconf 84' lang='lat' dir='ltr'>Matronaeuru.</span> <span class='ocrx_word' id='word_1_215' title='bbox 445 3903 567 3964; x_wconf 87' lang='lat' dir='ltr'>Mediae</span> <span class='ocrx_word' id='word_1_216' title='bbox 583 3903 670 3963; x_wconf 77' lang='lat' dir='ltr'>navis</span> <span class='ocrx_word' id='word_1_217' title='bbox 686 3909 825 3965; x_wconf 82' lang='lat' dir='ltr'>extrema</span> <span class='ocrx_word' id='word_1_218' title='bbox 841 3924 912 3983; x_wconf 88' lang='lat' dir='ltr'>pars</span> <span class='ocrx_word' id='word_1_219' title='bbox 930 3904 1020 3966; x_wconf 88' lang='lat' dir='ltr'>Solea</span> <span class='ocrx_word' id='word_1_220' title='bbox 1035 3903 1081 3966; x_wconf 88' lang='lat' dir='ltr'>vel</span> <span class='ocrx_word' id='word_1_221' title='bbox 1097 3904 1259 3966; x_wconf 89' lang='lat' dir='ltr'>Liminare</span> 
     </span>
     <span class='ocr_line' id='line_1_32' title="bbox 170 3997 1259 4081; baseline -0.001 -20"><span class='ocrx_word' id='word_1_222' title='bbox 170 4001 396 4081; x_wconf 88' lang='lat' dir='ltr'>appellabatur,</span> <span class='ocrx_word' id='word_1_223' title='bbox 419 4000 470 4059; x_wconf 90' lang='lat' dir='ltr'>ubi</span> <span class='ocrx_word' id='word_1_224' title='bbox 493 4003 583 4060; x_wconf 85' lang='lat' dir='ltr'>erant</span> <span class='ocrx_word' id='word_1_225' title='bbox 604 3997 706 4061; x_wconf 74' lang='lat' dir='ltr'>oleriri</span> <span class='ocrx_word' id='word_1_226' title='bbox 731 3999 876 4061; x_wconf 88' lang='lat' dir='ltr'>minores.</span> <span class='ocrx_word' id='word_1_227' title='bbox 923 4000 961 4061; x_wconf 93' lang='grc'>10</span> <span class='ocrx_word' id='word_1_228' title='bbox 985 3999 1074 4062; x_wconf 82' lang='lat' dir='ltr'>Solea</span> <span class='ocrx_word' id='word_1_229' title='bbox 1096 4004 1163 4063; x_wconf 85' lang='lat' dir='ltr'>erat</span> <span class='ocrx_word' id='word_1_230' title='bbox 1186 4000 1259 4061; x_wconf 87' lang='lat' dir='ltr'>l&#39;ul-</span> 
     </span>
     <span class='ocr_line' id='line_1_33' title="bbox 170 4089 1259 4173; baseline -0.001 -19"><span class='ocrx_word' id='word_1_231' title='bbox 170 4095 271 4173; x_wconf 82' lang='lat' dir='ltr'>pilum</span> <span class='ocrx_word' id='word_1_232' title='bbox 292 4113 344 4154; x_wconf 92' lang='lat' dir='ltr'>sou</span> <span class='ocrx_word' id='word_1_233' title='bbox 364 4091 498 4165; x_wconf 87' lang='lat' dir='ltr'>Ambon,</span> <span class='ocrx_word' id='word_1_234' title='bbox 517 4091 596 4170; x_wconf 88' lang='lat' dir='ltr'>quod</span> <span class='ocrx_word' id='word_1_235' title='bbox 617 4090 733 4170; x_wconf 84' lang='lat' dir='ltr'>gradus</span> <span class='ocrx_word' id='word_1_236' title='bbox 752 4089 825 4151; x_wconf 89' lang='lat' dir='ltr'>bino</span> <span class='ocrx_word' id='word_1_237' title='bbox 847 4091 918 4152; x_wconf 89' lang='lat' dir='ltr'>inde</span> <span class='ocrx_word' id='word_1_238' title='bbox 936 4091 1079 4165; x_wconf 91' lang='lat' dir='ltr'>babebat,</span> <span class='ocrx_word' id='word_1_239' title='bbox 1098 4112 1173 4171; x_wconf 92' lang='lat' dir='ltr'>quos</span> <span class='ocrx_word' id='word_1_240' title='bbox 1193 4093 1259 4153; x_wconf 84' lang='lat' dir='ltr'>“as-</span> 
     </span>
     <span class='ocr_line' id='line_1_34' title="bbox 170 4184 1260 4266; baseline 0.002 -17"><span class='ocrx_word' id='word_1_241' title='bbox 170 4186 344 4251; x_wconf 81' lang='lat' dir='ltr'>censionis&#39;&#39;</span> <span class='ocrx_word' id='word_1_242' title='bbox 365 4194 395 4249; x_wconf 84' lang='lat' dir='ltr'>et</span> <span class='ocrx_word' id='word_1_243' title='bbox 417 4186 646 4248; x_wconf 75' lang='lat' dir='ltr'>“descensionis</span> <span class='ocrx_word' id='word_1_244' title='bbox 668 4185 804 4262; x_wconf 78' lang='lat' dir='ltr'>gradus&#39;&#39;</span> <span class='ocrx_word' id='word_1_245' title='bbox 827 4185 1035 4265; x_wconf 87' lang='lat' dir='ltr'>appellabant.</span> <span class='ocrx_word' id='word_1_246' title='bbox 1080 4184 1260 4266; x_wconf 83' lang='lat' dir='ltr'>Aliquando</span> 
     </span>
     <span class='ocr_line' id='line_1_35' title="bbox 170 4278 1259 4361; baseline 0.004 -21"><span class='ocrx_word' id='word_1_247' title='bbox 170 4282 232 4345; x_wconf 80' lang='lat' dir='ltr'>(luo</span> <span class='ocrx_word' id='word_1_248' title='bbox 256 4286 347 4342; x_wconf 83' lang='lat' dir='ltr'>orant</span> <span class='ocrx_word' id='word_1_249' title='bbox 371 4280 537 4347; x_wconf 76' lang='lat' dir='ltr'>Ambones,</span> <span class='ocrx_word' id='word_1_250' title='bbox 562 4279 816 4359; x_wconf 76' lang='lat' dir='ltr'>septentrionalis</span> <span class='ocrx_word' id='word_1_251' title='bbox 841 4279 874 4339; x_wconf 93' lang='lat' dir='ltr'>in</span> <span class='ocrx_word' id='word_1_252' title='bbox 898 4299 959 4359; x_wconf 90' lang='lat' dir='ltr'>quo</span> <span class='ocrx_word' id='word_1_253' title='bbox 985 4278 1203 4361; x_wconf 84' lang='lat' dir='ltr'>Evangelium,</span> <span class='ocrx_word' id='word_1_254' title='bbox 1228 4283 1259 4344; x_wconf 86' lang='lat' dir='ltr'>el</span> 
     </span>
    </p>
   </div>
   <div class='ocr_carea' id='block_1_6' title="bbox 170 4420 860 4566">
    <p class='ocr_par' dir='ltr' id='par_1_10' title="bbox 170 4420 860 4566">
     <span class='ocr_line' id='line_1_36' title="bbox 202 4420 860 4488; baseline -0.002 -16"><span class='ocrx_word' id='word_1_255' title='bbox 202 4429 214 4464; x_wconf 83' lang='lat'>¹</span> <span class='ocrx_word' id='word_1_256' title='bbox 233 4422 329 4487; x_wconf 82' lang='lat' dir='ltr'>Quoad</span> <span class='ocrx_word' id='word_1_257' title='bbox 352 4421 530 4488; x_wconf 77' lang='lat' dir='ltr'>poenitenter,</span> <span class='ocrx_word' id='word_1_258' title='bbox 553 4425 613 4483; x_wconf 80' lang='lat' dir='ltr'>ete,</span> <span class='ocrx_word' id='word_1_259' title='bbox 636 4436 689 4471; x_wconf 90' lang='lat' dir='ltr'>non</span> <span class='ocrx_word' id='word_1_260' title='bbox 741 4420 860 4485; x_wconf 77' lang='lat' dir='ltr'>vigebat.</span> 
     </span>
     <span class='ocr_line' id='line_1_37' title="bbox 170 4497 686 4566; baseline -0.008 -17"><span class='ocrx_word' id='word_1_261' title='bbox 170 4499 269 4562; x_wconf 83' lang='lat' dir='ltr'>ubique</span> <span class='ocrx_word' id='word_1_262' title='bbox 301 4500 394 4549; x_wconf 82' lang='lat' dir='ltr'>eadem</span> <span class='ocrx_word' id='word_1_263' title='bbox 428 4500 508 4565; x_wconf 77' lang='lat' dir='ltr'>plane</span> <span class='ocrx_word' id='word_1_264' title='bbox 541 4497 686 4566; x_wconf 79' lang='lat' dir='ltr'>lliseipliua</span> 
     </span>
    </p>
   </div>
   <div class='ocr_carea' id='block_1_7' title="bbox 0 0 1406 4890">
    <p class='ocr_par' dir='ltr' id='par_1_11' title="bbox 0 0 1406 4890">
     <span class='ocr_line' id='line_1_38' title="bbox 0 0 1406 4890; baseline 0 0"><span class='ocrx_word' id='word_1_265' title='bbox 0 0 1406 4890; x_wconf 95' lang='lat' dir='ltr'> </span> 
     </span>
    </p>
   </div>
  </div>
 </body>
</html>
