2804 4890
177 655 216 717 14
267 665 321 722 DE
344 666 572 738 nnourslsrs
595 670 649 724 AD
673 667 827 726 MrssaM
850 668 1161 730 CELEBRANDAM.

218 842 246 901 2.
271 838 480 919 Sepulchrum
496 841 713 923 Reliquiarum
728 844 924 907 construitur
939 844 987 907 vel

222 934 274 1013 (a)
302 934 342 996 In
362 938 451 1014 parte
471 937 628 1015 superiore
650 936 786 1012 Mensae,
807 938 853 1000 vel

221 1027 274 1108 (b)
302 1027 343 1090 In
358 1029 477 1108 stipitis
493 1036 581 1109 parte
597 1031 752 1092 anteriore
768 1031 814 1093 vel
831 1032 1010 1111 posteriore,
1026 1031 1074 1095 vel

222 1123 272 1201 (o)
300 1122 341 1183 In
355 1123 475 1203 stipitis
490 1129 579 1202 parte
594 1124 753 1203 superiore
769 1125 825 1185 sub
843 1125 961 1186 Mensa.

216 1219 244 1276 3.
267 1216 377 1280 Allore
395 1217 543 1298 portatile
567 1215 649 1294 (Ara
668 1216 825 1297 lapidea)⁰
845 1224 892 1281 est
910 1220 1042 1298 simplex
1061 1217 1142 1300 lapis
1159 1239 1264 1284 conse

174 1313 279 1370 cratus
305 1309 378 1372 talis
403 1310 634 1390 magnitudinis
661 1312 718 1372 “ut
744 1312 878 1373 hostiam
905 1319 936 1373 et
962 1313 1115 1391 majorem
1142 1319 1264 1394 partem

173 1402 278 1464 calicis
293 1402 427 1482 capiat,''
442 1404 538 1465 etiam
552 1403 715 1479 ciborium,
730 1405 756 1465 si
772 1404 967 1467 adhibendus
981 1407 1023 1468 sit
1038 1425 1094 1485 pro
1109 1405 1213 1468 Alteri
1230 1406 1265 1468 in

174 1515 234 1576 quo
248 1501 470 1558 consecrantur
485 1516 596 1577 parvae
612 1498 739 1559 hostiae.

216 1589 339 1651 Altaria
352 1588 525 1670 portatilia,
539 1610 616 1670 quae
630 1596 775 1654 constant
789 1612 826 1653 ex
841 1612 911 1655 vcro
925 1592 1029 1672 lapide
1042 1593 1122 1655 duro
1136 1597 1167 1656 et
1180 1612 1263 1656 corn·

174 1687 274 1762 pacto,
292 1683 351 1745 etsi
370 1702 433 1744 non
452 1703 635 1758 marmoreo,
654 1684 765 1747 idonea
784 1685 889 1747 haberi
910 1685 1040 1762 debent;
1060 1706 1138 1767 quae
1156 1691 1263 1750 autem

173 1775 315 1839 confecta
331 1782 405 1838 sunt
422 1797 459 1838 ex
476 1776 580 1856 lapide
597 1778 739 1857 puniceo,
756 1779 820 1840 sive
836 1798 874 1840 ex
890 1799 997 1859 gypso,
1014 1784 1070 1842 aut
1086 1781 1148 1842 alia
1164 1781 1263 1842 simili

172 1869 305 1931 materia
319 1869 431 1931 illicita
447 1890 573 1950 prorsus
589 1875 672 1932 sunt.
717 1871 825 1945 Quoad
842 1891 913 1933 vero
930 1871 1053 1934 Altaria
1069 1892 1202 1954 quorum
1216 1892 1263 1936 se·

173 1961 340 2042 pulchrum
358 1983 422 2025 non
440 1964 474 2023 in
492 1963 594 2026 medio
612 1963 737 2044 lapidis,
756 1965 809 2026 sed
828 1966 862 2026 in
880 1965 949 2044 ejus
967 1965 1073 2029 fronte
1091 1967 1156 2030 fuit
1172 1966 1263 2029 effos-

172 2075 252 2131 sum,
271 2076 306 2118 ea
323 2076 386 2117 non
404 2060 479 2118 sunt
497 2057 717 2119 admittenda.⁷

215 2148 397 2230 “Reliquiae
423 2149 635 2212 recondendae
661 2156 736 2212 sunt
763 2151 797 2213 in
823 2151 986 2231 sepulchro
1012 2154 1097 2215 intra
1123 2153 1261 2234 lapidem

172 2242 292 2318 effosso,
306 2247 338 2305 et
351 2241 541 2305 claudendae
554 2264 626 2305 cum
641 2263 736 2324 parvo
751 2246 896 2324 operculo
910 2265 948 2307 ex
963 2245 1067 2327 lapide
1080 2247 1176 2310 etiarn
1190 2266 1262 2309 con·

172 2335 310 2399 fecto.’'⁸

213 2429 309 2510 Lapis
323 2430 356 2490 in
370 2428 473 2493 media
488 2429 607 2505 Mensa,
619 2449 684 2492 non
697 2432 793 2492 nimis
807 2431 845 2492 ab
859 2432 1009 2493 anteriori
1025 2436 1113 2513 parte
1127 2438 1261 2508 amotus,

171 2529 317 2603 ponatur,
330 2525 374 2585 ita
387 2528 423 2585 ut
434 2524 504 2601 ejus
516 2523 633 2585 limites
646 2528 732 2585 tactu
745 2524 917 2603 digitorum
932 2525 1026 2588 facile
1039 2527 1178 2603 dignosci
1192 2546 1261 2606 pos·

171 2617 246 2692 sint,
260 2615 425 2697 paululum
438 2616 612 2697 depressior
626 2621 681 2678 aut
694 2617 883 2679 eminentior
896 2618 1060 2699 superficie
1075 2618 1210 2695 Mensae,
1223 2625 1261 2683 ut

171 2711 306 2773 evitetur
319 2710 493 2791 perieulum
509 2710 710 2774 consecrandi
723 2715 811 2772 extra
823 2710 967 2773 eundem.

212 2807 241 2864 4.
264 2804 373 2866 Altore
402 2804 638 2885 privilepiolum
673 2805 740 2882 (cui
769 2825 806 2866 ex
836 2804 967 2867 Indulto
996 2805 1177 2886 Apostolico
1205 2826 1259 2868 an·

170 2898 309 2961 nectitur
338 2897 537 2977 indulgentia
567 2899 708 2978 plenaria
736 2917 792 2977 pro
822 2898 986 2960 animabus
1014 2899 1253 2980 defunctorum)

171 2991 262 3054 debet
278 3011 343 3054 esse
362 2991 459 3053 fixum
478 3011 540 3054 non
560 2992 670 3053 stricto
690 3012 792 3065 sensu,
812 2991 863 3053 sed
884 2992 1028 3067 “sufficit,
1047 2997 1084 3055 nt
1105 2994 1136 3055 in
1157 2993 1259 3055 medio

171 3085 290 3148 Altaris
307 3084 428 3146 stabilis
444 3090 476 3147 et
491 3085 711 3159 inamovibilis‚
727 3085 800 3146 licet
816 3104 878 3146 non
895 3085 1076 3162 conscerati,
1092 3086 1172 3165 lapis
1188 3105 1260 3149 con·

170 3183 308 3242 sacratus
321 3180 417 3240 etiam
433 3177 608 3240 amoribilis
623 3177 815 3259 ponatur.’'⁹

212 3271 442 3352 “Privilegium
458 3272 577 3334 Altaris
594 3271 776 3335 conceditur
792 3291 855 3335 non
872 3272 982 3352 lapidi,
998 3273 1051 3353 qui
1069 3293 1151 3334 unus
1167 3274 1258 3335 alteri

170 3386 226 3446 pro
242 3367 424 3428 necessitate
439 3367 484 3428 vel
500 3367 736 3447 opportunitate
751 3365 848 3427 suffici
865 3365 1011 3446 poterit.''
1024 3368 1049 3400 ¹⁰

213 3460 420 3539 l'rivilegium
443 3481 505 3522 non
529 3459 673 3540 perditur
695 3461 721 3520 si
744 3460 853 3521 Altare
875 3458 1071 3521 destructum
1095 3462 1128 3522 in
1151 3461 1258 3523 eadem

170 3554 308 3616 Ecclesia
321 3554 377 3614 sub
390 3554 497 3616 eodem
511 3553 605 3616 titulo
619 3554 665 3615 vel
681 3553 875 3614 invocatione
890 3554 1006 3614 iterum
1020 3557 1256 3616 construatur¹¹

212 3653 239 3710 5.
264 3649 458 3728 Prosonolnr
485 3648 594 3709 Altare
622 3646 730 3717 fixum,
758 3665 821 3707 non
850 3665 921 3707 vero
948 3646 1106 3727 portatile,
1134 3648 1258 3728 qnando

169 3743 324 3823 polluitur
339 3741 485 3804 Ecclesia.
531 3742 705 3803 llaecrolur
719 3761 771 3801 seu
788 3741 1051 3802 consecrationem
1067 3742 1189 3803 amittit
1204 3740 1257 3802 al-

170 3917 201 3963 ut
219 3912 427 3963 fundamentum
445 3911 551 3962 Altaris
566 3911 612 3960 fixi
629 3925 687 3975 per·
775 3914 787 3949 θ
807 3909 1005 3960 “viaticum’'
1020 3910 1085 3974 quia
1099 3926 1130 3961 eo
1146 3912 1259 3960 utuntur

170 3989 260 4052 tingat
280 4004 363 4052 nsque
381 3990 417 4039 ad
435 3994 546 4050 terram,
565 3989 611 4039 sed
631 3988 687 4038 suf·
741 3986 867 4037 viatores.

168 4067 234 4129 ficit,
256 4071 286 4117 ut
308 4066 394 4132 stipes
415 4066 483 4116 flxns
505 4066 542 4116 sit
564 4065 591 4115 in
613 4066 688 4130 pavi·
778 4067 789 4101 ⁷
809 4063 852 4113 Cf.
867 4063 899 4114 D.
917 4064 957 4114 13.
970 4064 1035 4114 Jun.
1053 4065 1128 4127 1899,
1143 4080 1168 4114 u.
1182 4064 1258 4128 4032,

167 4148 258 4194 mento
281 4144 389 4208 lapideo
417 4144 472 4206 (vel
495 4158 527 4194 ex
549 4146 688 4194 caemento
743 4143 764 4190 l.
784 4141 808 4190 2.
829 4140 853 4191 3.

167 4224 217 4271 aut
241 4236 274 4271 ex
298 4220 432 4271 latertbua
456 4236 488 4271 ex
513 4226 588 4272 terra
611 4225 689 4271 cocta
775 4217 838 4268 8Ι).
857 4219 933 4268 3162,
951 4219 974 4269 2.

167 4297 329 4359 confectis),
345 4297 424 4348 trabe
439 4297 530 4348 ferrea
545 4298 688 4363 supposita
777 4294 835 4345 ⁹8.
855 4294 883 4345 C.
903 4294 964 4346 Iud.
983 4296 1024 4346 26.
1045 4295 1128 4346 Mart.
1149 4295 1224 4348 1867.

167 4374 202 4426 ad
228 4375 324 4424 molem
349 4374 448 4425 altaris
471 4377 686 4426 sustentandam.
777 4376 803 4411 ²⁰
822 4373 863 4423 20.
880 4373 964 4424 Mart.
981 4374 1056 4424 1846.

171 4450 245 4517 (cfr.
262 4452 322 4502 Am.
339 4452 410 4503 Eccl.
428 4452 491 4503 Rev.
508 4452 549 4502 36.
565 4468 591 4517 p.
607 4452 683 4515 512.)
776 4457 800 4489 ¹¹
822 4451 863 4501 27.
883 4451 948 4503 Juu.
970 4452 1046 4503 1836.
