2804 4890
165 675 228 740 3oe
388 688 442 743 DE
460 688 579 743 ruma
603 690 637 745 V.
663 688 706 744 IN
728 690 858 744 COENA
880 690 1039 744 DOMINI.

210 863 237 921 6.
262 859 422 924 Processio
444 860 480 922 fit
501 860 620 935 ordine,
640 865 675 922 ut
698 881 792 941 supra
818 862 865 940 (n.
889 866 958 935 183,
981 863 1031 939 2),
1052 863 1105 925 sed
1129 863 1258 927 Crucem

170 951 235 1015 fert
250 950 466 1015 subdiaconus
481 959 619 1033 paratus,
633 954 659 1014 si
674 953 766 1027 adsit,
782 954 903 1015 medius
918 955 1001 1016 iuter
1015 955 1093 1017 duos
1109 956 1260 1020 cerofera-

169 1045 250 1123 rios;
266 1065 358 1127 quem
375 1050 549 1125 sequuntur
564 1049 706 1109 cantores
729 1046 771 1124 (si
789 1046 1021 1126 superpelliceis
1039 1048 1104 1110 sint
1121 1048 1260 1124 induti),

169 1137 242 1202 dein
258 1137 373 1214 clerici,
389 1138 530 1218 juniores
547 1139 652 1219 primi,
669 1159 775 1203 omnes
792 1140 869 1215 bini,
886 1144 1046 1220 portantes
1063 1141 1208 1203 candelas
1224 1141 1258 1202 in

168 1251 264 1294 manu
285 1233 414 1305 extima,
438 1236 469 1295 et
491 1231 626 1294 biretum
650 1233 683 1293 in
706 1253 801 1294 manu
826 1234 942 1307 altera3
965 1234 1162 1296 thuriferarii
1188 1236 1261 1296 linc

170 1323 244 1388 inde
264 1327 338 1387 ante
360 1323 586 1396 Celebrantem,
608 1324 689 1386 facie
711 1324 750 1386 ad
774 1325 1014 1387 Sacramentum
1036 1326 1201 1388 semiversa
1225 1327 1258 1387 in

169 1418 315 1480 incessu⁸
343 1421 376 1481 et
403 1417 663 1480 “Sacramentum
692 1419 841 1479 continuo
871 1419 1066 1483 incessantes
1094 1439 1191 1499 usque
1220 1420 1259 1481 ad

169 1510 272 1574 locum
299 1509 551 1592 praeparatum.''
605 1510 771 1574 celebrans
799 1512 876 1572 “sub
903 1510 1110 1573 baldachino''
1137 1533 1208 1574 cum
1235 1534 1258 1574 s.

170 1603 328 1667 Ministris
342 1606 453 1667 recitat
467 1605 574 1684 Ponqe
589 1602 742 1685 linqueret
757 1604 891 1683 psalmos
906 1604 1020 1685 absque
1036 1605 1143 1669 Gloria
1157 1606 1257 1668 Petri.

173 1696 315 1777 (Interea
340 1696 440 1759 bireta
465 1697 658 1759 Celebrantis
683 1704 714 1759 et
740 1719 763 1759 s.
790 1697 1011 1759 blinistrorum
1037 1697 1075 1759 ad
1104 1698 1260 1760 Sacellum

169 1789 363 1870 portantur.)
412 1789 593 1853 “Processio
620 1809 682 1850 non
709 1789 807 1852 exibit
834 1809 870 1851 ex
898 1789 1047 1865 Ecclesia,
1075 1790 1127 1854 sed
1158 1791 1257 1870 ipsam

170 1881 350 1943 circumibit
374 1882 466 1960 juxta
490 1882 560 1960 ejus
585 1883 790 1961 capacitatem
815 1887 846 1943 et
872 1881 1042 1943 secundum
1070 1882 1256 1962 positionem

170 1974 294 2050 Secedi,
316 1976 350 2036 iu
371 1995 432 2055 quo
456 1974 513 2037 SS.
538 1975 776 2036 Sacramentum
798 1974 1027 2054 exponatur.''⁷

212 2070 239 2130 7.
263 2066 368 2142 Quum
382 2067 420 2130 ad
435 2067 538 2130 locum
554 2072 698 2147 paratum
715 2068 923 2147 pervenerint,
938 2068 1083 2130 Cruciler
1097 2072 1128 2130 et
1142 2068 1228 2130 ceros
1245 2105 1257 2114 ·

170 2161 245 2222 rarii
263 2159 432 2222 subsistent
449 2179 545 2238 prope
562 2159 684 2222 aditum
703 2180 808 2222 versus
825 2160 907 2223 latus
927 2160 1101 2240 Evangelii,
1120 2161 1199 2222 facie
1218 2159 1256 2222 ad

168 2253 395 2334 processionem
418 2273 523 2329 versa3
546 2252 658 2333 reliqui
681 2252 754 2314 hinc
778 2253 851 2315 inde
873 2259 1001 2316 manent
1024 2254 1057 2315 in
1079 2275 1180 2315 unum
1202 2258 1258 2316 aut

169 2346 274 2427 plures
290 2345 425 2419 ordines,
443 2347 487 2408 ita
503 2353 539 2410 ut
556 2345 713 2423 digniores
730 2347 795 2407 sint
811 2346 971 2424 propiores
988 2345 1103 2420 Altari,
1123 2348 1201 2409 facie
1218 2347 1256 2407 ad

168 2440 302 2502 invicem
318 2460 473 2502 conversa.
518 2439 730 2502 Thurilerarii
749 2439 920 2501 consistent
936 2440 1009 2500 binc
1028 2439 1100 2501 inde
1118 2461 1135 2501 a
1153 2439 1256 2501 lateri-

168 2534 224 2595 bus
252 2532 381 2594 Altaris.
437 2533 485 2594 Ad
513 2531 681 2594 adventum
712 2531 769 2593 SS.
801 2532 995 2594 Sacramenti
1025 2552 1132 2595 omnes
1161 2552 1257 2611 genu·

168 2625 308 2689 flectunt.

210 2723 238 2782 8.
263 2719 429 2781 Celebrans
448 2717 587 2798 procedit
607 2722 679 2780 ante
700 2716 808 2780 Altare
829 2718 874 2779 rel
895 2723 967 2780 ante
986 2738 1166 2798 supremum
1187 2738 1256 2797 gra-

167 2811 254 2886 dum,
271 2817 302 2873 et
319 2810 498 2873 “Diaconus
514 2810 697 2890 genuflexus
714 2831 731 2871 a
750 2810 915 2871 Sacerdote
932 2815 1034 2872 stante
1052 2811 1165 2890 accipit
1184 2810 1256 2871 cali-

167 2925 233 2965 cem
247 2924 317 2967 cum
334 2904 535 2966 Sacramento
546 2902 573 2976 ;”
588 2909 663 2963 tunc
679 2902 844 2964 Celebrans
857 2902 1041 2981 genuflectit
1055 2908 1085 2964 et
1101 2902 1256 2982 profunde

168 2997 312 3076 inclinat,
328 2995 543 3059 Subdiaconus
559 3016 629 3056 uero
646 2995 747 3056 velum
764 2995 802 3057 de
818 2996 956 3056 lmmeris
972 2996 1040 3074 ejus
1058 2996 1150 3058 tollit.
1182 2993 1255 3055 Dia·

167 3111 262 3152 conus
277 3090 388 3170 “ponit
403 3089 529 3151 calicem
546 3088 648 3167 primo
664 3107 757 3167 super
773 3085 903 3148 Altare''
919 3087 1122 3166 incorporali
1142 3087 1204 3166 (vel
1223 3087 1254 3149 in

167 3183 304 3263 capsula,
332 3202 424 3264 quam
453 3181 555 3243 adbuc
583 3180 735 3260 relinquit
762 3180 960 3258 aperlam⁸),
988 3184 1020 3241 et
1049 3179 1132 3241 facta
1160 3199 1255 3259 genu-

166 3275 299 3338 flexione
321 3275 489 3338 descendit.

206 3370 296 3431 Tunc
313 3371 460 3431 cantatur
480 3369 617 3429 Tauium
638 3389 720 3447 erpo,
735 3370 794 3428 etc.
833 3366 909 3428 Post
931 3368 1123 3428 Veneremur
1141 3366 1257 3433 cernui,

167 3459 213 3523 vel
240 3458 279 3520 ad
306 3458 448 3520 Geriilori
474 3458 546 3518 llius
572 3456 756 3534 imponitur,
782 3460 812 3517 et
839 3456 1017 3515 iucensulur
1043 3475 1128 3515 more
1154 3454 1254 3514 solito.

166 3553 257 3614 'l'unc
280 3552 436 3612 Diaconus
459 3549 585 3610 calicem
608 3550 752 3628 “reponit
777 3549 807 3609 in
832 3547 977 3627 capsula''
1000 3551 1031 3610 et
1055 3548 1137 3609 sacta
1159 3567 1254 3624 geuu-

167 3645 299 3709 flcxione
327 3644 473 3708 ostiolum
504 3641 625 3702 clandit
651 3647 682 3702 ct
710 3641 856 3711 eliserat,9
885 3647 915 3701 et
944 3639 1127 3700 clericulum
1157 3638 1253 3700 tradit

167 3738 426 3801 Caeremoniario.

205 3836 234 3895 9.
258 3832 420 3911 l'omplelo
435 3836 528 3892 cantu
545 3830 585 3891 V.
603 3829 754 3894 Genitori.
769 3837 826 3890 clc.
843 3828 946 3888 clerici
964 3826 1108 3889 candelas
1123 3847 1194 3887 suas
1207 3847 1256 3885 ex-

166 3919 329 4000 tinguunt,
359 3925 388 3983 et
422 3921 502 3981 lacta
532 3917 747 3996 gcunfleuione
779 3924 909 3994 utroque
939 3937 1021 3991 genu
1039 3916 1181 3984 ¹redeunt
1214 3915 1252 3975 ad

165 4012 274 4076 Altare
296 4015 399 4091 majus
420 4014 457 4075 ad
481 4014 633 4092 Vesperas
655 4011 838 4072 recitandas.

208 4106 373 4168 Celebrans
390 4112 419 4168 ct
437 4129 460 4168 s.
480 4105 631 4172 bliuislri,
648 4103 904 4184 praecedentibus
921 4103 1075 4164 crucifero
1092 4107 1122 4164 et
1139 4102 1253 4164 cerole·

166 4199 267 4273 ramis,
290 4200 422 4263 redeunt
445 4198 483 4261 ad
508 4198 692 4267 sacristiam,
716 4202 796 4257 tecto
820 4197 920 4274 capite
943 4199 1032 4258 extra
1054 4199 1252 4274 conspectum

166 4291 374 4356 sanctissimi.

199 4447 212 4481 ⁸
231 4442 263 4493 D.
281 4445 356 4492 2368.
773 4448 784 4479 ⁸
804 4442 879 4491 Cucr.
900 4442 950 4505 Ep.
971 4441 1009 4490 Π.
1030 4443 1071 4503 23,
1094 4443 1132 4490 13.

201 4525 212 4559 7
232 4519 404 4582 Martinucci,
424 4518 463 4568 11.
483 4519 524 4569 25.
773 4524 785 4555 ⁹
804 4518 835 4567 l).
857 4520 933 4567 2148.
954 4521 977 4567 6,
1015 4518 1091 4568 Caer.
1114 4519 1162 4582 up.
1184 4518 1220 4569 ib.
