2804 4890
169 683 232 748 496
293 691 348 747 nn
371 691 513 746 runca.
536 692 644 746 rasa.
670 691 950 747 sacaauuurrs
972 688 1167 746 annum.

614 932 728 1001 ΛΒΤ.
753 931 826 1002 ΙΙΙ.

583 1100 634 1150 nn
658 1101 848 1164 uanuns.

577 1260 615 1315 A.
643 1260 865 1316 Praenotanda.

215 1421 285 1484 306.
309 1421 466 1502 Exequiae
480 1421 626 1485 omnibus
638 1420 747 1483 (liebus
763 1422 830 1483 fieri
847 1424 996 1502 possuut3
1010 1425 1044 1482 at
1059 1417 1165 1482 triduo
1180 1437 1271 1479 sacro

174 1514 304 1593 rnajoris
322 1513 544 1576 Hebdomadae
561 1534 658 1594 usque
676 1513 715 1575 ad
733 1514 906 1575 Sabbatum
923 1515 1067 1573 sanetum
1085 1515 1156 1593 post
1175 1510 1270 1571 meri-

173 1606 257 1667 diem
283 1607 418 1668 officium
444 1611 475 1670 et
500 1625 605 1687 preces
630 1607 789 1686 privatim,
815 1608 883 1669 sine
907 1610 1013 1682 cantu,
1039 1611 1070 1668 et
1096 1626 1167 1666 voce
1195 1623 1270 1683 sup·

173 1716 278 1777 pressa
298 1697 474 1761 recitandae
492 1701 583 1774 sunt;
603 1699 677 1760 item
698 1703 836 1777 tempore
855 1697 1061 1777 expositionis
1081 1697 1138 1761 SS.
1159 1697 1270 1760 Sacra-

173 1791 273 1852 menti
290 1790 328 1853 ob
344 1789 503 1870 publicam
519 1810 654 1866 eausam,
673 1812 698 1853 e.
716 1812 746 1871 g.
764 1795 804 1852 40
823 1792 972 1853 horarum
989 1791 1024 1852 in
1042 1791 1110 1871 ipsa
1127 1788 1269 1852 Ecclesia

173 1883 320 1962 exequiae
339 1883 421 1943 liunt
440 1883 507 1945 sine
525 1890 619 1945 cantu
639 1888 671 1946 et
691 1883 798 1959 Missa,
818 1888 850 1947 et
868 1884 1088 1946 convenienter
1107 1883 1140 1944 in
1160 1881 1270 1962 aliqua

174 1975 293 2054 capella
312 1974 445 2050 laterali,
466 1976 493 2037 si
515 1976 582 2038 fieri
604 1975 725 2056 possit.²

216 2069 244 2128 2.
267 2065 385 2129 Diebus
404 2067 493 2130 festis
512 2067 750 2131 solemnioribus
770 2070 890 2149 primae
907 2069 1014 2131 classis
1032 2070 1144 2131 funera
1164 2072 1269 2130 trans-

174 2160 319 2223 ferantur
343 2158 383 2221 ad
408 2163 588 2240 sequentem
612 2160 706 2237 diem,
732 2166 788 2223 aut
813 2162 922 2223 saltem
948 2162 987 2223 ad
1015 2162 1106 2223 horas
1133 2161 1269 2241 pomeri-

174 2252 285 2314 dianas
307 2257 379 2332 post
402 2252 465 2314 diei
490 2252 576 2315 Festi
602 2252 764 2332 Vesperas,
788 2259 820 2316 et
844 2252 939 2315 saeris
963 2253 1180 2316 functionibus
1203 2274 1269 2317 non

175 2344 351 2425 impeditas,
384 2344 569 2406 abstinendo
601 2349 708 2406 tamen
739 2346 776 2407 ab
808 2344 975 2408 emortuali
1008 2346 1089 2409 aeris
1121 2347 1268 2425 campani

173 2439 303 2500 sonitu.²

217 2530 352 2592 Proinde
377 2535 499 2611 praeter
525 2530 666 2593 triduum
692 2533 829 2592 saerum³
854 2553 889 2593 aa
914 2535 1038 2612 tempus
1063 2532 1270 2612 expositionis

174 2644 236 2687 non
254 2623 327 2686 lieet
343 2642 509 2703 campanas
527 2623 672 2686 ecelesiae
690 2623 814 2704 pulsare
830 2645 887 2704 pro
905 2626 1127 2687 ‹leiunetorum
1147 2625 1269 2686 funeri-

174 2715 230 2777 bus
265 2717 301 2795 (a
332 2717 444 2795 primis
476 2716 623 2796 Vesperis
656 2715 850 2795 incipiendo)
890 2718 920 2777 in
954 2718 1044 2778 festis
1077 2716 1269 2778 Natiuitatis

174 2808 314 2879 Domini,
352 2808 559 2888 Epiphaniae,
599 2807 770 2879 Pasebatis,
809 2808 1018 2877 Assensionis
1058 2809 1270 2883 pentecostes,

175 2901 321 2981 Corporis
345 2901 474 2976 Christi,
500 2900 723 2963 lmmaenlatae
748 2902 979 2981 Coneeptionis,
1002 2902 1271 2963 Annuntiationis

173 2998 205 3055 et
224 2992 459 3073 Assumptionis
481 2993 517 3054 B.
540 2994 581 3053 M.
605 2994 655 3065 V,
679 2993 864 3054 Natiuitatis
887 2995 918 3055 S.
940 2995 1074 3056 ioannis
1094 2995 1270 3074 Baptistae,

176 3086 207 3148 S.
228 3086 345 3165 Joseph
367 3085 481 3164 Sponsi
500 3085 535 3146 B.
557 3085 600 3146 M.
622 3087 671 3151 V..
694 3086 739 3146 Ss.
761 3084 982 3164 Apostolorum
1004 3087 1090 3148 Petri
1110 3091 1141 3149 et
1163 3085 1270 3161 Pauli,

175 3177 326 3239 Omnium
343 3176 540 3241 Sanctorum.
554 3182 585 3239 et
602 3176 733 3238 Patroni
751 3177 906 3239 Dioeeesis
922 3185 977 3241 aut
993 3179 1063 3247 loci,
1079 3179 1271 3260 ubicumque

174 3271 248 3332 haec
271 3271 350 3332 festa
372 3269 409 3332 de
431 3274 595 3349 praecepto
616 3269 830 3345 celebrantur3
851 3275 882 3332 et
904 3271 929 3331 si
952 3292 1014 3332 non
1036 3272 1100 3333 sint
1122 3272 1159 3333 de
1180 3291 1270 3351 prae-

174 3365 272 3444 repto,
312 3362 384 3424 illae
420 3361 613 3434 Dominieae
652 3361 690 3422 ad
731 3381 807 3440 quas
846 3362 1059 3442 praefatorum
1100 3363 1269 3428 Fastorum

174 3455 354 3519 solemnitas
382 3453 596 3516 transfertur.⁴

216 3547 255 3609 ln
289 3548 378 3610 festis
410 3546 578 3608 Titularis⁵
608 3566 644 3608 ae
676 3544 891 3609 Dedicationis
922 3546 1067 3629 propriae
1099 3548 1270 3622 Ecclesiae,

205 3671 261 3722 ¹D.
282 3672 358 3722 3357,
741 3669 865 3734 Joannis,
880 3671 907 3722 S.
924 3672 1035 3737 ioseph,
1051 3688 1082 3724 aa
1096 3673 1124 3724 S.
1140 3674 1267 3737 Patroni,

208 3747 262 3797 ²1).
279 3749 312 3796 27
327 3747 391 3797 Jan
410 3748 484 3803 1883,
499 3763 526 3796 n.
542 3747 618 3797 3570.
636 3747 659 3796 1.
745 3746 867 3810 quamvis
880 3748 991 3798 srilrlata
1004 3749 1042 3798 sit
1056 3749 1178 3812 feriatio,
1195 3754 1273 3804 nulla

208 3823 313 3873 ³Feria
343 3822 366 3869 V
402 3823 427 3871 in
463 3822 552 3872 Coena
584 3821 693 3871 Domini
747 3820 776 3870 ut
796 3822 912 3872 mutatio
931 3823 1019 3886 quoad
1038 3825 1224 3875 caeremonias
1243 3831 1272 3879 et

171 3905 232 3963 post
257 3898 349 3948 Gloria
373 3913 464 3949 onrnes
488 3913 636 3961 campanae
659 3913 693 3945 si·
742 3897 948 3949 solenmitatem.
963 3900 1132 3962 Ergoetiam
1147 3902 1273 3956 illisdie·

172 3975 227 4026 lent
260 3989 344 4039 usque
376 3976 409 4025 ad
445 3974 537 4024 Gloria
571 3973 693 4025 Sabbato
745 3973 796 4022 bus
822 3974 950 4039 exequiae
978 3973 1046 4025 flant
1073 3976 1189 4041 expletis
1219 3977 1272 4031 Ve-

172 4054 274 4108 saneto,
309 4064 360 4114 quo
396 4051 439 4102 ‹lie
473 4051 530 4111 jam
566 4051 693 4100 dicuntur
746 4049 833 4113 speria
859 4050 912 4101 diei
939 4066 970 4101 aa
996 4051 1098 4115 absque
1123 4056 1271 4107 emortuali

173 4128 277 4191 primae
292 4127 428 4189 vesperae
443 4126 595 4176 Paeonius.
744 4142 891 4190 earnpanae
913 4129 1012 4179 sonitu.
1051 4129 1095 4179 Cf.
1117 4131 1187 4196 Eph.
1210 4133 1269 4185 Lit.

208 4201 276 4252 ⁴Ct.
298 4201 328 4251 b.
349 4205 372 4250 a.
392 4202 455 4251 Jan.
478 4202 552 4257 1904,
572 4217 596 4250 n.
617 4202 692 4250 4130.
744 4202 852 4252 XVlll.
874 4219 899 4267 p.
920 4204 978 4254 308.

175 4278 241 4326 —Si
278 4285 368 4328 autem
405 4276 536 4325 festorum
573 4289 695 4338 suppres·
779 4277 849 4326 ⁵Vel
882 4279 908 4327 in
938 4279 1089 4341 Datamisa,
1119 4282 1153 4332 aa
1184 4298 1267 4346 qnam

176 4368 265 4402 sorum
290 4352 447 4402 solemnitas
470 4366 522 4400 non
547 4351 695 4401 transfera·
743 4356 815 4418 aprrrl
847 4369 896 4403 nos
927 4354 1085 4407 solemnitas
1116 4358 1268 4410 transferri

175 4442 228 4483 tur,
257 4429 296 4477 nti
327 4431 398 4492 apml
428 4445 476 4478 nos
504 4431 590 4492 quoail
623 4430 694 4479 festa
743 4434 839 4493 potest.

171 4503 351 4570 Epiphaniae,
393 4504 625 4561 annuntiationis,
663 4507 691 4556 S.
