2804 4890
307 672 360 729 AB
382 671 574 730 INTROITU
598 672 729 743 USQUE
751 674 805 729 AD
826 671 1123 732 OFFERTORIUM.
1198 663 1259 729 235

166 843 251 906 tione
269 848 302 906 et
319 844 458 924 perfecto
477 865 580 906 amore
598 843 636 906 fit
655 845 818 906 animabus
837 844 939 906 Deum
959 845 1165 926 diligentibus
1184 847 1256 909 fons

167 938 266 999 sancti
293 940 325 999 et
351 936 521 999 ineffabilis
546 937 673 1016 gaudii;
700 938 745 999 ita
772 937 830 1001 Dei
858 938 985 1001 infinita
1011 939 1133 1001 bonitas
1160 941 1256 1004 ctiam

168 1030 307 1111 ipsarum
327 1031 446 1093 bonum
465 1035 520 1094 cst.
565 1030 682 1093 Scribit
705 1031 736 1094 S.
760 1032 997 1094 Bonavcntura:
1019 1033 1113 1095 “Non
1135 1034 1256 1110 dubito,

167 1124 230 1188 imo
246 1129 350 1187 certus
367 1145 447 1201 sum,
465 1125 547 1205 quod
564 1125 636 1206 plus
652 1125 792 1205 gaudent
809 1126 924 1206 Angeli
942 1132 973 1189 et
991 1127 1114 1191 animae
1132 1133 1256 1190 sanctae

166 1216 205 1281 dc
224 1219 460 1299 magnificentia
479 1219 607 1281 honoris
627 1219 686 1295 tui,
707 1239 801 1299 quam
822 1220 861 1282 de
882 1220 1117 1301 magnificentia
1138 1222 1256 1303 gloriae

166 1311 283 1376 suae.''³
325 1313 480 1387 Quoniam
501 1313 601 1393 igitur
621 1311 680 1376 Dei
700 1314 801 1394 gloria
821 1315 947 1377 interna
966 1335 1019 1377 scu
1041 1315 1168 1378 infinita
1187 1317 1256 1396 ejus

165 1404 287 1468 bonitas
311 1405 349 1468 fit
371 1406 461 1469 nobis
485 1426 643 1468 summum
668 1406 796 1481 bonum,
821 1406 890 1470 ideo
914 1408 1052 1487 “gratias
1077 1409 1200 1489 agimus
1224 1408 1254 1472 ei

165 1505 293 1581 propter
322 1522 469 1581 maguam
499 1502 633 1582 gloriam
663 1501 783 1565 suam.''
836 1502 957 1565 Deinde
987 1505 1105 1584 gratias
1132 1505 1256 1584 agimus

166 1598 293 1676 propter
316 1595 449 1676 gloriam
475 1595 534 1658 Dei
558 1602 721 1660 externam
744 1617 798 1659 scu
823 1597 1057 1661 manifestatam
1083 1618 1140 1679 per
1163 1617 1256 1678 opera

166 1689 297 1767 eiusad
320 1693 416 1751 extra.
462 1689 568 1752 “Deus
591 1689 698 1754 omnic
721 1694 866 1771 operatua
890 1694 935 1753 cst
958 1695 1087 1772 proptor
1108 1712 1150 1763 sc,
1174 1692 1205 1754 h.
1229 1713 1255 1754 e.

166 1787 311 1863 operatus
332 1787 380 1846 est
400 1785 507 1847 omnia
528 1784 567 1847 ad
592 1786 658 1859 hoc,
680 1788 718 1846 ut
741 1805 828 1846 suam
852 1785 1035 1860 bonitatem,
1058 1786 1256 1866 sapientiam,

163 1877 346 1956 potentiam,
366 1877 643 1956 magnificentiam,
660 1878 804 1959 gloriam,
823 1882 892 1954 etc,
910 1880 1062 1940 creaturis
1080 1879 1257 1942 ostenderet

166 1973 196 2031 ct
224 1970 479 2044 communicarct,
508 1970 591 2050 quod
619 1976 667 2032 cst
693 1971 809 2032 bonum
838 1975 1063 2046 creaturarum,
1091 1992 1155 2034 non
1186 1971 1255 2034 Dei.

166 2061 250 2125 Deus
269 2064 364 2139 enim,
384 2084 421 2126 ex
439 2065 496 2126 hac
516 2066 564 2124 sui
584 2065 866 2128 communicatione
887 2065 967 2126 nihil
988 2065 1164 2145 acquisivit,
1184 2086 1256 2128 cum

165 2156 247 2220 nihil
268 2158 298 2221 ei
319 2158 393 2219 addi
416 2157 559 2238 possit.''⁶
603 2158 740 2222 Proinde
763 2160 889 2234 creatio,
913 2158 1096 2238 redemptio,
1119 2159 1256 2222 sanctifi·

165 2251 246 2314 catio
262 2256 294 2314 et
310 2251 497 2332 glorificatio
514 2253 589 2315 s'unt
606 2253 640 2313 in
656 2253 789 2332 gloriam
806 2257 838 2316 et
855 2254 1004 2314 honorem
1023 2252 1082 2316 Dei
1100 2253 1256 2333 simulque

165 2345 200 2406 in
216 2349 360 2409 nostrum
378 2366 536 2407 summum
554 2347 679 2408 bonurn.
719 2347 857 2409 “Omnia
873 2346 958 2408 enim
975 2351 1076 2409 vestra
1093 2351 1184 2409 sunt:
1204 2367 1256 2408 vos

166 2445 270 2502 autern
290 2439 426 2501 Christi:
447 2440 593 2501 Christus
611 2444 716 2502 autem
736 2439 840 2502 Dci.''⁷
881 2439 963 2514 “Qui
983 2443 1132 2520 operatur
1150 2441 1256 2502 omnia

166 2530 338 2594 secundum
367 2531 533 2594 consilium
563 2532 734 2593 voluntatis
762 2551 845 2608 suae,
872 2536 911 2594 ut
939 2533 1037 2593 simus
1065 2532 1099 2593 in
1128 2529 1252 2593 laudern

165 2626 283 2708 gloriae
302 2626 416 2708 ejus.''⁸
459 2628 576 2689 Scribit
596 2628 753 2688 Lessiusz⁹
795 2627 900 2688 “Dum
921 2627 1006 2689 Deus
1026 2630 1146 2707 spectat
1166 2646 1255 2689 suam

166 2741 320 2783 summam
337 2721 481 2802 gloriam,
500 2744 535 2783 co
554 2721 620 2800 ipso
638 2723 810 2783 necessario
828 2726 947 2801 spectat
965 2726 996 2784 et
1014 2719 1152 2783 intendit
1171 2741 1254 2782 sum-

165 2833 252 2875 mum
267 2813 384 2877 bonnm
397 2816 552 2889 nostrum,
566 2819 596 2875 et
611 2833 770 2874 summum
785 2814 900 2873 bonum
916 2816 1059 2876 nostrum
1073 2832 1136 2874 non
1151 2814 1254 2894 potest

165 2930 229 2972 esse
246 2909 309 2971 nisi
328 2928 452 2970 summa
469 2911 538 2987 ejus
556 2908 665 2987 gloria.
707 2908 801 2971 Unde
819 2928 883 2971 non
903 2908 1008 2971 minus
1026 2910 1144 2989 gratias
1164 2927 1255 2989 agere

166 3003 322 3078 debemus,
348 3002 430 3082 quod
457 3009 585 3082 quaerat
611 3003 743 3081 gloriam
771 3023 869 3078 suam,
897 3023 989 3082 quam
1017 3002 1099 3083 quod
1126 3006 1255 3082 quaerat

166 3097 297 3159 salutem
319 3102 469 3172 nostram,
492 3098 564 3175 quia
585 3097 685 3175 gloria
707 3097 776 3173 ejus
797 3101 843 3159 est
863 3101 970 3158 nostra
992 3096 1084 3159 salus.
1128 3096 1198 3158 Hoc
1221 3096 1254 3156 in

165 3191 281 3270 hymno
307 3191 448 3270 angelico
475 3190 612 3253 Ecclesia
640 3191 757 3265 innuit,
783 3211 854 3251 cum
880 3192 941 3252 ait:
969 3191 1106 3253 ‘Gratias
1132 3192 1254 3270 agimus

166 3284 223 3345 tibi
248 3289 377 3365 proptor
401 3304 547 3363 magnam
573 3285 704 3361 gloriam
731 3284 847 3360 tuam3'
872 3284 1021 3347 beneficia
1045 3286 1128 3347 enim
1155 3285 1254 3365 ipsius

166 3378 200 3439 in
218 3398 274 3440 noa
294 3382 369 3440 sunt
387 3378 488 3458 gloria
506 3377 606 3455 ojus'’
648 3377 787 3439 Dicendo
807 3381 936 3458 propter
956 3399 1099 3457 braquam
1121 3377 1250 3455 ploriam

168 3474 262 3543 loona,
291 3493 354 3534 uon
382 3493 453 3534 vero
480 3479 607 3552 propter
636 3471 783 3548 beneficio
810 3471 898 3532 notia
927 3473 1038 3531 collato
1065 3472 1254 3550 exprimitur

166 3566 294 3628 affectus
314 3566 444 3646 perlecti
464 3567 579 3628 amoris
599 3565 829 3626 benevolentiae
848 3567 935 3644 quasi
956 3586 986 3627 se
1007 3565 1108 3643 ipsum
1130 3563 1254 3624 oblivis·

166 3662 272 3722 centis.

207 3753 384 3827 “Quoniam
398 3759 433 3815 tu
447 3755 531 3814 solua
545 3754 689 3815 Sanctus.
734 3751 784 3811 Tu
797 3753 881 3814 solas
896 3750 1060 3813 Dominus.
1105 3750 1154 3810 Tu
1168 3751 1253 3812 solus

164 3847 379 3910 Altiasimas.”
425 3847 472 3911 Dc
496 3868 556 3926 quo
582 3847 613 3908 S.
639 3848 792 3908 Thomas:
827 3846 922 3908 “Non
945 3843 1080 3906 dicimus
1104 3844 1254 3920 absoluta,

165 3942 247 4023 quod
263 3941 347 4004 solus
365 3942 466 4003 Filius
484 3942 524 4002 sit
542 3940 735 4015 Altissimus,
752 3940 805 4003 scd
823 3940 904 4020 quod
922 3941 964 4001 sit
981 3939 1164 4017 Altissimus
1183 3959 1254 4001 cum

164 4041 271 4099 sancto
291 4036 413 4116 Spiritu
435 4037 467 4096 in
487 4036 586 4115 gloria
605 4035 663 4096 Dci
684 4033 819 4096 Patris.”
861 4032 987 4097 Dicitur
1003 4034 1088 4095 solas
1110 4034 1254 4109 Sanctus,

163 4127 185 4191 i.
210 4149 236 4192 e.
263 4129 471 4192 essentialiter
497 4149 514 4189 a
539 4148 581 4201 sc,
607 4126 745 4188 absolute
771 4131 802 4189 et
829 4127 953 4188 infinite
979 4130 1114 4187 sanctus
1159 4126 1253 4190 Solos

165 4224 330 4299 Dominus,
351 4225 424 4304 “qui
445 4222 528 4285 solus
547 4220 732 4295 universale,
752 4222 964 4302 primordiale,
986 4220 1199 4302 independens
1219 4239 1254 4284 ae

197 4366 337 4416 ⁸Stimul.
360 4381 443 4416 arnor.
772 4363 872 4428 ⁸Eph
893 4365 915 4426 l,
936 4364 975 4414 12.

197 4447 209 4481 ⁸
228 4442 307 4493 Corn.
328 4457 345 4492 a
364 4443 431 4507 Lap.
770 4438 841 4490 ⁹Dc
860 4439 931 4505 parf.
952 4440 1007 4493 dir.

196 4524 209 4559 ¹
230 4522 244 4571 1
261 4519 321 4570 Cor.
339 4519 364 4580 3,
381 4520 422 4569 22.
