2804 4890
361 691 415 746 DE
438 691 704 747 SACRAMENTO
727 690 1036 748 POEEITENTIAE.
1183 682 1245 742 449

196 860 223 916 5.
247 856 401 920 “Parochi
419 877 531 937 pueros
548 857 587 918 ad
605 857 740 938 primam
758 856 984 919 confessionem
1002 853 1244 936 diligentissime

154 948 384 1029 praeparent.”⁰
426 949 509 1011 “Eos
531 950 584 1030 qui
607 950 646 1011 ad
669 949 868 1029 septennium
889 950 1089 1030 pervenerint
1110 948 1151 1010 ad
1172 965 1244 1008 con-

153 1041 320 1101 fessionem
338 1041 480 1106 accedere
500 1041 653 1103 curent.'’²
694 1042 764 1104 “Ne
783 1046 889 1103 eutem
908 1043 984 1105 haec
1002 1042 1106 1123 prima
1125 1039 1244 1102 confes·

153 1133 198 1193 sio
222 1135 306 1195 ultra
329 1154 448 1196 nonum
471 1154 590 1196 armum
612 1133 787 1210 differatur,
811 1134 919 1197 stricte
943 1133 1152 1215 prohibemus.
1197 1130 1244 1192 Ae

153 1226 308 1306 deinceps
330 1226 480 1307 quamdiu
502 1227 622 1289 scholas
642 1229 854 1307 frequentant,
876 1227 1011 1308 siugulis
1033 1224 1245 1290 trimestribus

153 1319 192 1379 ad
217 1320 443 1382 contessionem
469 1319 645 1382 faciendam
671 1319 846 1384 adducendi
873 1319 991 1382 sunl.''⁸
1039 1319 1152 1381 Pastor
1178 1317 1243 1379 ani·

154 1432 277 1472 marum
297 1413 327 1473 ui
346 1412 486 1474 muneris
504 1414 553 1475 sui
573 1416 698 1474 tenetur
718 1413 872 1476 instruere
891 1418 923 1475 et
942 1432 1128 1493 praeparare
1148 1410 1244 1474 etiam

153 1504 263 1565 surdos
280 1511 383 1567 mutos
401 1505 565 1586 parochiae
584 1505 630 1566 vel
650 1503 810 1566 Missionis
829 1525 912 1582 suae,
932 1505 977 1566 vel
995 1505 1100 1585 potius
1119 1523 1244 1566 monere

154 1598 293 1677 ipsorum
314 1605 458 1678 parentes
478 1603 532 1659 aut
553 1601 682 1674 tutores,
703 1602 739 1660 ut
759 1597 834 1659 istos
854 1597 888 1659 in
906 1598 1010 1660 schola
1028 1597 1076 1660 vel
1096 1596 1245 1658 instituto

154 1690 329 1752 Catholico⁹
348 1690 547 1752 instruendos
566 1695 685 1754 curent.

197 1786 224 1846 6.
247 1783 352 1864 Agens
372 1784 410 1845 de
431 1784 533 1864 prima
555 1783 747 1846 confessione
768 1783 970 1865 parvulorum
992 1782 1170 1847 Concilium
1191 1801 1244 1845 no

155 1878 283 1938 strum¹⁰
301 1877 439 1956 graviter
457 1880 573 1952 monet,
592 1877 679 1938 “tam
697 1876 836 1959 parandis
854 1878 948 1940 etiam
969 1878 1072 1958 prima
1090 1876 1155 1939 vioe
1174 1894 1244 1937 con-

154 1969 283 2031 fessuris
299 1989 392 2049 quam
409 1968 527 2030 adultis
543 1967 646 2044 licere,
663 1970 831 2050 quemlibet
848 1969 886 2030 ab
907 1970 1060 2049 Episcopo
1078 1968 1245 2050 probatum

154 2062 378 2122 confessarium
392 2058 509 2122 adire.''
545 2060 650 2123 Facile
661 2062 746 2122 enim
761 2060 956 2136 verecundia,
970 2060 1075 2138 timor,
1089 2062 1185 2123 immo
1199 2061 1245 2122 fa-

155 2153 321 2213 miliaritas
343 2155 388 2214 rel
414 2151 556 2232 specialis
578 2152 791 2216 benevolentia
815 2154 848 2214 in
871 2154 1097 2215 confessarium
1118 2152 1246 2215 evadere

155 2248 256 2324 posset
276 2245 393 2305 occasio
413 2243 578 2323 sacrilegae
599 2243 811 2306 confessionis.
852 2244 953 2318 Quare
975 2245 1114 2307 Ecclesia
1133 2246 1168 2307 in
1188 2244 1245 2305 hae

155 2358 187 2396 rc
202 2337 321 2413 largam
337 2336 543 2399 conscientiae
560 2335 735 2399 libertatem
753 2336 897 2397 fidelibus
914 2344 979 2399 tam
996 2336 1135 2417 parvulis
1152 2355 1247 2417 quam

154 2429 272 2490 adultis
293 2428 440 2488 vindicat.
482 2426 570 2500 “Quo
592 2429 691 2507 magis
711 2427 919 2490 confossiones
941 2429 1108 2509 sacrilegae
1129 2429 1245 2492 eviten-

155 2527 217 2595 tur,
248 2519 391 2580 fidelibus
424 2520 519 2582 libera
550 2519 689 2599 eligendi
719 2520 946 2582 confessarium
980 2522 1114 2584 facultas
1147 2520 1245 2584 tribu-

155 2620 235 2675 atur.
274 2613 391 2673 Nullus
409 2614 506 2691 igitur
521 2613 729 2675 confessarius
745 2613 847 2674 ullum
863 2612 987 2676 fidelem
1002 2612 1120 2693 adigat,
1136 2616 1246 2693 urgeat

156 2707 199 2768 ici
222 2705 497 2786 ‹promocloconque
517 2707 648 2780 moveat,
664 2709 702 2767 nt
720 2705 778 2767 sibi
798 2705 995 2782 confiteatur,
1013 2727 1112 2786 neque
1131 2706 1157 2767 si
1177 2704 1246 2784 quis

156 2800 214 2879 ipsi
234 2799 372 2879 polliccri
392 2797 543 2871 relictae
562 2797 621 2877 ipsi
640 2796 696 2859 soli
715 2797 931 2860 confessurum
949 2819 1023 2873 esse,
1042 2799 1137 2862 telem
1155 2797 1245 2879 polli-

154 2893 335 2954 citationem
360 2893 507 2970 acccptct.
555 2889 688 2952 Parochi
713 2890 870 2968 imprimis
893 2889 1027 2952 subditis
1051 2890 1196 2971 aegrotis,
1218 2887 1245 2952 si

155 2984 356 3046 verecundiae
385 2983 593 3061 suspicionem
623 2984 777 3056 moveant,
807 2985 936 3062 paterne
964 2982 1062 3044 alium
1091 2982 1245 3045 confessa-

155 3078 239 3138 rium
258 3074 476 3138 arcessendum
496 3075 638 3137 offerant.
682 3123 688 3137 .
731 3123 738 3135 .
781 3123 788 3136 .
831 3073 892 3136 Per
912 3095 1042 3150 annum,
1062 3074 1245 3155 praesertim

154 3174 292 3248 tempore
310 3166 446 3248 paschali
464 3167 657 3247 presbyteros
674 3171 816 3228 externos
833 3166 871 3228 ab
887 3166 1043 3247 Episcopo
1061 3167 1246 3247 approbatos

155 3261 213 3320 sibi
233 3260 416 3322 adsciscant.

197 3351 436 3426 “Parochianos‚
451 3351 478 3412 si
493 3351 525 3413 id
539 3371 617 3431 opus
632 3351 799 3427 videbitur,
813 3353 972 3426 edoceant,
988 3353 1044 3414 sub
1058 3352 1185 3434 proprio
1198 3372 1246 3416 aa»

156 3444 286 3511 ccrdoic.
308 3442 345 3504 de
364 3463 425 3522 quo
447 3443 478 3504 S.
501 3442 679 3505 Concilium
700 3443 909 3507 lateranense
930 3444 988 3506 IV.
1010 3443 1161 3524 loquitur,
1183 3466 1246 3508 ooo

155 3533 455 3615 subintelligendum
468 3554 534 3597 esse
550 3533 713 3616 proprium
728 3536 908 3615 por-ochum,
925 3535 977 3598 sed
994 3534 1133 3617 quemvis
1148 3555 1246 3599 sacer-

154 3629 258 3691 dotem
278 3649 295 3690 o
316 3627 496 3690 Diocrcseos
517 3626 685 3689 Ordinario
705 3626 970 3707 approbatum.''¹²

196 3721 301 3782 Etiam
328 3717 482 3781 Monieles
506 3717 624 3799 pluries
647 3739 702 3799 per
726 3738 844 3780 annum
869 3719 909 3782 ad
935 3721 1170 3784 Confessarium
1195 3741 1246 3784 ex·

156 3815 402 3876 traordioarium
426 3811 512 3873 adiro
539 3811 588 3873 lcx
615 3811 770 3873 Ecclesiae
796 3811 923 3891 jubere
949 3813 986 3877 dc
1012 3832 1072 3892 qua
1098 3812 1165 3893 lege
1191 3833 1247 3876 nee

156 3906 372 3969 confessarius
390 3925 446 3967 nec
467 3903 679 3984 Superiorissa
697 3903 877 3984 dispensare
896 3908 1007 3987 potest.

197 4002 312 4062 Omnes
328 3999 427 4062 totius
445 3997 536 4060 Orbis
552 3996 735 4060 confessarii
752 4017 770 4059 a
785 3996 922 4059 locorum
942 3995 1120 4060 ordinariis
1136 4018 1247 4081 appro-

189 4151 238 4199 Μ’.
254 4151 333 4199 Prov.
349 4147 439 4198 Colou.
456 4164 482 4212 p.
500 4146 557 4198 132.
758 4151 784 4186 ²²
798 4144 862 4210 Syn.
879 4147 913 4198 D.
930 4146 997 4198 Pad.
1012 4148 1046 4199 el.
1063 4146 1154 4213 Episc.
1171 4147 1249 4198 Conr.

186 4225 235 4275 ⁷0.
253 4225 328 4275 Plen.
347 4223 420 4275 Bait.
439 4221 479 4274 11.
498 4237 542 4273 no.
560 4223 620 4273 442.
725 4222 838 4275 Martio.
875 4223 933 4275 Ctr.
960 4223 1078 4290 epistola
1107 4224 1247 4277 Praefecti

189 4301 238 4351 ⁸C.
258 4301 304 4351 Pr.
323 4300 378 4350 Col.
399 4299 465 4351 ibid.
730 4298 756 4349 S.
785 4297 1011 4361 congregationis
1037 4300 1070 4351 de
1096 4298 1128 4351 P.
1155 4299 1187 4350 F.
1214 4301 1249 4351 ad

189 4377 334 4428 ⁹Catbolic
365 4375 529 4438 Deos-Muta
559 4374 673 4426 laetita-
730 4374 828 4426 Patres
852 4374 880 4425 C.
907 4375 986 4424 Prov.
1013 4375 1166 4427 Cineinnat.
1192 4374 1249 4426 111.

153 4455 218 4509 tior.
728 4450 780 4502 Ed.
798 4465 869 4502 nova
887 4465 950 4516 pag.
971 4450 1028 4502 131.

189 4536 214 4577 1⁰
225 4529 253 4582 C.
269 4529 344 4582 Pleu.
360 4528 433 4581 Bait.
448 4527 489 4579 11.
503 4543 545 4578 no.
562 4527 620 4577 292.
764 4534 789 4568 ¹²
800 4526 828 4581 S.
844 4525 872 4579 C.
891 4527 923 4583 de
940 4527 1027 4591 Relig.
1046 4526 1070 4577 3.
1088 4527 1158 4581 Feb„
1175 4529 1260 4579 ibus„
