2804 4890
436 728 489 783 DE
512 728 632 784 Missa
656 729 950 785 CONVENTUALI.
1195 717 1236 781 67

151 893 207 956 dici
219 898 323 975 potest
338 894 433 954 Missa
447 913 503 973 pro
516 893 685 956 ‹letunctis
731 893 790 954 Sed
806 894 839 955 in
855 894 905 954 die
920 892 1234 957 commemorationis

150 989 286 1051 omnium
302 986 442 1049 fidelium
457 987 679 1049 defunctorum
695 986 792 1048 Missa
804 987 1018 1048 conventualis
1032 986 1150 1048 dicitur
1164 992 1234 1066 post

152 1082 280 1143 Nonam.
327 1081 365 1141 In
383 1081 435 1142 die
451 1086 556 1142 aulem
574 1080 780 1159 depositionis
798 1079 951 1155 defuncti,
970 1080 1014 1142 vel
1035 1081 1085 1153 3⁰,
1105 1079 1154 1155 7⁰,
1173 1080 1230 1140 30⁰

150 1182 199 1237 aut
215 1175 430 1238 anniversario
448 1174 589 1248 solemni,
609 1177 641 1236 in
661 1195 721 1255 quo
741 1175 776 1236 fit
793 1194 961 1236 concursus
979 1172 1099 1254 populi,
1118 1173 1235 1253 poterit

150 1272 293 1335 similiter
309 1274 372 1337 dici
389 1273 503 1336 ultimo
519 1276 586 1337 loco
602 1279 673 1357 post
691 1273 869 1338 Nonam.''⁸

191 1370 240 1445 (a)
270 1367 504 1448 “Excipiuntur
527 1369 565 1429 ab
587 1370 645 1430 hoc
668 1369 777 1431 ordino
801 1369 925 1430 dicendi
950 1369 1078 1430 Missam
1104 1386 1233 1429 conven-

151 1463 263 1526 tualem
286 1463 400 1526 Missae
421 1465 454 1525 in
478 1464 653 1525 Nativitatc
675 1463 815 1537 Domini,
837 1482 969 1543 quarum
992 1462 1094 1542 prima
1116 1460 1234 1521 dicitur

151 1563 213 1635 post
230 1557 367 1619 mediam
386 1561 519 1630 noctem,
537 1557 627 1619 finito
647 1558 689 1620 Ta
708 1557 810 1618 Deum
828 1557 992 1617 laudamus
1011 1555 1044 1615 in
1064 1554 1234 1627 Matutino,

153 1650 281 1712 secunda
297 1651 331 1712 in
347 1671 470 1722 aurora,
487 1651 581 1713 dictis
596 1651 757 1714 Laudibus
774 1658 805 1716 et
823 1653 949 1729 Prima;
966 1657 1060 1717 tertia
1076 1677 1148 1718 vero
1164 1660 1233 1736 post

154 1742 298 1817 Tertiam,
311 1745 359 1807 vel
372 1744 424 1805 ubi
439 1744 530 1806 aliter
542 1765 578 1807 ex
591 1745 822 1825 dispensatione
835 1747 1005 1827 apostolica
1018 1748 1234 1828 disponatur.’'

195 1837 240 1917 (f)
268 1837 405 1899 “Missae
421 1838 551 1912 votivae,
567 1840 593 1900 si
609 1838 791 1902 solemniter
806 1839 1001 1903 celebrentur
1015 1862 1072 1922 pro
1089 1863 1121 1904 re
1136 1843 1234 1922 gravi.

160 1930 198 1992 rel
215 1931 339 2012 publica
360 1931 516 1994 Ecclesiae
536 1950 729 2008 causacum
749 1932 858 2014 populi
879 1934 1067 2014 frequentia,
1088 1934 1235 1999 dicantur

161 2028 219 2100 post
234 2024 390 2087 Nonam.'’

586 2122 598 2156 ⁸
617 2117 793 2171 Rubellius.
