2804 4890
151 647 212 710 564
250 657 335 712 ΑΡΡ.
359 656 402 712 11.
441 655 496 710 DE
518 654 713 712 VESTIBUS
736 654 875 710 SACRIS
898 654 1160 713 SACERDOTIS.

150 827 182 886 et
200 821 382 902 reformatio
401 822 439 885 ab
458 821 534 904 ipsis
551 826 660 902 coepta
677 819 936 903 approbationem
954 821 1121 886 obtineret.
1153 820 1256 883 Prius

151 915 278 996 quidem
298 915 330 978 S.
351 916 448 996 Cong.
468 914 594 997 placitis
614 933 752 978 annuere
769 914 882 979 noluit.
924 913 1029 977 Immo
1048 914 1255 995 propositum

151 1007 216 1071 init
235 1028 254 1070 a
273 1007 548 1071 caeremoniarum
568 1006 822 1087 Apostolicorum
843 1006 1014 1088 Magistro:
1037 1006 1073 1064 1⁰
1096 1027 1163 1069 non
1186 1024 1255 1070 esse

151 1100 346 1165 tolerandam
373 1100 523 1163 Planetae
550 1101 686 1161 formam
715 1099 891 1176 Gothicam,
919 1100 973 1162 sed
1000 1098 1108 1181 potius
1137 1098 1255 1162 tollen-

151 1194 242 1270 dam;
261 1191 296 1254 2⁰
319 1193 485 1255 Planetam
504 1213 589 1257 more
610 1193 761 1268 Romano,
779 1193 813 1254 in
831 1193 989 1273 praesenti
1010 1191 1170 1256 Ecclesiae
1192 1193 1256 1256 La·

152 1286 237 1349 tinae
262 1286 440 1367 disciplina,
466 1285 641 1349 habendam
666 1285 795 1349 omnino
819 1305 884 1348 esse
908 1290 1069 1365 tamqnam
1095 1283 1256 1364 regulam,

152 1379 203 1441 eui
221 1399 328 1441 omnes
343 1379 422 1441 alias
440 1377 594 1441 Ecclesiae
612 1398 690 1459 opus
708 1379 750 1441 sit
768 1377 969 1455 conformari,
986 1382 1018 1439 et
1034 1379 1068 1439 in
1086 1382 1256 1459 posterum

153 1471 301 1535 Planetas
319 1470 441 1535 noviter
459 1470 667 1534 conficiendas
683 1470 723 1533 ad
742 1469 916 1553 predictam
934 1489 1115 1533 mensuram
1134 1477 1166 1534 et
1188 1471 1256 1532 ior-

152 1583 236 1626 mam
259 1583 324 1626 esse
345 1564 474 1628 omnino
496 1563 712 1625 conficiendas.
754 1562 846 1626 Acris
867 1563 1019 1626 discussio
1040 1563 1156 1625 harum
1180 1583 1256 1644 pro·

153 1656 346 1735 positionum
362 1657 445 1719 inter
460 1654 613 1718 Officiales
628 1655 888 1736 congregationis
903 1659 1008 1719 secuta
1023 1661 1079 1718 est.
1095 1655 1256 1718 Attamen

152 1750 318 1828 postquam
340 1767 389 1809 res
412 1747 488 1809 satis
508 1748 687 1810 examinata
710 1752 742 1812 et
766 1748 897 1812 Summo
921 1747 1070 1810 Pontifici
1094 1747 1257 1810 submissa

154 1839 228 1915 fuit,
246 1839 375 1903 tandem
394 1840 602 1920 congregatio
622 1840 779 1921 judicium
798 1860 890 1902 suum
911 1839 1074 1922 publicum
1093 1840 1172 1903 iecit
1195 1841 1258 1903 hoc

152 1932 262 1994 modo:
280 1932 457 2006 “Quoniam
475 1933 506 1994 S.
525 1933 656 1994 Rituum
675 1933 772 2013 Cong.
790 1933 964 1996 arbitratur
980 1933 1117 2012 alicujus
1133 1933 1257 2015 ponde

154 2024 197 2086 ris
219 2044 308 2105 posse
328 2045 392 2087 esse
415 2024 561 2100 rationes,
583 2046 660 2105 quae
683 2030 878 2105 praesentem
901 2026 1157 2087 immutationem
1183 2045 1257 2106 per-

154 2121 329 2193 suaserunt,
350 2116 459 2181 audito
481 2117 679 2179 Sanctissimi
701 2117 831 2179 Domini
853 2117 964 2181 Nostri
986 2117 1039 2179 Pii
1060 2117 1166 2198 Papae
1191 2119 1256 2181 IX.

153 2209 288 2285 oraculo,
320 2208 422 2272 verbis
452 2209 678 2271 amantissimis
708 2209 843 2273 invitare
874 2210 996 2273 censuit
1029 2209 1255 2273 Eminentiam

154 2302 311 2376 Vestram,
333 2309 369 2364 nt
392 2303 529 2364 rationes
550 2302 633 2381 ipsas
654 2321 807 2382 exponere
828 2301 913 2378 velit,
935 2322 1014 2383 quae
1036 2301 1100 2365 illis
1123 2322 1256 2366 causam

153 2394 339 2457 dederunt.’'

197 2491 224 2549 7.
247 2487 460 2550 Auctoritates
475 2488 631 2550 Rorrranae
648 2486 763 2549 idcirco
777 2487 924 2551 Planetas
939 2487 1086 2551 Gothicas
1099 2507 1162 2549 non
1182 2509 1255 2569 pro-

154 2579 334 2653 hibuerunt,
354 2580 406 2640 sed
429 2580 590 2653 insistunt,
609 2586 645 2641 nt
665 2579 906 2641 Ordinariorum
927 2581 1092 2643 consilium
1113 2585 1144 2643 et
1164 2581 1255 2660 judi-

154 2672 239 2733 cium
257 2673 289 2733 in
310 2672 365 2733 tali
383 2672 507 2750 negotio
525 2693 542 2733 a
561 2672 818 2734 reformatoribus
838 2678 1092 2753 paramentorum
1113 2677 1253 2754 petatur.

197 2768 224 2825 8.
249 2764 275 2824 E
294 2785 354 2844 qua
373 2765 504 2825 materia
523 2764 633 2825 confici
654 2764 743 2826 debet
763 2765 916 2826 Plancta?
957 2764 1062 2828 Hodie
1079 2765 1169 2828 nulla
1190 2765 1254 2828 alia

154 2857 286 2920 materia
309 2857 514 2936 permittitur,
535 2877 569 2917 ao
593 2856 736 2930 sericum,
760 2862 796 2919 nt
817 2879 833 2919 a
856 2858 951 2918 variis
974 2857 1115 2921 Decretis
1140 2858 1172 2920 S.
1201 2860 1254 2921 Ri-

154 2954 245 3012 tuum
274 2949 370 3027 Cong.
398 2952 528 3010 constat.
580 2947 741 3027 Imprimis
768 2949 975 3028 probibentur
1001 2950 1151 3013 Planetae
1180 2971 1254 3014 con-

156 3042 255 3104 fectae
276 3063 292 3103 e
314 3040 386 3102 lana
408 3045 440 3103 et
460 3041 613 3120 gossypio.
659 3042 750 3104 Ratio
771 3046 827 3115 cst,
850 3042 997 3120 quoniam
1020 3044 1077 3104 hac
1099 3045 1255 3106 materiae

155 3136 228 3195 sunt
258 3134 353 3193 nimis
383 3132 468 3205 viles,
497 3133 609 3211 quibus
638 3133 753 3211 plebeji
783 3138 919 3195 utuntur
948 3135 980 3195 in
1010 3133 1195 3213 vulgaribus
1223 3143 1255 3201 et

156 3225 347 3306 quotidianis
384 3227 527 3300 negotiis.
588 3224 857 3302 Angustissimum
898 3226 1095 3288 Sacrificium
1136 3227 1255 3290 Missae

157 3322 283 3400 propter
304 3339 391 3379 snam
414 3317 601 3396 (lignitatem
624 3318 719 3378 etium
742 3324 905 3379 externum
929 3319 1084 3398 quendam
1106 3320 1255 3399 splendo-

156 3433 222 3475 rem
242 3412 384 3490 requirit,
405 3409 666 3490 quemadmodum
690 3409 888 3488 Maiestatem
908 3410 1048 3473 divinam
1071 3411 1169 3475 decet.

198 3507 225 3566 9.
250 3503 367 3577 Quanti
394 3504 543 3564 momenti
574 3502 670 3580 (long.
699 3502 838 3565 Romana
864 3503 944 3565 lianc
972 3504 1255 3585 praescriptionem

156 3596 194 3658 de
221 3597 352 3658 materia
379 3596 634 3658 vestimentorum
662 3593 783 3671 babeat,
812 3594 915 3673 colligi
944 3599 1045 3677 potest
1072 3617 1089 3659 e
1117 3598 1257 3676 monito,

156 3689 237 3770 quod
253 3709 335 3750 anno
354 3691 430 3749 1881
447 3687 590 3749 omnibns
608 3687 770 3774 Episcopis
787 3694 817 3751 et
835 3687 1013 3749 Ordinariis
1029 3691 1255 3754 transmissum

157 3781 220 3845 fuit
235 3787 265 3843 et
282 3781 363 3860 qnod
381 3782 425 3842 ila
442 3786 547 3842 sonat:
566 3779 655 3840 “Etsi
676 3780 707 3840 S.
726 3780 822 3858 Fong.
841 3800 931 3860 saepe
948 3781 1095 3843 illicitum
1114 3782 1256 3848 ‹lecimu-

156 3875 235 3937 verit
259 3894 349 3934 nsum
375 3873 570 3947 ceorlorum,
593 3873 787 3951 aliorumque
811 3872 965 3935 similium
991 3875 1255 3940 Paramentornm

156 3987 193 4030 er
211 3966 272 4029 tola
291 3964 438 4044 gossypii.
457 3971 512 4027 aut
529 3965 599 4032 lini,
620 3970 673 4027 aut
694 3966 790 4026 ctiam
811 3965 900 4029 lanae
919 3966 1152 4037 confectorum:
1172 3974 1256 4034 atta-

156 4080 226 4121 men
258 4080 273 4119 a
304 4057 465 4119 nonnullis
495 4056 734 4119 fabricatoribus
762 4058 873 4118 barum
904 4059 1038 4121 telarum
1068 4068 1256 4141 paramenta

157 4151 310 4229 ejusmodi
331 4151 374 4212 ita
392 4149 633 4219 venumdentur,
652 4150 738 4229 qnasi
756 4150 793 4211 ab
813 4151 879 4229 ipsa
899 4150 1149 4239 Congregatione
1167 4175 1257 4219 nunc

157 4244 263 4307 eadem
288 4243 438 4324 permissa
464 4240 590 4302 inerint.
637 4241 683 4303 Ad
710 4241 921 4304 omnimodam
947 4245 1045 4322 igitur
1070 4244 1258 4319 tollendam.

159 4338 190 4398 in
211 4357 242 4398 re
261 4340 325 4398 tarn
346 4334 443 4410 gravi,
463 4333 574 4394 falsam
593 4333 783 4412 opinionem.
803 4340 973 4399 monentur
994 4337 1065 4399 Rev.
1088 4338 1255 4405 Ordinarii

158 4427 364 4503 Dioecesinm,
382 4426 513 4489 Decreta
532 4425 596 4501 jam
615 4431 759 4494 emanata
778 4427 877 4514 quoad
898 4429 1070 4509 haberem,
1088 4429 1257 4504 abeadem
