2804 4890
305 681 391 736 APP.
415 679 441 736 1.
486 678 800 736 DEMONSTBATIO
824 677 1082 735 DEFECTUUM.
1183 668 1244 732 543

151 847 329 924 dexteram3
349 852 472 930 partem
492 849 653 912 dexteram
673 849 807 911 amictus
825 854 858 911 et
877 846 974 911 stolae
994 866 1058 909 non
1078 843 1244 927 super-im-

152 959 266 1021 ponere
284 940 448 1016 sinistrae;
467 941 603 1019 adjicere
621 943 724 1003 Antan
741 942 780 1003 ad
801 959 1052 1021 unamquamque
1070 938 1245 1003 orationem

152 1039 304 1097 statutam
324 1053 381 1115 pro
399 1035 601 1114 paramentis,
620 1053 718 1115 quum
735 1034 776 1096 ad
793 1032 941 1095 ultimam
960 1037 1087 1096 tantum
1106 1031 1139 1094 id
1157 1046 1245 1112 prae-

152 1126 316 1189 scribatur.

193 1223 241 1281 11.
264 1220 446 1283 Linteolum
478 1219 651 1283 coloratum
685 1225 717 1284 et
750 1218 913 1283 sordidum
945 1219 1072 1300 cingulo
1105 1215 1247 1298 alligare,

154 1312 247 1394 idque
264 1313 340 1375 adeo
357 1312 553 1393 negligenter
570 1319 606 1376 ut
623 1318 712 1377 extra
729 1312 888 1395 planetam
907 1316 1064 1394 appareat.

198 1409 246 1468 12.
269 1405 472 1487 Manipulum
491 1406 530 1468 ad
551 1406 693 1469 cubitum
712 1424 885 1487 apponere3
904 1403 1016 1468 stolam
1036 1404 1172 1484 dejicere
1192 1421 1247 1484 per

154 1500 309 1574 humeros,
331 1519 393 1561 non
413 1519 481 1562 eam
503 1505 609 1579 aptare
630 1499 713 1562 circa
733 1497 859 1576 collum,
879 1503 917 1562 ut
937 1516 1024 1574 crux,
1045 1501 1192 1579 quaeest
1213 1493 1247 1555 in

154 1591 267 1666 medio,
285 1591 415 1672 prodeat
433 1612 450 1654 e
469 1592 603 1672 planeta.

199 1687 246 1747 13.
269 1684 384 1746 Albam
405 1689 461 1747 aut
482 1686 640 1765 planetam
663 1683 807 1749 osculari.

199 1779 246 1839 14.
271 1778 398 1839 Nescire
421 1778 577 1839 orationes
597 1781 739 1855 secretas,
762 1797 839 1858 quae
861 1778 896 1840 in
919 1776 1018 1841 Missa
1037 1780 1113 1840 sunt
1132 1794 1248 1838 memo

156 1870 232 1933 riter
249 1868 434 1933 recitandae.

200 1965 248 2025 15.
271 1962 390 2042 Vagari
415 1964 448 2024 in
472 1965 606 2025 sacrario
629 1982 728 2044 quum
750 1962 941 2044 paramentis
964 1961 1096 2025 indutus
1119 1961 1161 2026 sit
1183 1964 1249 2024 tam

156 2058 240 2129 ante,
257 2074 351 2135 quam
369 2057 440 2135 post
458 2055 598 2119 Missam.

201 2150 248 2209 16.
273 2146 488 2209 Reverentiam
509 2148 625 2209 efficere
645 2148 684 2209 ad
704 2168 827 2210 crucem
846 2149 892 2210 vol
912 2148 951 2210 ad
972 2148 1142 2227 imaginem
1162 2166 1249 2227 prae-

157 2239 283 2320 cipuam
316 2238 455 2301 Sacrarii
484 2238 622 2302 biretum
651 2258 749 2301 manu
776 2237 945 2320 gestando;
977 2239 1113 2302 biretum
1146 2240 1249 2319 ipsum

157 2331 254 2413 capiti
279 2331 440 2394 detrahere
467 2351 564 2412 quum
590 2330 863 2412 genuflectendum
890 2332 933 2395 sit
957 2336 1029 2394 ante
1056 2331 1113 2393 SS.
1143 2331 1250 2392 Sacra-

158 2429 300 2487 mentum
333 2424 365 2485 in
397 2423 597 2486 tabernaculo
630 2423 835 2499 reconditum,
869 2424 914 2486 vel
948 2443 1045 2505 quum
1078 2422 1251 2486 reverentia

160 2515 303 2581 facienda
323 2515 366 2581 sit
386 2514 426 2578 ad
447 2515 557 2579 Altare
578 2517 750 2577 maximum
773 2517 962 2579 transeundo
983 2520 1056 2579 ante
1076 2517 1189 2596 ipsum.

202 2613 249 2671 li.
275 2610 410 2672 Calicem
438 2608 520 2672 ferre
545 2610 682 2670 nimium
708 2609 840 2672 sublime
865 2610 963 2672 fenne
988 2609 1029 2672 ad
1055 2609 1118 2671 oris
1144 2606 1252 2670 altitu·

159 2703 276 2778 dinem,
293 2706 350 2766 aut
365 2701 502 2764 nimium
520 2701 691 2764 demissum
708 2706 740 2765 et
758 2722 821 2764 non
840 2702 879 2764 ad
898 2704 1016 2784 pectus,
1034 2703 1081 2765 rel
1100 2721 1168 2764 eam
1187 2719 1252 2763 aus·

161 2795 259 2857 tinere
281 2794 408 2857 sinistra
432 2797 568 2871 tantum,
591 2815 654 2858 non
678 2793 920 2875 superimposita
942 2794 1078 2858 dextera.
1124 2794 1175 2857 Ire
1197 2796 1253 2857 aut

162 2888 261 2951 redire
282 2887 320 2950 ab
342 2887 447 2948 Altari
468 2888 564 2950 citato
585 2887 686 2967 gradu
707 2886 806 2950 oculis
828 2887 1023 2950 sublimibus.

204 2984 251 3043 18.
275 2981 351 3044 Post
368 2979 617 3060 genuflexionem
636 2980 674 3042 ad
694 2979 812 3055 altare,
832 2981 863 3041 in
883 3000 943 3061 quo
961 2978 1046 3044 adsit
1065 2978 1124 3043 SS.
1145 2979 1253 3044 Sacra-

160 3078 312 3146 mentum,
333 3072 538 3136 reverentiam
561 3093 681 3158 quoque
703 3072 742 3135 ad
766 3072 897 3136 Crucem
920 3073 1065 3153 adjicere.

206 3169 252 3227 19.
278 3165 414 3227 Sinistra
446 3185 542 3227 manu
575 3165 733 3245 applicare
765 3165 890 3228 bursam
923 3167 962 3228 ad
994 3165 1252 3230 candelabrorum

160 3258 312 3337 gradum3
336 3258 443 3337 jubere
467 3262 522 3320 aut
544 3259 726 3338 permittere
750 3259 896 3323 ministro
921 3264 958 3322 ut
982 3259 1109 3322 Missale
1134 3259 1254 3341 aperiat

161 3355 190 3412 et
212 3349 371 3410 ‹recludatt
392 3348 550 3428 corporale
570 3369 663 3428 super
683 3369 788 3411 mensa
807 3371 870 3414 non
890 3355 994 3413 totum
1015 3351 1180 3432 explicare,
1201 3351 1252 3414 sed

161 3461 257 3504 unam
281 3440 327 3504 vel
350 3441 455 3521 plures
478 3447 582 3521 partes
604 3441 735 3520 plicatas
758 3442 942 3522 relinquere.

205 3538 252 3597 20.
274 3533 392 3597 Morari
416 3533 448 3594 in
472 3531 575 3596 medio
599 3532 703 3594 Alteri
729 3533 879 3596 intuendo
902 3535 1033 3598 Crucem
1058 3542 1113 3600 aut
1137 3538 1255 3600 orando

163 3630 345 3709 priusquam
367 3626 405 3688 de
426 3623 576 3706 gradibus
597 3625 631 3685 in
651 3624 782 3706 planum
802 3625 969 3690 descendat
989 3628 1029 3690 ad
1052 3629 1183 3693 Missam
1204 3651 1255 3694 er·

161 3720 355 3784 ordiendam.

205 3817 253 3876 21.
277 3807 416 3893 Tergum
442 3811 481 3874 ad
508 3830 632 3875 omeem
656 3813 785 3887 vertere,
810 3833 846 3877 eo
871 3813 952 3893 quod
980 3815 1087 3895 pigeat
1112 3816 1255 3897 paullum

163 3906 303 3970 recedere
320 3926 425 3967 versus
441 3925 537 3967 cornu
556 3902 731 3984 Evangelii,
749 3905 782 3966 in
801 3905 1015 3971 descendendo
1031 3911 1101 3971 tum
1118 3909 1152 3971 in
1169 3909 1256 3990 prin·

163 4000 245 4080 cipio
266 3999 380 4061 Missae
398 4001 467 4061 tum
489 3997 521 4059 in
542 3996 613 4060 fine.

206 4095 254 4154 22.
279 4091 350 4153 Non
375 4111 495 4153 seruare
517 4089 655 4152 debitam
679 4091 876 4168 gravitatem,
901 4098 1020 4173 tergere
1044 4093 1158 4170 oculos,
1180 4093 1256 4157 seal-

164 4207 236 4267 pere
254 4206 353 4259 aines,
372 4204 494 4255 nasum,
514 4181 643 4263 capillos
662 4186 770 4262 aptare
788 4187 881 4264 atque
899 4185 948 4247 his
968 4185 1093 4249 similia.

206 4281 254 4340 23.
278 4277 408 4339 Missam
431 4277 567 4355 incipere
588 4280 753 4357 antequam
776 4278 839 4339 sint
859 4296 1003 4341 accensae
1024 4278 1180 4349 candelae.
1201 4283 1257 4344 aut

164 4373 264 4527 silnore
288 4374 324 4433 ut
345 4370 574 4451 extinguantur
596 4373 764 4449 antequam
787 4368 959 4453 perlectum
982 4372 1024 4437 sit
1048 4373 1256 4455 Evangelium

163 4486 184 4528 u
198 4464 323 4531 timum.
