2804 4890
175 662 196 731 8
580 675 864 735 mraobucrro.

221 853 249 911 2.
272 849 395 915 Deinde
410 850 552 914 Concilia
567 850 715 914 Plenaria
729 856 760 915 at
777 851 987 914 provincialia
1001 851 1164 915 Americae
1181 852 1265 933 Sept.

178 949 244 1007 tam
266 944 454 1007 Foederatae
475 964 568 1024 quam
590 945 706 1006 Canad.
729 965 870 1025 expresse
891 951 923 1007 ct
942 950 1123 1008 constanter
1144 967 1266 1008 ornnem

178 1038 437 1102 consuetudinem
456 1039 544 1100 Ritui
564 1039 703 1101 Romano
720 1041 921 1114 contrariam,
938 1041 1140 1119 quantumvis
1157 1040 1268 1102 tolera-

178 1136 243 1194 tam
261 1132 295 1194 in
311 1132 382 1194 aliis
400 1132 502 1207 terris,
520 1133 612 1212 plane
630 1133 798 1211 rejiciunt;
815 1154 840 1195 e.
858 1153 887 1213 g.
907 1133 941 1195 C.
961 1133 1009 1194 Pl.
1029 1134 1111 1196 Balt.
1131 1134 1157 1196 Ι.
1176 1133 1266 1196 Decr.

179 1229 214 1286 3:
240 1226 413 1289 “Vetantes
437 1226 580 1288 districte
604 1246 643 1288 ne
667 1225 908 1289 consuetudines
933 1227 1051 1289 ritusve
1076 1247 1094 1288 a
1119 1227 1269 1291 Romanis

178 1319 274 1382 alieni
294 1319 517 1382 inducantur.''
562 1319 596 1381 Ο.
619 1319 666 1380 Pl.
689 1320 771 1383 Balt.
794 1320 839 1384 Il.
862 1320 952 1382 Decr.
975 1323 1045 1396 213,
1066 1325 1097 1384 et
1119 1321 1154 1385 C.
1177 1322 1268 1384 Prov.

179 1412 309 1488 Quebcc.
327 1413 352 1474 1.
370 1412 459 1475 Decr.
477 1417 511 1473 6:
528 1412 700 1476 “Districte
717 1418 866 1489 vetamus,
881 1435 920 1476 ne
937 1414 1118 1476 Sacerdotes
1133 1435 1150 1477 a
1167 1416 1269 1477 lorrna

178 1507 238 1568 sibi
253 1508 286 1568 in
302 1507 420 1569 Bituali
439 1507 640 1587 praescripta,
656 1507 891 1569 consuetudinis
907 1509 1036 1570 obtentu
1053 1510 1100 1571 vel
1117 1508 1179 1571 alio
1194 1529 1268 1589 quo-

178 1620 310 1680 cumque
323 1606 487 1680 praetextu
501 1600 719 1663 discedant.'’²¹
766 1600 801 1663 Ο.
816 1601 907 1662 Prov.
923 1601 1052 1675 Quebcc.
1068 1603 1113 1663 II.
1129 1602 1218 1664 Decr.
1232 1606 1268 1663 6:

176 1693 353 1756 “Volumus
365 1699 396 1758 et
408 1695 594 1756 mandamus
608 1699 643 1757 ut
657 1696 689 1755 in
698 1693 971 1758 Sacramentorum
984 1694 1269 1771 administratione,

177 1789 212 1851 in
223 1788 331 1850 Missis
341 1794 373 1852 et
384 1788 501 1850 divinis
512 1788 620 1853 officiis
632 1789 834 1863 celebrandis,
847 1789 977 1869 aliisque
994 1790 1211 1852 functionibus
1222 1808 1269 1851 ec·

178 1881 359 1945 clesiasticia
375 1882 537 1955 obeundis,
554 1884 670 1962 recepti
687 1887 718 1944 et
735 1883 898 1962 approbati
917 1882 1072 1946 Ecclesiae
1090 1884 1269 1947 Catholicae

176 1975 269 2037 Ritus
280 1975 431 2057 peculiari
443 1975 549 2038 studio
562 1997 596 2037 ac
609 1976 648 2038 ad
662 1978 811 2038 amussim
825 1980 996 2039 serventur.
1041 1976 1103 2040 Eos
1117 1997 1187 2040 vero
1200 1982 1269 2040 tan-

176 2090 272 2150 quam
306 2074 444 2150 receptos
478 2075 510 2132 et
543 2069 730 2150 approbatos
765 2070 921 2132 Ecclesiae
957 2070 1049 2133 Ritus
1085 2073 1269 2152 agnovimus

178 2165 232 2244 qui
263 2165 297 2224 in
331 2162 509 2227 Pontificali
543 2164 684 2227 Romano
716 2167 747 2225 et
780 2163 1007 2228 Caeramoniali
1042 2165 1268 2245 Episcoporum

177 2257 225 2320 vel
251 2257 395 2319 Rubricis
423 2257 570 2331 Misaalis,
589 2256 742 2319 Breviarii
762 2261 793 2319 et
820 2258 956 2320 Ritualis
982 2256 1268 2338 praescribuntur.''

178 2351 214 2414 C.
233 2350 325 2413 Prov.
344 2350 452 2414 Hales.
474 2350 500 2414 I.
521 2351 612 2414 Decr.
634 2354 699 2412 10.:
721 2349 961 2413 “adamussim
982 2357 1144 2413 serventur
1163 2352 1269 2415 omnia

178 2464 256 2526 quae
297 2446 331 2507 in
374 2444 519 2508 Rubricis
559 2445 752 2525 praescripta
794 2449 879 2521 sunt,
920 2445 1013 2524 juxta
1055 2445 1166 2508 Ritum
1209 2445 1269 2508 Ro·

176 2537 337 2600 manum.''
350 2540 376 2573 ²²

219 2727 248 2789 θ.
271 2725 424 2789 Rubricae
449 2725 662 2806 praeceptivae
684 2731 716 2788 at
740 2725 771 2788 S.
796 2725 833 2788 R.
858 2724 893 2788 Ο.
917 2725 1050 2789 Decreta
1072 2726 1268 2807 praeceptiva

176 2821 351 2901 generatim
368 2819 530 2900 “obligant
546 2819 603 2881 sub
620 2819 746 2881 mortali
762 2839 927 2899 exgenere
944 2819 1030 2894 suo‚'’
1046 2821 1066 2881 i.
1084 2840 1109 2882 e.
1127 2820 1183 2881 sub
1198 2838 1267 2900 pec·

176 2919 245 2977 cato
270 2915 396 2976 mortali
421 2915 454 2975 in
478 2913 610 2976 materia
633 2913 776 2988 notabili,
801 2917 833 2975 et
856 2913 913 2974 sub
937 2912 1051 2975 veniali
1078 2914 1112 2974 in
1136 2912 1267 2975 materia

176 3028 271 3089 parva
281 3029 289 3084 ;
308 3012 341 3071 at
359 3012 487 3088 propter
505 3011 721 3087 contemptum
739 3005 904 3068 formalem
922 3007 970 3068 rel
989 3006 1268 3085 transgressionem

176 3102 318 3182 plurium
343 3120 580 3182 praeceptorum
605 3101 715 3163 leviter
740 3099 950 3179 obligantium
975 3099 1172 3162 coalescendo
1199 3119 1266 3179 pec·

176 3200 281 3257 catum
299 3195 430 3258 mortale
447 3195 604 3257 committi
620 3196 731 3275 potest.

219 3292 246 3349 2.
271 3289 325 3364 At,
338 3288 420 3351 sicut
435 3290 467 3349 in
483 3289 569 3350 omni
584 3287 650 3367 lege
664 3286 809 3368 positiva,
824 3291 951 3348 excusat
966 3306 984 3347 a
998 3290 1124 3366 peccato
1139 3285 1266 3348 formali

176 3402 240 3445 non
253 3382 355 3445 solum
369 3382 598 3444 inadvertentia
612 3381 658 3443 rel
673 3379 788 3442 oblivio
803 3378 1013 3458 inculpabilis,
1027 3379 1080 3441 sed
1094 3379 1189 3440 etiarn
1202 3398 1266 3439 mo·

177 3477 251 3539 ralis
265 3476 511 3556 impossibilitas,
526 3475 572 3537 vel
587 3494 679 3536 causa
692 3473 846 3535 sufficiens
859 3477 890 3534 et
904 3472 1139 3553 proportionale
1152 3471 1266 3551 gravis,

176 3571 342 3652 praecipue
363 3571 389 3631 si
414 3569 550 3632 Robrica
572 3567 689 3647 obliget
709 3567 766 3629 sub
788 3567 847 3627 levi
869 3586 924 3628 seu
944 3565 1075 3628 materia
1096 3566 1138 3627 sit
1161 3585 1264 3645 parra.

211 3777 235 3810 ²1
256 3770 319 3821 vid.
334 3769 362 3820 C.
379 3769 420 3820 Pl.
436 3769 509 3820 Ball.
527 3767 565 3818 11.
580 3768 697 3818 Decreta
750 3764 865 3829 lormity
898 3764 925 3814 in
959 3765 1005 3815 tha
1037 3764 1204 3816 celebration
1236 3763 1270 3813 ol

175 3848 235 3910 358,
253 3849 312 3910 375,
330 3848 390 3905 381,
408 3847 467 3909 399,
485 3846 544 3895 403.
749 3844 794 3893 tbe
821 3842 884 3906 holy
911 3841 1065 3905 Hymettos,
1093 3842 1139 3892 tbe
1166 3840 1268 3892 admin-

211 3930 237 3963 ²²
255 3924 343 3974 “The
368 3922 468 3972 Sacred
494 3920 697 3983 congregation
749 3919 876 3969 iatration
898 3918 931 3968 ot
951 3919 997 3969 tho
1019 3918 1193 3969 Sacramenta
1214 3917 1268 3967 and

175 4001 207 4052 of
221 4000 407 4065 Propaganda
422 4000 471 4049 has
486 3998 636 4048 instructed
652 3998 697 4047 tha
748 3995 934 4046 Benediction.
975 3994 1024 4046 We
1044 3998 1118 4045 trust
1137 3996 1200 4045 tbat
1220 4007 1269 4043 our

175 4078 287 4142 biahopa
309 4077 342 4127 ot
362 4078 408 4127 the
430 4075 534 4125 United
555 4073 648 4124 Statea
668 4077 697 4123 to
747 4073 840 4137 elergy
873 4072 929 4123 will
964 4071 1123 4137 religiously
1158 4071 1269 4121 observa

175 4154 270 4219 enjoin
294 4170 328 4205 on
352 4155 399 4205 the
422 4154 515 4216 clergy
539 4150 645 4213 firtelity
668 4153 697 4200 to
748 4150 824 4200 those
848 4148 1034 4213 instructions,
1060 4149 1114 4199 and
1140 4152 1187 4199 not
1212 4146 1268 4197 suf·

175 4233 222 4283 the
257 4230 371 4283 rubrica.
425 4229 547 4293 Coming,
583 4241 613 4278 aa
648 4241 698 4276 our
749 4227 792 4276 fer
806 4226 875 4276 local
890 4227 943 4277 and
959 4225 1156 4276 unaothoriaed
1171 4238 1270 4285 usagea

175 4308 268 4372 elergy
287 4309 341 4360 and
361 4308 456 4373 pcople
475 4307 517 4368 do,
537 4305 609 4355 from
627 4304 697 4354 vari·
748 4306 776 4353 to
800 4304 945 4368 auperaede
969 4304 1015 4353 the
1039 4301 1178 4367 approved
1203 4300 1270 4350 ritca

176 4401 225 4438 oria
243 4385 380 4436 countries
397 4385 430 4434 of
448 4384 564 4448 Europe,
584 4382 607 4431 it
626 4381 649 4431 ia
666 4380 699 4430 ot
748 4379 780 4429 ol
796 4381 841 4431 the
858 4379 1003 4429 Univeraal
1020 4376 1157 4428 Choreh.''
1192 4376 1267 4426 Paat.

175 4468 256 4530 great
279 4461 448 4529 importunes
471 4466 500 4512 to
523 4473 616 4511 secure
641 4457 697 4507 uni·
748 4457 827 4507 va.
847 4455 875 4507 O.
894 4455 1048 4507 Cincinnat.
1068 4454 1108 4506 11.
