2804 4890
182 691 223 753 28
277 698 331 755 DE
355 698 583 770 REQUISITIS
606 700 660 754 ΑΙ)
684 698 837 762 MISSAM
860 695 1173 755 CELEBRANDAM.

235 872 467 953 (a)Adventus,

234 968 286 1047 (b)
314 968 343 1027 A
363 967 599 1047 septuagesima
617 986 713 1047 usque
729 966 769 1028 ad
788 965 960 1029 Sabbatum
978 965 1132 1029 Sanctum
1149 970 1276 1048 excepto

187 1061 308 1125 Triduo
320 1082 416 1136 sacro,
1104 1060 1105 1063 ’

232 1157 280 1235 (c)
309 1155 451 1230 Quatuor
466 1156 657 1235 Temporum
675 1154 867 1235 Septembris
880 1159 912 1217 et
928 1154 1110 1234 vigiliarum
1125 1174 1205 1237 quae
1225 1155 1279 1236 (de

183 1249 271 1329 jure)
297 1249 496 1328 jejunantur,
517 1252 644 1327 excepta
666 1247 774 1327 vigilia
794 1248 1010 1324 Pentecostes;

235 1341 289 1420 (d)
318 1340 358 1401 In
374 1339 480 1402 Missis
496 1340 695 1401 Litaniarum
712 1341 743 1401 S.
762 1339 861 1401 Marci
876 1345 907 1402 et
925 1340 1154 1420 ltogationum3

235 1435 284 1514 (e)
313 1434 353 1495 In
374 1434 480 1496 Missis
501 1435 612 1496 votivis
632 1435 669 1496 de
691 1434 838 1498 Passione
859 1434 999 1510 Domini,
1018 1454 1075 1516 pro
1095 1454 1279 1515 quacunque

189 1529 381 1603 necessitate,
420 1548 475 1608 pro
514 1528 658 1608 peccatis,
696 1528 734 1589 ad
775 1527 949 1590 tollendum
988 1529 1132 1601 schisma,
1171 1534 1279 1592 contra

189 1642 335 1703 paganos,
352 1626 491 1702 tempore
509 1622 591 1697 belli,
609 1642 665 1701 pro
682 1641 766 1702 pace,
784 1643 840 1702 pro
858 1622 986 1685 vitanda
1002 1621 1206 1697 mortalitate,
1225 1642 1280 1702 pro

190 1718 250 1780 iter
275 1715 450 1796 agentibus,
475 1735 533 1795 pro
559 1716 704 1791 infirmis,
729 1716 768 1777 ad
794 1716 1015 1796 postulandam
1040 1716 1178 1796 gratiam
1204 1716 1280 1778 bene

190 1809 354 1874 moriendi.

233 1908 260 1965 5.
285 1904 378 1965 Color
393 1903 485 1983 piper
500 1907 547 1965 est
563 1903 689 1981 signum
705 1903 816 1963 mortis
832 1905 863 1964 et
881 1902 1089 1965 tenebrarum.

233 1996 410 2058 Adhibetur
432 1996 512 2059 feria
532 2001 619 2058 sexta
640 1998 673 2056 in
696 1996 863 2059 Parasceve
885 2001 916 2059 et
938 1997 970 2056 in
993 1996 1099 2057 Missis
1121 1999 1153 2058 et
1173 1995 1282 2059 officiis

190 2091 431 2164 defunctorum3
445 2109 606 2169 nunquam
620 2094 724 2150 autem
740 2090 945 2153 Sanctissimo
958 2091 990 2150 in
1006 2088 1144 2152 Ecclesia
1157 2089 1282 2170 publice

191 2185 330 2265 exposito
343 2205 400 2266 pro
412 2182 542 2246 solemni
558 2183 706 2245 Oratione
720 2183 936 2261 Quadraginta
951 2183 1121 2257 Horarum,
1135 2203 1196 2264 quo
1208 2204 1282 2246 casu

191 2279 241 2339 die
255 2280 425 2339 (hminem.
439 2277 581 2339 omnium
597 2276 753 2337 Fidelium
771 2277 917 2339 llel'unct.
931 2277 1015 2338 color
1027 2277 1181 2339 violaceus
1193 2277 1282 2339 adhi-

192 2372 310 2433 bendus
326 2372 397 2433 est.⁹

235 2469 262 2527 6.
287 2465 326 2525 In
359 2463 456 2526 Missa
488 2463 677 2524 Dominieali
711 2463 796 2524 intra
827 2469 966 2527 octavam
999 2464 1167 2526 adhibetur
1198 2463 1284 2528 color

194 2559 376 2620 Dominicae
391 2579 454 2619 non
471 2578 541 2619 vero
556 2559 680 2618 oetai'ue
695 2578 747 2618 seu
765 2558 836 2618 sesti
852 2560 988 2638 exceptis
1006 2558 1180 2621 Dominicis
1196 2558 1284 2621 inira

193 2657 314 2715 octavas
352 2651 548 2725 Natiuitatis,
587 2651 792 2730 Epiphaniae,
829 2651 1029 2713 Ascensionis
1065 2654 1097 2714 et
1134 2650 1283 2733 Corporis

194 2743 352 2807 Christi.¹⁰

232 2839 330 2900 Plura
350 2838 388 2899 de
409 2838 563 2900 cirlerribus
584 2838 652 2899 vide
673 2839 705 2899 in
728 2839 822 2900 llnbr.
845 2838 931 2899 Miss.
955 2840 1019 2901 Tit.
1042 2839 1180 2916 XVIII;
1201 2843 1234 2903 et
1251 2859 1285 2902 n.

190 2935 250 2994 363
269 2932 338 3011 huj.
359 2930 467 3011 Comp.

235 3025 281 3086 De
293 3026 394 3086 colore
409 3044 465 3103 pro
479 3024 692 3085 benedictione
708 3023 765 3085 SS.
782 3024 977 3085 Sacramenti
991 3029 1022 3086 et
1037 3026 1069 3085 in
1084 3022 1288 3106 processioni·

194 3116 250 3179 bus
269 3116 339 3178 vide
359 3136 409 3179 no.
429 3119 498 3177 217.

238 3213 265 3270 t.
290 3210 323 3268 Si
347 3208 480 3268 officium
506 3212 537 3269 et
561 3207 657 3268 Missa
680 3206 869 3281 discordent,
893 3207 977 3267 color
1000 3207 1120 3269 Altaria
1143 3208 1285 3288 sequitur

194 3303 347 3368 officium:
363 3322 420 3382 pro
436 3301 531 3362 Missa
549 3321 619 3361 vero
635 3301 763 3361 solemni
782 3301 937 3372 colll'enii,
954 3305 991 3362 ut
1005 3300 1225 3381 antipendium
1242 3302 1284 3362 sit

195 3396 305 3458 eoloris
323 3399 586 3475 paramentorum.
633 3393 748 3473 llxeipe
767 3392 894 3454 Missam
912 3394 950 3454 de
968 3394 1094 3473 Requie,
1111 3396 1135 3455 si
1153 3394 1284 3456 celebre·

196 3496 248 3550 tur
264 3490 295 3550 iu
311 3489 424 3556 Alteri,
440 3490 472 3548 in
487 3509 546 3567 (pue
563 3488 609 3548 ss.
627 3487 863 3547 Sacramentum
879 3492 1148 3567 asscriptumque
1163 3488 1196 3548 in
1211 3507 1283 3548 casu

195 3585 273 3645 sacri
310 3581 515 3644 'l'abernaeuli
552 3582 660 3641 saltem
697 3581 894 3659 Corropaoum
931 3602 995 3641 esse
1031 3580 1121 3642 debet
1156 3581 1284 3642 violacei

196 3678 342 3739 eoloris¹¹
389 3677 495 3755 Neque
517 3676 589 3735 luet
609 3674 754 3736 adhibere
776 3674 914 3735 Pallium
936 3675 1018 3753 nigri
1040 3673 1152 3736 eoloris
1173 3674 1206 3734 in
1230 3673 1284 3735 So·

197 3771 291 3833 lemni
315 3768 617 3831 Commemoratione
639 3773 670 3830 et
691 3767 839 3847 Exequiis
861 3766 1092 3830 Defunctorum
1113 3767 1153 3829 ad
1175 3765 1286 3830 Altare

198 3864 274 3924 Suri.
294 3862 527 3924 Sacramenti.¹²

238 3962 265 4017 8.
291 3956 428 4018 Mutatio
451 3955 563 4016 coloris
587 3953 622 4014 fit
647 3953 748 4032 pridie
773 3959 843 4034 post
868 3954 1127 4034 Complatorium,
1150 3955 1176 4015 si
1202 3953 1288 4018 colar

196 4051 353 4130 sequentis
373 4048 435 4109 diei
456 4049 609 4126 discrepet
630 4067 648 4107 a
668 4046 767 4107 colore
790 4048 998 4127 Vesperarum
1021 4048 1285 4128 praecedentium.

240 4144 278 4205 In
311 4142 457 4221 Vesperis
486 4141 570 4202 color
601 4141 685 4200 illius
716 4140 806 4201 officii
838 4141 1014 4216 adhibetur,
1045 4142 1081 4204 de
1111 4163 1173 4223 quo
1204 4142 1286 4205 fiunt

198 4239 352 4318 Vesperae
369 4237 508 4314 integrae
526 4240 580 4295 ant
597 4253 614 4294 a
633 4233 788 4312 (lapitulo.

232 4346 296 4396 ⁰D.
317 4345 400 4407 aun
423 4348 449 4394 et
469 4344 493 4393 9.
515 4343 570 4392 Jul.
594 4342 669 4404 1895,
690 4356 715 4391 n.
804 4350 827 4380 11
848 4343 880 4392 Ι).
904 4346 925 4393 1.
947 4343 1009 4393 Dec.
1032 4344 1107 4406 1882,
1128 4357 1154 4393 n.
1175 4342 1253 4395 3502.

198 4425 273 4474 3864.
300 4424 324 4473 4.
804 4424 828 4456 ¹2
848 4419 880 4469 D.
898 4421 974 4469 3201.
994 4421 1033 4469 10.

234 4506 258 4539 ¹⁰
278 4499 371 4550 Novae
392 4497 475 4548 Rubr.
496 4498 530 4547 X.
550 4498 574 4547 4.
