2804 4890
298 666 306 678 '
393 680 447 736 un
467 683 689 738 osmmsos
713 685 1008 742 consensuum.
1174 680 1234 740 481

186 839 256 903 295.
296 841 341 904 De
361 843 538 907 defectibus
556 846 746 923 supplendis.
785 847 820 909 Si
840 868 917 928 quae
936 846 1115 911 essentialia
1134 845 1235 928 quoad

145 934 309 998 materiam
324 942 355 1000 et
369 938 505 999 fornram
520 940 554 999 in
569 959 592 1000 s.
611 940 782 1001 Ordinibus
797 941 910 1003 omissa
925 941 971 1002 vel
986 939 1236 1003 substantialiter

146 1035 266 1092 mutata
288 1032 418 1107 suerint,
440 1032 613 1112 supplenda
635 1033 827 1108 sunt;—sub
849 1033 1029 1097 conditione
1051 1033 1187 1114 quidem,
1208 1031 1235 1093 si

145 1126 314 1204 prudenter
329 1126 492 1187 dubitetur
505 1126 542 1187 de
557 1126 715 1188 essentiali
731 1125 896 1189 omissione
914 1128 960 1190 vel
975 1127 1161 1189 mutatione.
1184 1126 1236 1186 lta

146 1221 176 1278 ὃ.
207 1220 243 1280 R.
274 1219 401 1300 Congr.¹
432 1219 532 1299 quoad
562 1218 793 1283 ordinationem
821 1219 952 1281 Diaconi
984 1220 1138 1281 decrevit:
1177 1220 1232 1280 “Si

149 1312 353 1392 [Episcopus]
379 1311 475 1374 solam
499 1311 632 1374 tradidit
652 1312 818 1392 partialem
840 1314 1003 1374 materiam
1025 1312 1112 1373 Libri
1134 1312 1234 1371 Evan-

143 1406 295 1481 geliorum
326 1406 392 1466 sine
422 1406 535 1479 torma,
566 1410 655 1466 caute
684 1410 716 1467 et
746 1411 862 1469 secreto
891 1405 1035 1485 suppleat
1065 1405 1234 1477 delectum,

143 1498 345 1560 traditionem
381 1499 529 1559 materiae
563 1496 657 1560 simul
690 1519 763 1561 cum
799 1498 972 1579 prolatione
1008 1519 1081 1560 suae
1115 1496 1234 1558 formae

145 1590 340 1671 repeteml0.’'
381 1592 415 1653 b.
439 1592 470 1653 S.
493 1591 554 1652 Oll.
576 1592 702 1671 approb.
726 1591 823 1654 (lem.
846 1591 960 1652 Vlla:
982 1592 1039 1652 “si
1061 1591 1234 1670 Episcopus

141 1704 203 1744 non
225 1705 279 1764 per
301 1706 332 1747 se
355 1685 468 1764 ipsum,
489 1685 543 1746 sed
564 1705 620 1764 per
639 1683 737 1745 alium
758 1684 923 1746 materiam
946 1705 999 1746 seu
1022 1684 1233 1746 instrumenta

142 1777 324 1838 ordinandis
347 1777 524 1852 tradiderit,
545 1782 620 1839 sunt
643 1776 844 1840 reordinandi
867 1778 924 1839 sub
946 1774 1171 1839 conditione.''²

177 1870 258 1931 Item
284 1871 378 1931 dubia
402 1877 449 1932 est
472 1869 630 1933 ordinatio
653 1869 841 1948 Presbyteri,
865 1871 919 1950 qui
944 1890 1000 1932 nec
1024 1870 1153 1932 calicem
1177 1890 1233 1931 nec

141 1968 286 2041 patenam
309 1963 433 2043 physice
454 1963 605 2039 tetigerit,
626 1964 672 2024 vel
694 1967 763 2042 post
784 1961 919 2023 sormam
940 1964 1007 2042 jam
1029 1961 1233 2042 completa1n;

141 2055 252 2119 sufficit
271 2077 340 2116 voro
359 2060 461 2116 tactus
478 2055 642 2129 mediatos,
660 2078 685 2117 e.
704 2076 733 2133 g.
754 2075 848 2115 riranu
868 2054 996 2115 linteolo
1013 2052 1169 2129 obvoluta,
1185 2051 1233 2116 vel

141 2167 203 2209 uiuo
223 2152 347 2209 tantum
366 2147 477 2225 digito,
498 2146 544 2207 vel
564 2147 591 2207 si
611 2146 799 2207 alterutrum
820 2147 968 2226 tetigerit.

184 2240 219 2300 Si
243 2239 373 2300 traditio
398 2239 504 2300 calicis
529 2244 560 2300 et
585 2241 715 2319 patenae
741 2239 908 2319 repetenda
933 2240 984 2313 sit,
1011 2241 1107 2302 etiam
1133 2236 1231 2320 repeti

141 2333 251 2392 debent
272 2339 334 2394 tres
354 2351 504 2391 mammm
527 2329 758 2410 impositiones;
777 2352 833 2392 nec.
853 2335 958 2393 tamen
979 2332 1138 2394 iterandae
1158 2335 1233 2392 sunt

141 2424 349 2485 caeremoniae
368 2422 583 2491 accidentales,
604 2443 657 2483 seu
677 2443 807 2503 eaquae
828 2428 969 2502 spectant
990 2423 1030 2485 ad
1049 2423 1232 2486 electionem

139 2522 170 2579 et
201 2515 440 2578 instructionem
471 2514 709 2576 candidatorum
739 2536 859 2577 necnon
887 2536 991 2596 preces
1020 2520 1103 2579 certe
1133 2534 1231 2577 acces-

140 2611 261 2672 soriue.³

182 2707 208 2766 2.
240 2702 343 2763 Dubia
371 2707 418 2764 est
447 2701 603 2764 ordinatio
634 2701 811 2780 Presbyteri
839 2705 870 2764 et
900 2702 1023 2780 integra
1057 2701 1130 2781 (sub
1160 2720 1230 2762 eon-

139 2796 274 2871 ‹litione)
310 2794 487 2874 repetenda,
515 2795 541 2854 si
571 2794 744 2872 Episcopus
773 2794 913 2856 omiserit
940 2795 1076 2874 primam
1105 2792 1231 2874 imposi-

139 2890 256 2952 tionem
282 2908 433 2950 mammur
465 2889 559 2966 (quiite.
585 2885 617 2946 fit
644 2885 690 2947 nil
715 2885 879 2965 dicendo),
905 2887 951 2948 vel
975 2885 1143 2948 secundam
1167 2905 1231 2947 non

139 2981 272 3043 tenendo
296 2982 446 3041 “manum
472 2979 631 3041 dexteram
656 2984 814 3040 extensum
838 2999 931 3058 super
957 2978 1058 3053 illos,''
1083 2979 1134 3041 sed
1160 2998 1231 3040 con·

138 3075 262 3151 junctas
288 3078 396 3135 tenens
421 3091 532 3132 manus
558 3074 630 3132 aute
658 3076 764 3150 pectus
789 3071 864 3132 dum
890 3070 968 3133 dicit
994 3072 1128 3134 formam
1155 3072 1229 3134 Ore-

140 3186 217 3237 orus,
247 3168 363 3245 fratres
394 3163 580 3235 clarissimi,
611 3163 713 3225 Deum
746 3163 870 3225 Putrem
906 3164 1163 3244 omliipoleatem,
1194 3169 1230 3227 ut

139 3279 234 3338 super
256 3259 309 3318 lios
328 3258 465 3338 taurulus
486 3278 559 3318 suos
579 3259 657 3331 etc.;
677 3261 731 3319 aut
754 3257 779 3317 si
803 3255 1053 3321 substantialiter
1074 3255 1232 3318 vitiaverit

142 3351 321 3412 (irationem
351 3350 492 3415 Oramus.
519 3351 636 3429 fratres
664 3346 848 3421 clarissimi,
876 3348 922 3410 vel
953 3348 1134 3412 Orationem
1162 3348 1231 3409 sub-

141 3446 319 3522 sequentem
342 3441 469 3503 llauudi
492 3462 564 3502 eum
589 3439 833 3502 “Praelatione''
857 3460 934 3520 quae
958 3447 1028 3521 post
1051 3439 1231 3503 unctionem

143 3556 291 3597 rrranuum
318 3531 445 3597 tandem
472 3532 679 3613 protrahitur,
704 3531 751 3595 vel
777 3533 869 3594 verba
895 3535 1002 3613 postea
1028 3531 1232 3613 proterenda:

142 3627 255 3709 decipe
276 3632 461 3708 potestatem
483 3627 555 3689 etc.⁴

184 3726 211 3782 3.
236 3721 269 3781 Si
292 3721 418 3782 tertiam
440 3718 673 3799 impositionem
694 3739 846 3780 manuum
867 3717 1008 3780 omiserit
1030 3718 1076 3781 vel
1099 3718 1235 3781 formam

143 3812 391 3876 substantialiter
421 3812 601 3887 mutaverit,
631 3810 804 3891 supplenda
834 3815 890 3873 est.
941 3810 1137 3890 “Episcopus
1167 3831 1234 3890 per-

143 3908 282 3969 turbavit
308 3905 442 3967 formam
471 3904 623 3966 adnexam
650 3908 824 3983 postremae
849 3924 1001 3966 manuum
1031 3904 1235 3984 impositioni,

144 3998 290 4060 anemio:
311 3999 465 4071 ‘Quorum
483 3995 639 4058 remiseris
659 3998 785 4076 peccata
806 3998 926 4058 retenta
947 3998 1031 4063 avant.
1052 4001 1083 4059 et
1104 4016 1236 4076 otiorum

146 4092 311 4153 rotinuoris
329 4091 457 4152 rorarissa
476 4086 571 4151 sunt'
612 4089 677 4151 Sub
697 4086 876 4151 conditione
895 4089 929 4150 in
949 4087 1071 4168 privato
1092 4089 1236 4151 Oratorio

175 4281 230 4332 ΙΙ).
251 4281 328 4332 2767.
716 4293 787 4343 nop,
807 4277 938 4342 privatim
957 4275 1075 4340 benigne
1094 4274 1238 4327 communi·

179 4356 272 4408 ²ltem
289 4356 317 4408 C.
335 4358 363 4408 S.
381 4358 412 4409 0.
432 4360 445 4408 1
463 4359 534 4420 Aug.
554 4356 628 4407 1697.
716 4357 786 4404 cata.

180 4434 243 4481 ³Ex
259 4433 451 4484 dissertatione
466 4433 566 4483 eximia
580 4433 613 4483 cl.
628 4432 656 4483 Η
751 4428 933 4493 nelvmlvuhl,
948 4428 988 4478 11.
1004 4443 1029 4477 n.
1045 4429 1104 4480 591.

148 4507 247 4559 lbiaxel
272 4508 339 4573 S.S.,
366 4508 443 4560 Prot.
471 4507 541 4559 Sem.
566 4506 632 4559 Man
