2804 4890
189 659 251 722 246
387 671 441 724 DE
465 671 592 727 SENSU
616 672 801 726 LITERALI
825 674 875 727 ET
896 673 1084 730 MYSTICO.

235 844 263 904 3.
286 840 428 903 sanetus.
474 840 563 915 Quod
582 846 618 905 ut
637 843 764 923 dignius
783 842 927 920 efficiant,
946 843 1135 920 invitantur,
1153 846 1191 904 ut
1209 860 1281 903 cum

192 935 323 1017 Angelis
344 940 471 1017 totaque
492 937 616 1000 coelesti
638 938 725 999 curia
747 938 806 999 Dei
827 939 1026 1018 majestatem
1047 939 1212 1013 celebrent,
1234 937 1281 999 di·

190 1036 294 1094 centes
309 1033 454 1103 h'enetns,
469 1035 538 1108 etc,
550 1033 599 1095 uti
616 1033 657 1094 Is.
675 1037 703 1110 5,
720 1037 737 1093 3
755 1034 788 1095 in
803 1035 887 1095 coelo
904 1035 1069 1113 Seraphim
1085 1034 1281 1096 “clamabant

91 1157 93 1160 ·
191 1123 270 1185 alter
293 1122 333 1184 ad
355 1122 522 1185 alterum.''
564 1123 706 1204 Antiqua
729 1124 844 1188 versio:
869 1124 976 1187 “Deus
1002 1124 1138 1189 Sabaoth
1146 1123 1177 1201 ;''
1202 1123 1280 1185 Vul-

190 1219 280 1296 gata:
309 1216 415 1279 “Deus
442 1217 667 1280 exercituum.'’
711 1217 900 1298 Appellatur
927 1218 1062 1298 hymnus
1093 1217 1280 1299 Seraphicus

192 1331 245 1372 seu
268 1310 448 1390 Angelieus,
471 1311 520 1373 vel
542 1311 740 1392 Trisagium;
753 1313 778 1346 ²⁴
801 1312 897 1376 etiarn
921 1313 1056 1392 hymnus
1078 1311 1281 1392 triumphalis

188 1405 226 1467 ob
245 1406 413 1468 secundam
430 1407 540 1485 hymni
559 1412 680 1487 partem
698 1407 888 1469 Benedictus
907 1409 961 1488 qui
977 1407 1073 1480 vertit,
1092 1413 1149 1471 ete.
1169 1406 1282 1487 quihus·

191 1496 292 1558 verbis
305 1498 414 1561 turbae
426 1499 452 1531 ²³
466 1497 639 1559 Dominum
652 1499 686 1559 in
700 1498 887 1579 triumphali
901 1500 1043 1578 ingressu
1057 1499 1280 1560 acclamabant.

232 1594 261 1651 4.
285 1590 378 1653 Ritus
405 1593 552 1671 congruit
580 1593 689 1653 verbis.
734 1592 784 1653 Ad
814 1592 969 1655 Dominus
998 1591 1156 1657 vobiscum
1187 1591 1280 1652 initio

192 1684 403 1746 Praefationis
429 1685 578 1748 Sacerdos
601 1705 664 1748 non
688 1707 719 1749 se
744 1687 837 1748 vertit
861 1686 899 1747 ad
922 1687 1085 1767 populum,
1110 1706 1201 1766 quem
1224 1705 1281 1765 per

192 1778 286 1841 Orate
305 1781 422 1859 scotres
443 1780 531 1860 quasi
553 1780 685 1855 dimisit,
706 1800 763 1841 nec
785 1779 861 1840 elini
881 1780 919 1843 ob
941 1780 1044 1842 velum
1065 1781 1147 1842 circa
1169 1779 1279 1841 Altare

191 1876 266 1934 tune
290 1892 464 1952 appensum
487 1872 592 1936 videre
616 1879 748 1954 poterat.
814 1873 928 1935 Manus
952 1894 1045 1954 super
1070 1873 1179 1936 Altare
1205 1877 1279 1935 sunt

189 1967 347 2046 depositae
361 1972 397 2028 ut
411 1967 616 2047 significetur,
632 1987 756 2031 omnem
771 1973 949 2030 terrestrem
964 1966 1188 2046 cogitationem
1202 1972 1279 2029 tunc

189 2061 277 2141 prius
295 2081 359 2123 esse
377 2060 603 2140 deponendam,
620 2066 651 2123 et
670 2061 764 2124 veluti
784 2082 856 2122 cum
873 2061 1003 2140 Angelis
1022 2061 1056 2121 in
1074 2062 1158 2124 coelo
1176 2062 1278 2141 ingre-

190 2154 342 2216 diendum
368 2154 403 2215 in
429 2154 543 2217 nubem
571 2154 751 2217 coelestium
778 2155 1015 2233 cogitationum.
1081 2155 1121 2216 In
1150 2155 1279 2234 reliquis

189 2248 391 2311 caeremoniis
411 2248 449 2310 ad
473 2247 717 2323 Praefationern‚
738 2250 873 2311 Selectos
894 2252 926 2310 et
946 2249 1137 2311 Benedictus
1157 2248 1278 2328 signifi·

189 2342 271 2405 catio
289 2341 381 2404 facile
399 2344 495 2422 patet.

629 2665 743 2735 Anu.
768 2666 834 2736 VI.

220 2850 270 2901 Du
289 2851 441 2903 CANONE
461 2851 532 2902 SEU
551 2852 577 2901 A
596 2851 854 2978 “TKJOISQURH
874 2852 996 2916 USQUE
1016 2853 1067 2902 AD
1088 2852 1242 2904 “PATER

659 2929 668 2947 ⁷
765 2931 796 2979 R.

231 3100 299 3162 143.
324 3100 443 3176 Canon,
465 3122 518 3163 seu
539 3101 683 3175 “Aelim'’
704 3103 748 3164 vel
772 3102 1017 3166 “Sanctissimae
1037 3104 1169 3167 actionis
1192 3104 1276 3185 Mys·

187 3194 324 3257 teriunr'
340 3195 454 3275 incipit
470 3215 487 3257 a
507 3197 549 3258 Te
566 3195 666 3276 iyitnr
682 3201 713 3257 ct
729 3196 819 3273 juxta
838 3197 988 3260 veriorem
1006 3199 1207 3260 sententiam¹
1226 3199 1277 3261 de-

185 3291 261 3352 sinit
281 3289 320 3352 ad
339 3291 437 3352 Peter
454 3294 568 3359 noster,
589 3290 608 3352 i.
629 3312 653 3352 c.
675 3291 712 3351 ad
734 3292 919 3370 praecedens
939 3292 1002 3353 Per
1020 3293 1127 3356 onznia
1144 3297 1277 3369 saccello,

186 3387 242 3444 etc.
260 3381 420 3444 “Ecclesia
437 3382 598 3443 Catholica
614 3403 735 3443 sacrum
754 3384 911 3443 (lenonem
928 3383 1038 3445 multis
1055 3388 1128 3448 ante
1144 3385 1275 3447 saeculis

187 3477 339 3551 instituit,
361 3476 406 3538 ita
427 3475 464 3537 ab
486 3477 571 3537 omni
594 3496 696 3536 errore
717 3495 843 3555 purum,
864 3482 900 3538 ut
922 3476 1002 3537 nihil
1025 3477 1059 3538 in
1078 3498 1114 3540 eo
1136 3480 1275 3541 contine-

186 3575 267 3643 atur,
293 3568 374 3650 quod
399 3590 464 3631 non
489 3569 624 3631 maxime
649 3570 849 3630 sanctitatem
874 3575 905 3631 et
930 3571 1080 3651 pietatem
1106 3573 1274 3651 quamdam

185 3662 352 3727 redoleat.'’
365 3665 377 3697 ²

228 3761 255 3818 2.
280 3758 389 3819 Canon
405 3759 437 3818 in
456 3756 595 3820 Ecclesia
611 3756 796 3819 occidentali
814 3763 931 3820 secreta
946 3779 1018 3821 voce
1036 3760 1197 3835 recitatur,
1215 3763 1274 3822 “ne

185 3872 271 3913 sacra
292 3851 385 3913 verba
406 3849 608 3913 vilescant.”³
672 3850 775 3930 Atque
799 3851 859 3913 talc
882 3853 1077 3932 profundum
1100 3855 1273 3921 silentium.

185 3946 285 4006 trihus
308 3949 433 4007 tantum
457 3944 581 4005 vocibus
604 3945 829 4023 interruptum,
853 3945 953 4007 divini
977 3947 1128 4009 Numinis
1151 3950 1272 4010 cultum

220 4127 245 4161 ²⁴
266 4122 349 4173 Aliud
378 4122 533 4186 'trisagium
563 4122 588 4171 in
618 4121 701 4187 preci·
757 4121 872 4186 “Agios
891 4140 906 4175 ο
927 4124 1021 4187 Theos,
1041 4124 1128 4190 Agiou
1147 4125 1274 4189 ischyros,

183 4199 381 4250 hasteriensi
399 4198 537 4248 Primam:
556 4197 703 4248 “Sanetus
756 4198 842 4261 Agios
859 4202 1014 4264 athanatos,
1031 4202 1132 4252 eleison
1150 4202 1257 4254 imas.”

183 4275 265 4337 Dens,
282 4274 399 4326 Sanctus
415 4275 505 4337 tortis,
523 4273 639 4325 Sanctus
655 4274 702 4324 irn-
792 4282 816 4313 ²³
837 4278 936 4327 llatth.
954 4279 995 4329 21.

183 4353 315 4415 mortalis,
352 4353 478 4402 miserere
513 4351 638 4409 nohis;”
674 4356 702 4403 ct
792 4353 922 4404 ¹Bencil.
945 4355 1022 4406 XIV.

184 4430 258 4480 aliud
293 4429 375 4479 Feria
407 4429 456 4479 VI.
492 4429 518 4477 in
552 4429 702 4480 Parascere
791 4430 850 4480 20.
871 4431 945 4482 Triil.
966 4431 1035 4483 Sese.
1056 4435 1097 4484 22.

183 4505 269 4562 latine
289 4511 316 4563 et
338 4521 434 4579 graece
456 4506 491 4563 ad
513 4505 698 4578 Improperie:
790 4507 914 4560 ³Innoc.
935 4509 990 4560 111.
