2804 4890
161 621 225 688 238
359 631 414 691 DE
437 632 564 692 SENSU
589 632 774 690 LITERALI
797 631 848 690 ET
867 631 1055 692 MYSTICO.

162 808 268 866 natur.
312 802 493 866 Substituta
515 808 563 867 est
587 803 795 867 Pneumati²³
819 805 855 865 in
879 802 993 866 ultimo
1016 801 1167 883 Alleluia,
1192 823 1254 884 quo

162 898 367 960 continuatur
393 897 460 959 sine
487 897 588 960 verbis
614 896 729 959 ultima
755 896 872 976 syllaba
898 916 952 958 seu
979 895 1049 973 “a,''
1074 897 1254 979 exprimens

161 991 482 1070 superabundantiam
510 990 612 1054 cordis
640 990 820 1053 affectuum.
865 990 945 1052 “Est
973 990 1126 1068 quaedam
1154 991 1252 1053 veluti

161 1086 286 1164 sequela
311 1090 343 1146 et
367 1084 526 1164 appendix
551 1084 666 1147 cantici
693 1084 833 1164 Alleluja
859 1103 937 1164 quae
963 1084 1030 1148 sine
1057 1084 1157 1147 verbis
1182 1086 1255 1164 post

162 1177 266 1258 ipsum
283 1176 455 1257 sequitur,’'
465 1179 491 1212 ²⁴
509 1178 556 1243 vel
573 1177 705 1240 fortasse
723 1183 793 1257 post
809 1177 960 1240 ultimum
978 1176 1036 1239 “a''
1055 1179 1089 1240 in
1106 1177 1252 1259 antipho·

162 1271 251 1334 nario
271 1272 425 1352 scriptum
445 1276 513 1334 erat
533 1277 562 1335 et
582 1272 847 1353 sequentia-Ex
868 1271 1012 1352 pluribus
1035 1271 1213 1352 Sequentiis
1234 1291 1254 1333 a

164 1364 195 1427 S.
215 1364 273 1428 Pio
290 1364 329 1426 V.
346 1384 403 1445 pro
420 1365 542 1427 Missali
560 1365 649 1427 Rom.
667 1364 805 1446 quinque
822 1369 960 1428 retentae
977 1369 1053 1427 sunt
1068 1365 1167 1428 mirae
1182 1365 1254 1446 pul·

162 1458 353 1520 chritudinis
368 1462 399 1522 et
415 1458 629 1521 sublimitatis.

205 1644 274 1707 137.
297 1643 508 1722 Evangelium
526 1644 644 1725 legitur
660 1666 678 1709 a
695 1647 888 1726 temporibus
905 1645 1140 1726 Apostolorum.
1159 1645 1253 1709 Prae-

161 1742 253 1820 parat
274 1759 305 1801 se
328 1738 478 1801 Sacerdos
506 1738 698 1818 (Diaconos)
727 1740 790 1801 ritu
813 1745 844 1803 et
867 1740 967 1802 verbis
990 1740 1193 1815 humilitatis,
1214 1745 1254 1804 ut

161 1833 266 1913 digne,
284 1832 372 1912 puris
391 1833 561 1912 ignitisque
580 1832 670 1894 labiis
687 1839 719 1896 et
736 1833 827 1895 corde
845 1834 1015 1896 annuntiet
1034 1833 1251 1913 Evangelium.

162 1925 320 1988 Diaconus
343 1924 424 2006 petit
448 1924 696 1988 benedictionem
726 1927 816 2006 (jube
841 1926 950 2007 lingua
974 1926 1253 2006 liturgicazvelis,

161 2018 309 2099 dignare)
327 2039 346 2081 a
360 2018 544 2081 Celebrante
558 2018 604 2081 vel
620 2019 784 2099 Episcopo,
799 2020 931 2084 Demere.
976 2020 1092 2082 Omnes
1106 2024 1253 2101 surgunt,

161 2113 263 2193 parati
302 2119 452 2193 tanquam
486 2113 604 2175 milites
643 2113 762 2176 Christi
799 2113 838 2176 ad
877 2113 1069 2193 sequendum
1107 2113 1253 2175 divinum

162 2206 290 2269 Ducem.
336 2205 469 2286 Legitur
490 2206 523 2267 in
545 2205 665 2269 Altaria
688 2210 776 2286 parte
798 2207 947 2286 digniori,
969 2207 989 2269 i.
1012 2226 1037 2270 e.
1060 2205 1170 2270 dextra
1198 2207 1254 2287 (ex

161 2305 250 2381 parte
275 2299 459 2376 Crucifixi),
484 2300 564 2362 facie
588 2299 820 2379 aliquantulum
845 2320 992 2363 conversa
1016 2300 1055 2362 ad
1080 2301 1254 2376 sinistram,

161 2415 214 2456 scu
234 2393 464 2474 “aquilonem'’
482 2399 520 2457 ut
538 2393 734 2473 significetur
751 2413 806 2474 per
825 2393 926 2455 lucem
944 2397 977 2456 et
993 2393 1129 2474 gratiam
1150 2394 1253 2457 Evau-

161 2488 235 2569 gelii
252 2489 500 2551 machinationes
515 2486 671 2566 aquilonis
687 2486 798 2565 frigidi
815 2491 848 2549 et
863 2486 1028 2562 tenebrosi,
1046 2488 1065 2548 i.
1082 2508 1107 2549 e.
1125 2486 1253 2563 diaboli,

161 2601 226 2644 esse
256 2580 499 2646 destruendas.²⁵
554 2580 645 2643 “Vox
677 2579 848 2661 Sequentia
877 2586 924 2642 est
954 2581 1079 2643 numeri
1110 2580 1253 2661 pluralis,

162 2676 380 2757 significatque
399 2695 435 2737 ca
454 2694 533 2754 quae
552 2677 727 2753 sequuntur
748 2674 779 2735 in
801 2678 889 2736 textu
912 2673 1190 2755 Evangelistae.'’²⁸

205 2768 304 2830 Initio
321 2769 448 2847 signum
466 2768 576 2829 Crucis
594 2767 673 2828 libro
690 2767 887 2847 imprimitur
903 2773 939 2829 ut
956 2767 1152 2847 significetur
1169 2768 1254 2831 hunc

162 2882 227 2926 esse
245 2861 361 2923 librum
380 2882 432 2924 seu
452 2860 661 2940 Evangelium
681 2860 830 2922 Crucifixi
841 2881 850 2936 3
863 2861 887 2894 ²²
908 2861 1007 2923 fronti
1028 2882 1108 2936 vero,
1128 2866 1164 2924 ut
1184 2863 1254 2942 quis

165 2954 297 3017 Crucem
321 2976 383 3016 non
409 2955 606 3029 erubescat,²⁸
632 2955 678 3015 ori
703 2957 808 3015 autem
833 2958 865 3017 et
888 2955 1017 3034 pectori,
1042 2956 1116 3034 quia
1141 2956 1254 3020 “corde

164 3048 303 3111 creditur
318 3049 356 3110 ad
373 3048 542 3127 justitiam,
558 3069 610 3110 ore
625 3053 729 3110 autem
747 3047 900 3109 confessio
917 3048 954 3111 fit
969 3048 1010 3110 ad
1025 3048 1189 3122 salutem,''
1207 3048 1254 3111 vel

162 3147 200 3205 ut
218 3142 346 3217 indicet,
365 3163 397 3205 se
416 3142 623 3220 Evangelium
643 3141 766 3203 credere
788 3140 960 3217 intellectu,
979 3141 1121 3203 confiteri
1143 3143 1253 3218 verbis,

163 3241 194 3299 et
214 3238 281 3299 toto
301 3235 393 3298 corde
414 3256 468 3297 seu
488 3237 648 3298 voluntate
669 3235 816 3315 amplecti
837 3242 868 3298 et
890 3236 976 3314 sequi
998 3234 1084 3298 velle.
1130 3236 1170 3299 In
1192 3236 1255 3299 fine

161 3329 331 3404 ¹Celebrans
355 3329 417 3409 (vel
438 3329 601 3390 Praelalus
619 3330 652 3389 iu
671 3329 746 3391 locis
764 3349 836 3391 suac
854 3328 1085 3407 jurisdictionis
1103 3331 1129 3392 si
1148 3330 1248 3409 adsit)

164 3425 324 3486 osculatur
339 3445 362 3485 s.
380 3428 502 3486 textum
520 3422 697 3501 insignum
716 3423 905 3485 reverentiae
923 3427 954 3484 et
971 3424 1094 3485 amoris.

207 3522 235 3580 2.
261 3517 335 3580 Post
358 3517 564 3595 Evangelium
588 3536 699 3590 sermo,
722 3517 785 3578 sive
810 3516 951 3579 Humilia
974 3518 1021 3578 vel
1045 3517 1254 3580 “'l'ractatus''

165 3613 203 3674 ad
218 3611 369 3692 populum
385 3611 564 3684 habebatur,
577 3630 638 3690 quo
653 3614 776 3688 peracto
791 3610 1026 3684 Cateclmmeni‚
1040 3611 1253 3690 energumeni,

164 3706 270 3786 plures
312 3705 545 3769 Paenitentium
585 3703 711 3765 ordines
750 3708 781 3765 et
821 3704 961 3767 infideles
1001 3705 1253 3767 dimittebantur.

165 3800 265 3863 “Ecce
294 3804 363 3879 post
394 3797 575 3861 Sermonem
604 3796 642 3859 fit
668 3796 765 3859 missa
797 3796 971 3879 [dimissio]
1005 3799 1254 3873 catechumenis;

166 3894 337 3955 manebunt
360 3891 525 3954 fideles.'’²⁹

207 3990 235 4047 3.
259 3985 441 4062 symbolum
466 3985 619 4062 (“tessera
639 4005 693 4046 seu
714 3984 911 4064 signaculum
933 3987 1016 4049 inter
1036 3986 1142 4050 fideles
1164 3986 1254 4068 perfi-

165 4079 334 4160 dosque''),
348 4097 459 4159 nempe
475 4078 860 4158 Constantinopolitanum
880 4080 923 4159 (a.
938 4080 1015 4159 381)
1034 4100 1088 4143 seu
1103 4080 1254 4144 Nicaeno

203 4244 228 4279 ²³
247 4239 370 4290 Pneuma
398 4252 446 4290 seu
474 4236 685 4303 Nauma=aapi
772 4243 797 4276 ²⁶
816 4238 914 4302 Guyet.

165 4318 245 4369 ratio.
773 4320 798 4352 ²²
818 4315 910 4367 lnnoc.
931 4315 988 4367 111.

201 4399 226 4432 ²⁴
246 4392 330 4443 Bona.
773 4396 799 4429 ²⁸
819 4391 845 4441 S.
864 4393 933 4456 Aug.

200 4475 227 4510 ²⁸
245 4469 290 4522 Cf.
306 4469 364 4520 Jer.
383 4472 406 4534 l,
424 4469 465 4520 14.
774 4471 802 4506 ²⁹
820 4466 905 4522 Idem.
