2804 4890
150 703 171 770 4
555 714 839 772 INTRODUCTIO.

195 888 223 947 3.
246 885 423 952 Diractioue
442 892 517 951 sunt
536 887 698 962 Rubricae,
716 907 794 967 quae
813 888 915 951 forma
933 890 1012 953 mari
1029 887 1153 953 consilii
1171 908 1242 953 con·

153 983 249 1056 stant,
268 1000 293 1042 e.
314 1000 344 1061 g.
367 981 426 1042 “ad
448 980 647 1056 arbitrium,''
670 982 716 1043 vel
737 983 814 1061 “pro
835 982 1071 1063 opportunitate
1095 981 1242 1046 Sacerdo-

152 1072 214 1135 tis’'
241 1073 281 1136 ad
308 1073 464 1137 orationes
490 1074 637 1137 dicendas
664 1079 736 1137 ante
764 1075 893 1137 Missam
926 1074 1117 1155 (generatim
1145 1075 1241 1138 Rubr.

152 1166 289 1229 Missalis
306 1167 343 1229 de
359 1167 488 1247 agendis
504 1172 591 1230 extra
609 1169 737 1230 Missam
755 1169 957 1248 probabiliter
972 1173 1049 1230 sunt
1064 1169 1242 1245 directivae,

151 1261 214 1323 nisi
231 1260 359 1325 aliunde
375 1264 496 1324 constet
511 1262 549 1323 de
567 1266 730 1342 praecepto
739 1282 748 1336 ;
766 1261 861 1323 Rubr.
880 1263 918 1325 de
935 1262 1109 1325 defectibus
1127 1262 1242 1327 Missae

152 1359 228 1417 sunt
259 1355 512 1435 praeceptivae);
547 1374 624 1434 quae
658 1356 691 1417 in
725 1355 886 1420 Breviario
920 1360 1106 1418 statuuntur
1140 1356 1241 1437 quoad

152 1448 288 1512 officium
313 1448 535 1512 detunctorum
567 1450 647 1527 (exc.
676 1452 693 1508 2
722 1449 841 1528 Nov.);
867 1469 988 1513 necnon
1015 1450 1115 1529 quoad
1141 1469 1241 1511 caere·

151 1542 272 1603 monias
284 1561 341 1622 pro
353 1541 462 1616 officio,
475 1543 600 1621 quando
612 1542 760 1622 privatim
774 1562 828 1604 seu
841 1547 930 1606 extra
941 1544 1070 1605 chorum
1082 1544 1156 1622 (etsi
1170 1562 1243 1603 cum

151 1634 259 1714 sociis)
279 1636 428 1697 recitetur
437 1656 445 1711 ;
459 1635 561 1716 quoad
576 1635 681 1698 fideles
696 1637 749 1715 qui
765 1636 879 1698 Missae
896 1636 1056 1700 Sacrificio
1070 1637 1116 1699 vel
1134 1637 1241 1698 Sacra-

150 1732 330 1793 mentorum
345 1728 615 1814 administrationi
630 1733 687 1791 etc.
704 1730 865 1792 assistunt.

192 1826 221 1883 4.
245 1821 375 1885 Praeter
388 1822 443 1884 has
457 1827 489 1884 et
501 1842 615 1903 paucas
628 1822 706 1884 alias
721 1823 873 1887 Rubricae
888 1843 994 1885 omnes
1009 1828 1082 1885 sunt
1097 1844 1240 1904 proecep-

152 1918 232 1980 tivoe
248 1936 303 1978 seu
318 1915 400 1996 leges
418 1916 583 1996 liturgicae
600 1917 632 1977 in
650 1917 840 1978 conscientia
858 1916 1040 1996 obligantes.
1086 1916 1241 1979 Probatur

150 2011 336 2090 praesertim
359 2030 397 2072 ex
423 2009 563 2072 Concilio
589 2010 778 2073 Tridentino
802 2015 835 2073 et
859 2009 1121 2073 declarationibus
1149 2011 1239 2072 Sum-

150 2123 275 2166 morum
293 2102 495 2167 Pontificum.

192 2197 250 2259 “Si
264 2197 334 2278 quis
348 2197 474 2272 dixerit,
490 2202 628 2277 receptos
642 2201 674 2261 et
688 2197 874 2278 approbatos
889 2195 1045 2260 Ecclesiae
1061 2197 1240 2260 Catholicae

150 2291 241 2366 ritus,
255 2292 289 2352 in
301 2289 433 2353 solemni
446 2294 712 2353 sacramentorum
726 2291 999 2354 administratione
1013 2291 1153 2353 adhiberi
1168 2310 1239 2353 con-

150 2389 264 2459 suetos,
284 2390 340 2447 aut
359 2386 528 2460 contemni,
548 2389 604 2446 aut
624 2384 691 2448 sine
712 2390 837 2464 peccato
857 2406 875 2446 a
896 2385 1050 2447 ministris
1072 2404 1128 2464 pro
1149 2384 1239 2446 libito

149 2478 266 2553 omitti,
280 2484 336 2541 aut
350 2479 384 2540 in
396 2498 491 2542 novos
504 2478 581 2540 alios
595 2497 651 2558 per
664 2497 889 2558 quemcumque
906 2479 1116 2541 Ecclesiarum
1132 2479 1239 2541 Pasto-

150 2592 215 2634 rem
234 2571 270 2652 [i.
284 2592 309 2635 e.
325 2570 531 2652 Episcopum]
549 2573 666 2633 mutari
680 2592 785 2652 posse;
798 2573 963 2633 anatliema
977 2571 1062 2634 sit.''⁴
1090 2572 1240 2634 Summus

150 2665 300 2729 Pontifex
314 2665 502 2728 Benedictus
516 2663 614 2727 XIII.
630 2665 785 2728 declarat:
799 2664 1019 2740 “MandamuS,
1032 2671 1068 2728 ut
1082 2667 1115 2726 in
1131 2666 1238 2727 Sacra-

148 2764 329 2822 mentorum
351 2758 635 2835 administratione,
657 2759 692 2820 in
715 2758 820 2821 Missis
842 2764 874 2822 et
895 2760 1011 2821 divinis
1033 2759 1140 2821 officiis
1162 2758 1238 2820 cele-

149 2852 288 2927 brandis,
311 2852 442 2933 aliisque
464 2852 681 2916 ecclesiasticis
707 2852 924 2915 functionibus
947 2853 1108 2926 obeundis,
1139 2900 1145 2913 .
1182 2900 1188 2912 .
1226 2900 1233 2912 .

149 2947 265 3028 recepti
282 2951 313 3010 et
329 2947 493 3026 approbati
511 2945 667 3010 Ecclesiae
683 2945 852 3010 catholicae
869 2948 959 3020 ritus,
976 2947 1029 3026 qui
1048 2947 1080 3006 in
1097 2944 1239 3008 minimis

149 3041 255 3115 etiam,
274 3040 341 3102 sine
360 3045 495 3120 peccato,
514 3040 644 3120 negligi,
663 3040 769 3104 omitti
789 3040 835 3103 vel
856 3040 973 3101 mutari
995 3039 1077 3101 haud
1098 3043 1239 3119 possunt,

149 3134 300 3215 peculiari
324 3133 429 3197 studio
451 3153 486 3195 ac
508 3133 675 3214 diligentia
698 3139 869 3196 serventur.
915 3133 1124 3207 Quamobrem
1148 3132 1239 3212 Epis·

148 3229 234 3309 copis
254 3227 397 3290 districte
418 3228 637 3307 praecipimus,
658 3231 695 3288 ut
714 3227 872 3289 contraria
891 3227 1007 3301 omnia,
1027 3246 1104 3306 quas
1125 3226 1159 3287 in
1180 3225 1239 3287 Ec-

149 3322 252 3385 clesiis
269 3342 324 3384 sou
341 3320 550 3383 saecularibus
568 3341 622 3382 seu
641 3320 835 3400 regularibus
859 3320 915 3399 (iis
933 3320 1079 3400 exceptis,
1097 3321 1151 3399 qui
1168 3338 1239 3399 pro·

149 3416 229 3496 prio,
247 3414 295 3477 vel
313 3414 444 3490 Rituali,
461 3414 508 3475 vel
527 3413 659 3489 Missali,
676 3414 722 3476 vel
742 3414 902 3475 Breviario
919 3419 1055 3475 utuntur
1072 3435 1089 3475 a
1109 3414 1140 3475 S.
1160 3412 1240 3476 Sede

150 3509 312 3590 probato),
334 3511 442 3571 contra
465 3507 615 3569 Rubricae
638 3507 785 3579 Missalis,
809 3507 962 3569 Breviarii
985 3512 1017 3569 et
1039 3505 1176 3569 Ritualis
1197 3506 1239 3567 ir·

150 3604 281 3683 repsisse
311 3601 530 3681 compererint,
560 3599 757 3663 detestabiles
788 3606 938 3680 tanquam
968 3601 1082 3662 abusus
1112 3604 1144 3663 et
1174 3619 1239 3663 cor-

150 3694 289 3777 ruptelas
306 3695 492 3776 prohibeant
510 3698 541 3758 et
559 3694 687 3758 omnino
706 3693 853 3756 studeant
872 3692 1083 3756 rernovere.''⁶

193 3790 278 3865 Quae
301 3788 392 3852 verba
417 3789 545 3852 omnino
569 3788 674 3850 valent
698 3787 731 3847 in
757 3786 903 3849 America
927 3790 1088 3866 septentr,
1112 3786 1165 3848 ubi
1191 3791 1239 3850 tot

151 3883 366 3947 Conciliorum
390 3881 521 3944 Decreta
547 3900 672 3944 omnem
697 3881 795 3941 ritum
820 3885 851 3942 et
877 3880 1135 3943 consuetudinem
1161 3881 1238 3942 ritui

151 3978 291 4041 Romano
308 3976 498 4039 contrariam
517 3975 624 4037 stricte
643 3974 846 4036 interdicunt.

192 4133 220 4195 3.
246 4132 431 4212 specialiter
443 4128 542 4210 quoad
557 4127 708 4191 Rubricae
722 4128 859 4191 dlissolis
873 4128 905 4190 S.
922 4126 1000 4189 Pius
1020 4127 1059 4189 V.
1080 4126 1113 4187 in
1133 4125 1239 4186 Bulla“

151 4229 262 4307 cuique
277 4225 397 4286 Missali
413 4224 589 4304 praeposita
604 4222 732 4284 statuit:
748 4222 957 4284 “Mandantes
973 4227 1004 4284 et
1018 4221 1160 4283 districte
1175 4238 1239 4282 orn·

185 4370 197 4402 ⁴
216 4364 244 4414 C.
265 4362 340 4414 'l'rid
360 4378 423 4413 sesa.
443 4362 509 4412 Vll.
756 4365 768 4396 ⁰
789 4360 846 4420 Quo
861 4360 978 4422 primam
994 4362 1122 4421 tempora,
1139 4356 1240 4407 14Ju1.

187 4447 198 4477 ⁵
218 4440 317 4491 Bened.
341 4439 425 4490 XIII.
449 4440 518 4489 decr.
541 4438 568 4487 in
590 4439 668 4488 Cone.
724 4439 798 4488 1570.

150 4532 225 4583 prov.
246 4517 322 4569 Rom.
