2804 4890
333 680 387 736 DE
410 678 681 737 ORATIONIBUS
705 677 781 733 SEU
804 674 1031 733 COLLECTIS.
1188 661 1228 722 33

539 1003 730 1083 CAPUT
758 1003 820 1081 II.

314 1163 371 1217 nn
393 1161 601 1217 enarrans
624 1160 778 1216 russea
801 1159 1063 1216 mannasses

277 1467 326 1517 DE
362 1466 415 1517 PS.
451 1467 597 1529 JUDICA,
635 1466 818 1517 INTROITU
855 1467 903 1516 ET
939 1465 1086 1516 GLORIA.

181 1588 229 1649 la.
251 1587 305 1649 Ps.
322 1589 345 1650 J
348 1589 440 1650 adira
456 1587 617 1649 omittitur
634 1588 667 1648 in
688 1586 793 1649 Missis
810 1588 848 1649 de
867 1591 1005 1667 tempore
1023 1607 1040 1648 a
1059 1586 1226 1649 Dominica

138 1681 298 1743 Passionis
316 1701 413 1761 usque
431 1681 470 1742 ad
490 1680 626 1742 Coenam
646 1680 775 1743 Domini
796 1678 867 1742 incl.

180 1778 208 1837 2.
231 1774 389 1837 Iatroilus
408 1774 568 1836 omittitur
588 1775 621 1836 in
641 1773 738 1835 Missa
759 1773 885 1835 Sabbati
905 1774 1005 1836 saneti
1024 1778 1056 1835 et
1075 1773 1108 1836 in
1129 1772 1226 1835 Missa

137 1872 264 1932 cantata
290 1868 428 1948 Vigiliae
454 1868 651 1931 Pentecostes
676 1868 727 1929 cui
753 1867 1001 1947 praemittuntur
1029 1867 1225 1946 prophetiae.

138 1964 293 2044 Tempore
313 1962 453 2043 paschali
473 1963 507 2023 in
528 1961 672 2023 omnibus
694 1961 810 2036 Missis,
831 1981 908 2040 quae
929 1981 992 2022 non
1013 1965 1088 2023 sunt
1109 1960 1148 2022 de
1168 1960 1226 2023 Re·

137 2057 219 2137 quie,
236 2055 398 2119 adduntur
414 2055 477 2116 duo
493 2055 635 2134 Alleluja
651 2060 723 2117 ante
742 2054 886 2117 Versum.
931 2054 1101 2116 Omittitur
1121 2054 1227 2118 Gloria

138 2151 230 2211 Patri
242 2149 281 2211 ad
298 2149 471 2212 Introitum
491 2149 539 2227 (et
551 2151 707 2225 Lavabo),
721 2148 845 2229 quando
860 2148 910 2210 Ps.
925 2149 1043 2211 ludica
1056 2148 1225 2210 omittitur.

181 2246 208 2304 3.
234 2242 342 2305 Gloria
356 2262 409 2304 seu
425 2243 560 2321 hymnus
576 2243 735 2322 angelicus
751 2242 870 2303 dicitur
891 2242 940 2320 (in
959 2242 1055 2304 Missa
1071 2240 1227 2305 conformi

138 2338 269 2415 officio),
293 2335 418 2416 quando
443 2337 476 2397 in
502 2336 661 2397 Matutino
686 2336 789 2397 dictus
813 2340 860 2400 est
885 2336 1019 2415 hymnus
1046 2338 1088 2398 Te
1113 2335 1227 2408 Deam,

139 2436 357 2511 praeterquam
374 2431 430 2492 ter.
449 2430 487 2490 V.
505 2431 539 2491 in
555 2429 658 2492 Coena
675 2429 803 2490 Domini
819 2434 853 2491 et
871 2429 1005 2492 Sabbata
1022 2433 1146 2503 sanct03
1163 2428 1183 2489 i.
1201 2448 1226 2490 e.

140 2526 173 2587 in
199 2524 346 2587 omnibus
371 2524 461 2586 festis
493 2526 573 2601 (exc.
603 2523 633 2584 S.
662 2522 900 2598 Innocentium)
933 2526 964 2584 et
992 2522 1025 2583 in
1053 2522 1228 2585 Dominicis

140 2625 227 2681 extra
250 2618 431 2680 Adventum
455 2623 486 2680 et
509 2620 597 2680 extra
621 2622 785 2697 tempusa
810 2616 1046 2697 Septuagcsima
1069 2637 1165 2696 usque
1189 2616 1228 2678 ad

143 2712 270 2785 Pascha,
310 2730 431 2772 necnon
471 2712 504 2772 in
544 2709 689 2774 omnihus
731 2710 836 2772 Missis
876 2709 1038 2772 ferialibus
1079 2710 1229 2790 temporis

141 2805 303 2886 paschalis.

350 3102 400 3153 DE
428 3102 685 3153 ORATIONIBUS
713 3102 784 3153 SEU
812 3103 1021 3155 COLLECTIS.

185 3239 233 3301 20.
257 3240 423 3303 Orationes
449 3259 526 3319 quae
552 3240 719 3319 principali
748 3241 892 3307 Orationi
919 3242 1033 3304 Missae
1059 3242 1230 3317 adduntur,

140 3334 448 3397 commemorationes
460 3339 619 3396 vocantur.
652 3334 734 3396 Sunt
747 3340 801 3397 aut
816 3335 963 3414 speciales
975 3341 1031 3399 aut
1043 3357 1231 3400 communes.

140 3427 404 3490 Commemoratio
423 3426 574 3507 specialis,
593 3447 671 3507 quae
690 3429 815 3507 proprie
833 3430 1086 3491 commemoratio
1104 3428 1232 3506 dicitur,

141 3520 322 3601 plerumque
364 3518 583 3599 correspondet
625 3523 915 3584 commemorationi
957 3525 990 3584 in
1031 3524 1129 3587 officio
1177 3526 1233 3605 (ad

180 3643 322 3693 lMissale
343 3641 485 3704 dividitur,
506 3641 663 3706 praemissis
715 3643 804 3708 prium
828 3644 973 3694 Missarum
998 3646 1030 3696 de
1054 3646 1170 3697 Sanctis.
1203 3652 1234 3699 5ο

142 3719 393 3769 constitutionibus
418 3719 446 3768 S.
474 3719 514 3781 P.,
541 3718 664 3769 Decretis
715 3721 860 3771 Commune
877 3721 1038 3772 Sanctorum
1062 3723 1137 3784 (incl.
1156 3725 1236 3776 Dedi·

144 3796 172 3845 S.
202 3797 233 3847 R.
263 3796 300 3858 C.,
331 3795 509 3857 Kalendaria‚
539 3795 665 3845 Rubricis
716 3801 769 3846 cat.
797 3797 896 3859 Dect).
932 3800 963 3848 6ο
992 3799 1093 3850 Missae
1120 3802 1235 3854 votivae.

142 3880 194 3924 etc.
217 3873 357 3935 (similiter
373 3876 404 3921 ut
421 3872 615 3934 Breviarium,)
637 3872 663 3921 in
717 3875 747 3922 7⁰
765 3873 909 3924 Orationes
925 3875 1054 3926 diversae.
1088 3880 1118 3925 8⁰
1136 3878 1237 3930 Missae

146 3951 196 3999 has
226 3954 332 4014 partes:
369 3950 400 3999 1ο
433 3948 577 4013 Proprium
600 3949 664 3998 Mis·
717 3965 766 4015 pro
795 3951 942 4013 defunctis,
970 3965 997 4003 et.
1026 3953 1170 4005 Orationes
1198 3956 1236 4006 di·

145 4042 236 4077 aarum
258 4028 291 4080 de
311 4031 432 4092 tempore
452 4041 535 4090 usque
556 4028 591 4077 ad
613 4025 664 4076 Do·
717 4042 809 4079 versae
833 4043 883 4093 pro
907 4029 1054 4080 defunctis.
1097 4032 1127 4079 9ο
1154 4032 1237 4084 Bene·

146 4105 272 4155 minicam
287 4104 510 4156 Resurrectionis.
543 4106 576 4154 2ο
592 4104 665 4155 Ordo
717 4103 850 4155 dictiones
881 4107 981 4169 (aquae
1008 4107 1075 4168 etc.)
1106 4108 1236 4161 diversae.

144 4183 255 4233 Missae.
284 4182 315 4231 3⁰
345 4182 491 4248 Proprium
519 4182 665 4233 Missarum
720 4182 766 4230 10⁶
796 4182 955 4246 Appendix:
985 4184 1087 4234 Missae
1114 4199 1163 4250 pro
1190 4186 1237 4236 ali·

145 4261 181 4309 dc
204 4263 325 4324 tempore
350 4274 368 4309 a
391 4258 424 4310 D.
451 4259 667 4310 Resurrectionis
717 4258 816 4322 quibus
834 4257 906 4308 locis.

145 4336 280 4399 usquead
294 4335 449 4387 Adventum
464 4336 530 4386 axel.
555 4337 585 4384 4⁰
602 4336 666 4386 Pro·

180 4444 342 4488 Nora-Non
358 4444 436 4494 uitur
454 4445 497 4487 hoc
512 4445 590 4495 capite
606 4444 635 4486 de
650 4445 730 4489 Missis
746 4445 919 4489 Detunetorurn
936 4459 976 4490 aen
989 4447 1015 4488 de
1029 4446 1120 4495 seque.
1130 4463 1192 4500 quae
1207 4448 1238 4492 ob

144 4496 366 4545 accumulatum
375 4501 420 4539 ete.
429 4508 553 4551 nunquam
564 4501 694 4541 mumulus.
