2804 4890
341 677 395 732 DE
416 677 690 736 COMMUNIONE
712 680 833 735 INTRA
854 681 1017 736 illesam.
1166 672 1227 736 457

179 845 226 904 10.
249 842 391 905 “Deinde
411 843 538 906 elevatis
559 845 667 920 oculis,
686 843 865 921 extendam,
886 844 1019 920 clevans,
1040 848 1070 907 et
1090 846 1226 925 jungens

136 953 247 995 manus
270 941 424 1016 caputque
450 938 543 997 Cruci
568 935 744 998 inclinans’'
768 937 835 999 sine
858 937 979 998 Altaris
1001 936 1132 999 oseulo¹⁸
1156 934 1226 1008 “iis,

135 1027 188 1104 qui
213 1028 486 1090 communicarunt
510 1028 685 1091 benedicit’'
711 1030 861 1091 dicensz¹⁴

176 1118 358 1184 Benedictio
378 1120 439 1182 Dei
458 1121 682 1203 omrripoteatis
705 1121 885 1201 [conversus
904 1143 975 1185 vero
994 1123 1033 1184 ad
1054 1119 1221 1203 populum]

135 1212 241 1275 I’otris
259 1216 307 1289 -ὴ
328 1217 358 1276 et
374 1213 463 1285 Filii,
483 1219 511 1277 ct
529 1214 670 1296 Spiritus
687 1215 799 1287 sorceti,
818 1216 984 1276 descendat
1002 1235 1097 1295 super
1114 1235 1176 1285 vos,
1196 1218 1225 1276 et

136 1309 258 1367 rrtoaeat
274 1325 404 1387 setrrper.
443 1307 479 1368 ll.
501 1309 614 1370 florere.

177 1397 367 1461 Convertens
384 1419 415 1461 se
432 1400 471 1462 ad
488 1399 597 1462 Altare
615 1400 745 1481 replicat
760 1403 919 1482 corporale
936 1402 1086 1483 ponitque
1103 1402 1137 1462 in
1153 1400 1224 1461 bur·

133 1510 174 1551 sa.
219 1490 340 1553 Deinde
362 1491 494 1554 discedit
516 1492 624 1556 eodem
646 1493 738 1555 modo
761 1513 822 1573 quo
844 1498 980 1557 venerat.

176 1588 223 1645 11.
247 1584 334 1646 llaec
354 1584 528 1647 benedictio
548 1594 618 1666 post
638 1585 895 1648 distributionem
916 1586 1155 1648 Communionis
1174 1606 1224 1649 ex-

133 1683 182 1737 tra
207 1676 336 1738 Missam
360 1697 480 1758 semper
505 1678 609 1741 denda
633 1684 690 1753 est,
715 1678 773 1740 etsi
800 1678 1042 1740 Sanctissimum
1067 1679 1109 1739 sit
1133 1696 1224 1757 expo-

132 1770 239 1844 situm,
260 1769 352 1831 unico
372 1778 500 1850 excepto
519 1790 601 1846 casu,
620 1770 745 1850 quando
766 1770 861 1832 datur
881 1770 1061 1832 immediate
1082 1775 1155 1831 ante
1176 1767 1223 1831 vel

132 1865 201 1940 post
218 1862 348 1923 Missam
363 1862 623 1925 defunctorun1.¹⁶
853 1924 860 1937 .

174 1957 221 2013 12.
247 1954 281 2014 Si
300 1954 488 2017 Communio
503 1955 721 2019 distribuenda
739 1957 781 2020 sit
799 1956 979 2020 immediate
997 1962 1069 2020 ante
1087 1956 1134 2017 vel
1152 1960 1223 2036 post

133 2047 261 2107 Missam
295 2047 448 2126 privatam
490 2050 569 2125 (nou
602 2067 674 2111 vero
708 2052 900 2127 cantatam),
935 2049 1016 2111 calix
1051 2049 1089 2110 ad
1125 2067 1221 2109 cornu

133 2138 295 2217 Evangelii
314 2146 344 2199 et
364 2139 454 2200 bursa
474 2140 506 2198 in
526 2139 592 2202 loro
610 2138 703 2203 solito
720 2139 907 2215 collocatur;
926 2141 1046 2221 reliqua
1063 2146 1100 2204 ut
1119 2159 1221 2219 supra.

174 2234 221 2292 13.
246 2231 432 2291 Comumnio
457 2231 605 2292 distribui
630 2235 733 2311 potest
756 2234 915 2312 “tempore
940 2253 1000 2312 quo
1026 2234 1057 2295 in
1084 2233 1222 2293 Ecclesia

133 2324 244 2384 Missae
266 2322 471 2398 celebrantur,
495 2327 540 2386 vel
563 2323 603 2384 ad
625 2325 760 2385 sormam
782 2325 933 2386 Rubrieae
956 2326 1003 2387 vel
1025 2325 1065 2387 ad
1087 2325 1222 2387 sormam

131 2415 247 2476 indulti
273 2415 373 2478 eidem
399 2414 553 2478 Ecclesiae
578 2414 762 2478 concessi''¹⁶
788 2417 884 2478 etiam
908 2422 981 2479 ante
1005 2437 1149 2479 auroram
1174 2416 1221 2478 vel

130 2514 199 2588 post
217 2507 391 2582 meridiem,
410 2508 473 2572 imo
492 2509 568 2570 “sub
585 2506 730 2588 vesperis,
749 2509 770 2572 i.
789 2530 814 2572 e.
834 2510 866 2570 in
886 2514 1024 2572 extrema
1042 2509 1105 2570 diei
1122 2511 1221 2589 parte,

129 2602 154 2661 si
169 2600 294 2663 accedat
310 2600 415 2680 aliqua
430 2599 573 2681 specialis
589 2598 739 2664 causa.''¹⁷
767 2602 867 2665 Nocte
885 2601 1073 2664 Natiuitatis
1091 2601 1220 2663 Domini

129 2694 316 2756 Communia
340 2693 487 2755 distribui
511 2694 631 2773 nequit,
653 2693 715 2756 nisi
739 2693 948 2773 inreligiosis
972 2692 1128 2757 institutis
1151 2696 1220 2767 cta,

127 2787 163 2849 de
184 2787 295 2867 quibus
314 2807 408 2867 supra
426 2807 457 2848 n.
481 2790 528 2847 17.
548 2785 620 2849 adn.
642 2789 670 2847 3.
692 2786 761 2865 huj.
783 2786 978 2867 Compendii.

172 2884 220 2941 14.
244 2878 376 2954 Quando
409 2878 559 2942 Sacerdos
591 2878 772 2940 immediate
794 2877 878 2941 'ante
910 2879 955 2941 vel
986 2883 1056 2960 post
1089 2875 1219 2940 Missam

127 2974 221 3035 sacris
248 2972 440 3053 paramentis
468 2970 608 3047 indutus,
636 2971 683 3033 vel
711 2972 839 3035 omnino
866 2976 953 3035 extra
981 2973 1120 3047 Missam,
1147 2993 1218 3034 cum

127 3065 348 3145 superpelliceo
365 3071 396 3126 et
412 3063 492 3126 stola
508 3084 627 3126 sacram
646 3065 906 3127 Communionem
923 3064 1086 3129 distribuit
1108 3064 1213 3146 [eolis]

129 3157 328 3229 llorrialibus
357 3176 434 3236 quae
461 3157 576 3218 habent
605 3156 745 3218 chorum
772 3162 854 3219 retro
882 3161 952 3238 post
981 3157 1100 3234 Altare,
1128 3157 1218 3219 debet

127 3255 195 3329 post
220 3248 386 3310 recitatum
411 3247 570 3325 Confiteor
592 3248 745 3328 deponere
771 3247 932 3311 (liborium
957 3250 997 3311 ad
1023 3250 1217 3313 fenestellam

127 3339 233 3414 Clausi,
250 3344 281 3402 et
299 3339 341 3399 ibi
358 3339 396 3401 ad
415 3339 566 3400 Monialcs
583 3359 748 3400 conversus
766 3341 867 3401 dicere
884 3341 1074 3403 Misereotur
1089 3343 1175 3405 ete.¹⁸

563 3523 676 3593 ΛΒΤ.
703 3523 768 3594 IV.

143 3676 190 3721 DE
215 3672 358 3723 ORDINE
383 3671 691 3797 ADMINIS'I'RsslIb'SlgI
717 3671 743 3797 t}
768 3671 1057 3723 COMMUNIONEM
1080 3673 1199 3724 INTRA

684 3749 747 3798 At.

166 3863 235 3926 286.
259 3863 469 3924 “Communia
485 3860 593 3943 populi
612 3861 694 3922 intra
712 3861 841 3921 Missam
857 3861 966 3923 statim
982 3865 1053 3941 post
1069 3860 1215 3923 Commu-

126 3961 250 4019 nionem
276 3955 452 4018 Sacerdotis
476 3953 661 4016 celebrantis
685 3952 752 4015 fieri
776 3951 910 4015 debet.'’¹
956 3951 1093 4016 Calicem
1118 3953 1216 4033 igitur

125 4050 207 4128 palla
226 4050 305 4129 tegit
321 4057 352 4111 et
372 4045 536 4128 paululum
555 4045 592 4106 ad
613 4064 709 4106 cornu
728 4045 890 4124 Evangelii
911 4051 1056 4110 removet.
1095 4045 1215 4109 Deinde

156 4202 224 4253 so.
243 4203 318 4253 2704.
339 4203 363 4252 e.
733 4199 801 4250 ao.
819 4202 843 4250 e.
861 4201 926 4251 res.
945 4202 1020 4264 rare,
1038 4217 1063 4253 n.
1081 4202 1157 4252 sies.
1177 4205 1217 4254 14.

154 4286 179 4319 ¹⁴
192 4279 260 4330 Nov.
279 4280 390 4331 Rituale
408 4277 457 4330 IV.
475 4278 500 4330 8.
697 4275 755 4326 Cfr.
772 4275 804 4326 D.
821 4277 897 4327 3800.

158 4355 225 4404 ¹⁵D.
241 4355 273 4401 30
290 4355 359 4418 Avrg.
377 4354 452 4407 1892,
467 4368 491 4402 n.
507 4352 583 4401 3792.
600 4352 641 4401 10.
729 4353 860 4404 1Rituale
883 4354 1047 4406 Rauranum:
1073 4355 1146 4407 Ordo
1168 4359 1214 4409 ad·

160 4431 226 4480 ¹⁰1).
256 4431 332 4480 2572.
362 4430 403 4479 23.
697 4427 762 4477 miri
831 4426 847 4440 “
874 4427 1101 4480 “ommunionem

155 4508 216 4557 iss,
236 4508 296 4571 Lig.
316 4506 365 4555 VI.
390 4506 452 4565 (V.)
474 4505 534 4555 252.
