2804 4890
194 679 252 745 172
534 693 588 749 ΒΕ
610 695 731 752 MISSA
754 699 942 757 SOLEMNI.

191 871 272 944 tum,
288 867 473 950 genuflexus
490 869 524 932 in
541 871 740 936 extremitate
758 875 960 955 suppedanei,
978 877 1180 943 mediocriter
1198 878 1285 943 inoli-

192 980 271 1023 nans
286 966 359 1024 ante
373 969 405 1026 et
419 964 499 1043 post.
525 961 577 1026 Ad
593 964 799 1028 Offertorium
814 987 884 1032 vero
900 969 989 1050 prius
1004 970 1108 1034 oblata
1124 973 1284 1035 thurificat

194 1052 380 1116 Incensatur
400 1073 418 1116 a
439 1053 579 1118 Diacono
598 1061 686 1120 extra
706 1058 953 1139 suppedaneum,
973 1061 1008 1123 in
1026 1061 1129 1142 gradu
1150 1062 1285 1125 seeundo

192 1146 240 1208 vel
262 1147 296 1207 in
319 1147 425 1228 plano,
450 1150 530 1212 faeie
553 1150 594 1212 ad
619 1151 772 1231 populum
798 1173 894 1217 versa.
953 1153 1043 1228 Quod
1066 1154 1173 1236 ipsum
1196 1155 1284 1231 facit,

192 1261 290 1321 quum
319 1261 431 1304 manus
459 1242 552 1305 lavat.
603 1243 772 1309 Descendit
800 1246 846 1308 ita
874 1253 910 1310 ut
938 1250 1063 1328 tergum
1090 1269 1156 1311 non
1185 1252 1286 1312 vertat

192 1355 297 1397 versus
319 1335 375 1398 SS.
398 1335 645 1399 Sacramentum.

236 1433 263 1491 5.
289 1429 391 1491 Sessio
407 1431 582 1494 inscamno
598 1432 666 1493 fieri
682 1436 795 1513 potest,
812 1433 865 1494 sed
881 1435 983 1514 capite
1000 1438 1116 1515 aperto.

234 1523 285 1584 Ad
300 1524 469 1588 Benedicat
487 1544 549 1596 vos,
565 1529 622 1586 eto.
640 1525 706 1589 loco
723 1526 938 1588 inclinationis
953 1527 1148 1607 genuflectit,
1164 1533 1196 1592 et
1211 1528 1285 1590 data

193 1617 407 1680 benedictione
430 1639 486 1680 nec
508 1617 661 1679 circulum
684 1619 807 1698 perficit
828 1640 885 1682 nee
906 1620 1157 1700 genuflexionem
1180 1623 1285 1695 iterat,

193 1711 246 1774 sed
262 1712 370 1773 statim
387 1713 581 1774 convertitur
595 1711 635 1774 ad
650 1712 734 1774 latus
751 1713 915 1793 Evangelii
924 1734 933 1789 3
950 1735 1012 1776 non
1029 1715 1134 1793 signat
1150 1715 1284 1787 Altare‚⁴

193 1805 246 1866 sed
265 1804 310 1866 vel
329 1805 455 1880 librum,
474 1805 520 1866 vel
538 1806 695 1881 tabellam,
714 1806 759 1869 rel
778 1807 915 1885 seipsum
932 1808 1042 1869 solum.

236 1900 286 1960 Ad
307 1901 440 1962 Verbum
462 1921 531 1962 euro
548 1902 573 1979 f.
590 1901 774 1980 genuflectit
792 1922 896 1963 versus
917 1903 974 1963 SS.
994 1904 1243 1965 Sacramentum.

237 1996 264 2055 6.
289 1992 428 2054 Officium
447 1991 580 2052 Diaroni
600 1995 632 2055 et
651 1991 851 2054 Subdiaeoni.
894 1993 1093 2056 observanda
1113 1999 1188 2056 sunt
1208 2013 1287 2074 quae

194 2087 233 2148 de
248 2087 506 2149 inclinationibus
522 2092 553 2149 et
567 2085 837 2166 genuflexionibus
853 2106 948 2167 supra
963 2106 1020 2167 pro
1036 2086 1220 2152 Celebrante
1235 2108 1285 2150 no.

196 2184 213 2242 2
227 2184 347 2244 statuta
358 2185 442 2243 sunt.

237 2276 402 2337 Praeterea
416 2294 439 2336 s.
455 2273 597 2336 Ministri
610 2274 837 2354 genuflectunt,
851 2274 1034 2355 priusquam
1048 2273 1219 2337 ascendant
1232 2271 1287 2336 Al-

198 2374 264 2432 tare
280 2375 349 2449 post
366 2369 592 2431 intonationem
614 2368 729 2440 (llario,
748 2368 847 2430 Credo
863 2372 895 2429 et
912 2368 951 2430 ad
969 2368 1114 2431 Sanetus.

239 2464 355 2526 Omnes
379 2463 566 2525 reverentias
589 2462 627 2522 ad
652 2462 782 2521 chorum
806 2465 863 2522 ote.
887 2462 1058 2535 omittunt:
1082 2462 1188 2541 excipe
1214 2460 1287 2522 Dia-

195 2578 309 2619 conum
345 2557 557 2620 ineensantem
592 2555 740 2629 chorum3
775 2553 829 2615 illa
863 2555 948 2615 enirn
984 2554 1156 2616 reverentia
1189 2554 1287 2616 veluti

196 2651 343 2714 invitatio
363 2651 402 2711 ud
424 2649 669 2711 incensationem
690 2648 900 2710 existimanda
920 2651 975 2711 est.

238 2749 265 2808 i.
289 2744 491 2805 Onrittuntur
503 2743 617 2805 oscula.
655 2742 770 2822 ltxoipe
785 2741 1017 2802 Subdiaeonum
1031 2746 1101 2820 post
1113 2738 1289 2820 Epistolam

197 2843 365 2912 cantatam,
396 2840 428 2900 et
456 2836 643 2908 Diaconum,
673 2835 797 2915 (pianda
827 2835 907 2915 petit
936 2833 1184 2896 benedictionem
1215 2838 1289 2894 ante

197 2931 415 3011 Evangelium,
435 2936 466 2993 et
484 2928 608 3010 quando
629 2929 807 2991 (lelelrranti
827 2927 926 2989 tradit
944 2932 1091 3007 patenam
1109 2930 1142 2989 et
1161 2926 1289 2989 calicem

197 3026 237 3089 azl
264 3025 479 3099 Oliartorium,
504 3029 536 3085 et
560 3027 706 3102 patenam
731 3026 801 3101 post
826 3022 922 3083 Pater
946 3024 1060 3084 noster.
1106 3019 1157 3080 Ad
1182 3038 1290 3081 omnes

198 3119 424 3181 in‹·ensati0nes
444 3116 660 3197 genuflectunt
681 3116 775 3176 simul
797 3135 868 3175 aum
889 3114 1080 3176 Celebrante.

240 3213 398 3275 Diaconos
421 3214 528 3273 cantat
551 3211 600 3272 lte
624 3209 720 3271 Missa
746 3213 790 3269 est
814 3229 845 3270 se
868 3214 1050 3269 aorn'ertens
1072 3205 1111 3267 ad
1135 3205 1289 3286 populum

200 3308 307 3370 eodem
330 3305 422 3367 modo
444 3326 479 3367 ae
504 3304 679 3366 Celebrans.

240 3407 268 3462 8.
291 3398 442 3475 Aoolythi
470 3399 501 3459 in
529 3418 650 3460 accessu
679 3402 847 3475 atrumque
872 3415 953 3471 gerru
983 3391 1125 3468 flectunt,
1150 3395 1183 3455 et
1209 3391 1290 3454 sarie

199 3517 285 3558 versa
313 3494 350 3555 ad
381 3494 489 3555 Altare
520 3493 705 3553 minsistnnt.
760 3490 891 3563 Quando
922 3487 1076 3566 ampullas
1107 3485 1153 3549 vel
1186 3485 1289 3546 velum

198 3591 303 3652 <alitis
321 3589 360 3650 ad
380 3588 489 3650 Altam
507 3587 655 3651 atiaruut,
673 3589 838 3661 antequam
859 3581 1040 3654 amormuni,
1059 3580 1189 3640 unicum
1207 3598 1290 3658 genu

200 3684 342 3755 fluitant,
377 3687 408 3743 et
445 3683 607 3760 postquam
646 3676 840 3737 ilasaamlunt
878 3677 992 3736 iterant
1029 3670 1290 3752 genuflexionem.

200 3779 363 3839 Ornittunt
379 3796 485 3838 omnes
502 3773 689 3834 reverentias
705 3769 742 3829 ml
761 3771 888 3828 alioruin
906 3773 963 3829 eta.

245 3867 483 3933 'thuriferarius
502 3866 622 3927 easdem
646 3862 768 3937 regulas
788 3881 863 3940 qum
884 3860 1017 3938 acolythi
1039 3860 1188 3921 observat.

244 3965 359 4026 Corra-io
373 3964 398 4023 si
414 3961 573 4031 trahentur,
587 3958 689 4035 eapite
703 3961 811 4034 aperto
826 3955 890 4028 liat,
904 3955 962 4014 etsi
979 3953 1036 4015 SS.
1054 3953 1293 4014 Sacramentum

201 4061 269 4122 velo
286 4059 384 4121 serino
402 4053 570 4117 obductum
591 4051 655 4111 sit.⁶

236 4248 379 4299 ⁴“Ratio
399 4245 482 4307 hujus
503 4242 656 4293 omissionis
677 4240 721 4290 da-
776 4251 841 4288 nare
875 4237 980 4299 Altare,
1012 4235 1082 4299 quod
1114 4237 1156 4285 est
1186 4231 1293 4296 symbo-

201 4333 256 4392 tur,
277 4327 341 4392 quia
362 4326 503 4389 praesente
525 4334 604 4384 super
626 4318 721 4367 Altera
774 4313 867 4364 lam.”
906 4313 966 4363 Van
988 4313 1036 4363 der
1057 4310 1189 4376 Stappen,
1209 4309 1296 4360 Sacra

203 4406 250 4456 SS.
275 4405 460 4457 Saeramanto‚
484 4398 554 4462 quod
579 4401 618 4447 est
645 4395 721 4445 reali·
775 4391 828 4440 Lit.
851 4390 907 4439 ΙΙΙ.
929 4405 991 4454 pag.
1014 4391 1072 4438 416.

204 4489 256 4548 tas,
277 4479 427 4533 consultius
447 4476 555 4527 videtur
575 4474 648 4525 hauet
669 4472 722 4536 aig·
809 4474 820 4505 t
840 4468 872 4518 D.
893 4468 969 4517 2769.
989 4467 1013 4518 2.
