2804 4890
177 692 238 754 330
515 697 568 751 DE
590 695 760 752 SABBATO
780 695 938 751 SANCTO.

224 872 483 936 “Thuriierarius
505 871 620 933 habens
643 892 662 933 a
684 871 802 932 dextris
825 869 973 932 clericum
996 891 1068 932 euin
1089 871 1206 951 grauis.

224 966 386 1029 “Clericus
417 985 489 1027 cum
522 963 621 1026 Cruce
652 963 768 1026 habens
799 984 817 1024 a
848 964 985 1026 sinistris
1018 963 1164 1025 elerieum
1196 983 1270 1024 eum

181 1060 344 1123 arundine.

224 1153 412 1217 “celebrans
428 1175 500 1216 eum
517 1150 669 1214 Missali.’'

224 1251 252 1309 3.
276 1247 347 1309 “Ad
367 1247 459 1327 legile
478 1248 511 1307 in
531 1246 624 1327 plano
644 1245 807 1326 Evangelii
826 1246 869 1309 sie
888 1266 920 1307 se
939 1245 1112 1325 disponunt
1131 1249 1214 1306 reeta
1233 1243 1270 1305 li·

181 1360 250 1417 nea,
267 1344 299 1403 et
317 1344 470 1403 vertentes
488 1340 601 1402 faeiem
618 1341 699 1401 sicut
717 1337 914 1412 Celebrons,’'
932 1358 1043 1418 nempe
1062 1358 1166 1400 versus
1184 1338 1271 1417 aqui-

181 1433 286 1498 lonem
301 1438 394 1514 prout
408 1433 443 1493 fit
458 1433 496 1494 ad
511 1439 639 1494 cantum
655 1431 818 1510 Evangelii
833 1432 894 1492 nisi
910 1436 1054 1492 cantetur
1068 1432 1100 1492 in
1115 1431 1270 1492 ambone.¹

183 1617 227 1681 (0)
251 1617 360 1669 Thuris.
406 1615 430 1693 [l
486 1619 536 1697 (a)
565 1617 753 1680 “Celebrans
766 1617 857 1697 ponit
871 1617 997 1679 Missale
1011 1637 1105 1696 super
1119 1615 1249 1696 legile;'’

185 1723 232 1788 (b)
247 1723 349 1776 Crucis.

183 1801 240 1868 [vel
250 1802 362 1868 Subur]

185 1909 232 1975 (a)
246 1909 349 1962 celebr.
624 1877 664 1936 tis
673 1875 703 1951 3„

183 1987 356 2055 [V01Di⁸⁰·²]
485 2011 534 2090 (c)
562 2011 822 2072 “Thuriierarius
838 2032 855 2072 a
871 2011 990 2073 dextris
1006 2010 1178 2090 supradicti
1188 2007 1218 2084 ;”

184 2153 232 2219 (α)
247 2155 351 2208 Arund.
404 2148 429 2232 [Ι
485 2149 539 2229 (d)
567 2148 728 2211 “Clericus
742 2170 812 2210 cum
827 2150 1012 2211 arundinea
1027 2149 1163 2210 sinistris
1173 2146 1201 2223 ;”

406 1742 429 1822 Π
486 1754 536 1831 (b)
565 1753 811 1815 “Clericuscum
827 1751 1270 1815 CruceadextrisCelebran-

183 2338 227 2404 (ο)
240 2337 341 2391 (trena
404 2342 428 2421 Π
485 2284 534 2363 (θ)
562 2285 723 2346 “Clericus
741 2305 812 2346 eum
829 2285 935 2364 granis
952 2305 969 2345 a
987 2284 1123 2345 sinistris
1141 2281 1269 2343 arundi-

624 2401 705 2463 nis.'’

223 2594 252 2653 4.
275 2590 463 2655 “Celebrans
481 2591 643 2654 accedente
660 2590 865 2652 thuriferario
883 2591 1022 2651 incensat
1040 2589 1165 2651 Missale
1182 2608 1270 2668 aper-

182 2689 252 2747 tum
270 2704 363 2764 super
382 2683 473 2764 legite
491 2688 523 2747 et
542 2683 655 2762 incipit
674 2681 874 2762 praeconium
893 2683 1039 2745 decollet
1058 2689 1115 2743 ete.
1136 2682 1218 2743 clara
1238 2687 1270 2744 et

181 2776 277 2839 hilari
295 2797 375 2839 voce.
420 2777 470 2838 Ad
489 2777 596 2839 verba:
616 2776 732 2839 Carent
751 2775 892 2858 imperio,
911 2776 1016 2854 infigit
1034 2796 1132 2855 grana
1151 2775 1270 2838 incensi

180 2884 238 2948 hoe
253 2883 380 2948 ordine:
423 2867 464 2987 egla
511 2882 648 2959 Quartus
665 2883 795 2947 clericus
812 2885 941 2966 deponit
959 2885 992 2945 in
1010 2884 1168 2946 credentia
1185 2888 1270 2965 pate-

181 3013 259 3069 ram,
274 2993 328 3054 ubi
342 2998 432 3055 erant
447 3012 546 3073 gana
562 2994 690 3067 incensi,
706 2997 737 3056 ct
752 2993 867 3074 accipit
882 2995 1002 3073 virgam
1018 3015 1087 3055 eum
1105 2993 1269 3056 candelula

181 3086 400 3168 superinflexa‚
419 3094 449 3148 et
467 3087 550 3148 redit
567 3087 606 3149 ad
625 3086 795 3166 pristinum
816 3086 927 3149 locum.

223 3179 274 3241 Ad
296 3180 403 3242 verba:
424 3179 571 3242 Betilena
593 3181 675 3260 ipsis
696 3180 847 3253 accendit,
870 3181 1036 3242 Celebrans
1057 3202 1094 3244 ex
1114 3181 1270 3243 arundine

181 3293 303 3337 cereum
320 3273 470 3336 accendit.
515 3272 565 3335 Ad
583 3273 691 3335 verba:
708 3274 788 3356 Apis
807 3280 906 3336 orator
922 3276 1039 3347 ederit,
1057 3275 1198 3353 quiescit,
1216 3274 1270 3336 do·

181 3386 237 3429 nee
255 3372 384 3445 quartus
402 3366 531 3429 clericus
549 3388 586 3428 ex
604 3387 690 3430 cereo
707 3387 762 3447 per
779 3367 974 3428 candelulanr
995 3369 1027 3429 in
1046 3369 1132 3447 virga
1152 3368 1269 3447 lampa-

181 3461 252 3522 dem
280 3460 325 3522 vel
356 3461 512 3541 lampades
540 3460 718 3522 accendat.''
779 3460 905 3539 (Oratio
934 3481 989 3541 pro
1020 3462 1106 3523 Rom.
1138 3462 1270 3540 irnperio

181 3553 309 3634 Respice
328 3555 479 3634 usquead
500 3557 562 3616 Per
578 3555 717 3617 eumdem
739 3555 778 3615 l).
798 3554 971 3615 omittenda
990 3557 1062 3630 cst.)

224 3651 251 3708 5.
275 3648 404 3709 “Finito
428 3648 592 3729 praeconio
616 3646 782 3709 Celebrans
805 3647 925 3709 claudit
949 3648 1091 3708 Missale:
1116 3648 1269 3709 secundus

180 3740 311 3803 clericus
337 3740 442 3804 firmat
469 3741 656 3804 arundinem
684 3741 716 3800 in
744 3761 799 3800 sua
826 3741 890 3801 basi
918 3762 935 3802 a
962 3741 1058 3804 latere
1087 3742 1268 3821 Evangelii:

179 3835 293 3896 tertius
310 3835 440 3914 deponit
458 3834 597 3896 Crucem.
644 3833 905 3898 Praecedentibus
923 3833 1053 3902 clericis,
1074 3835 1154 3895 loeta
1172 3855 1268 3913 genu-

181 3927 312 3990 flexione
338 3927 452 4002 Alteri,
478 3928 647 3991 revertitur
671 3927 710 3988 ad
736 3926 930 3989 sacristiam’'
957 3928 1003 3988 vel
1030 3928 1068 3988 ad
1096 3948 1267 3990 scamnum.

180 4020 251 4082 “Ibi
270 4021 419 4101 depositis
438 4022 629 4101 paramentis
648 4020 726 4081 albis
744 4020 858 4101 accipit
877 4020 1086 4100 manipulum,
1106 4022 1217 4083 stolam
1237 4026 1268 4083 et

179 4113 338 4194 planetam
357 4114 468 4176 coloris
486 4113 644 4176 violacei.”

169 4298 172 4385 l
213 4302 225 4337 ²
244 4296 277 4347 D.
297 4297 338 4347 29.
357 4297 424 4347 Mai.
445 4298 520 4359 1900,
538 4311 564 4347 n.
584 4299 660 4349 4057.
785 4303 797 4337 ¹
816 4298 850 4347 In
864 4298 1006 4350 functione
1019 4301 1138 4352 solemni.
