2804 4890
179 643 242 706 336
518 651 573 705 DE
589 652 761 705 SABBATO
783 651 942 706 SANCTO.

184 831 267 889 sunt.
313 825 426 888 Postea
452 825 619 889 Celebrans
644 846 731 887 sacra
758 826 833 888 Olea
860 826 1004 889 infundit
1029 831 1087 893 etc.
1114 831 1152 892 ut
1177 847 1275 911 supra
1350 856 1354 862 ·

185 940 216 983 n.
239 922 266 981 ¹7.

227 1017 254 1073 6.
280 1013 388 1075 Finita
408 1012 621 1076 benedictione
640 1013 739 1076 fontis
759 1018 960 1077 revertuntur
977 1015 1017 1076 ad
1036 1013 1146 1080 Altara
1164 1014 1275 1077 eodem

183 1107 293 1170 ordine
311 1126 371 1186 quo
390 1110 545 1168 venerant.
591 1106 640 1167 Ibi
659 1127 764 1169 cereus
783 1106 816 1168 in
834 1127 890 1171 suo
907 1106 1102 1182 candelabro,
1120 1109 1273 1170 cerofera-

184 1201 304 1262 riorum
317 1200 503 1263 cuudelabra
516 1200 551 1261 in
564 1200 723 1263 credentia
737 1208 908 1280 ponuntur.
943 1198 1063 1275 Clerus,
1078 1202 1161 1263 tacta
1175 1220 1272 1281 gonu-

184 1294 315 1356 flcxione
331 1294 369 1356 ud
389 1294 521 1355 Crucem
538 1292 667 1370 Altaris,
684 1297 715 1355 et
730 1298 842 1355 mutua
858 1292 1072 1368 inclinatione,
1089 1294 1168 1373 petit
1184 1291 1273 1356 sodes

184 1407 272 1462 suus;
299 1387 466 1450 Celebrans
492 1387 530 1448 ad
558 1407 719 1448 scamnum
746 1387 875 1468 deponit
901 1386 1048 1467 pluviale,
1076 1408 1098 1448 s.
1128 1386 1270 1448 Ministri

183 1481 324 1560 planetas
344 1481 485 1560 plicatae,
505 1481 531 1541 si
551 1480 595 1543 eis
614 1483 755 1541 utantur.

227 1577 253 1635 7.
277 1573 362 1634 “Ubi
383 1593 446 1636 non
467 1576 513 1634 est
539 1572 593 1652 [de
614 1572 700 1652 jure]
727 1573 797 1637 sons
818 1573 1023 1653 baptismalis,
1046 1572 1137 1636 finita
1157 1572 1273 1635 ultima

184 1666 355 1747 Prophetia
372 1686 444 1727 cum
462 1686 518 1726 sua
536 1665 695 1742 Oratione,
716 1665 882 1728 Celebrans
900 1666 1038 1728 casulam
1061 1664 1108 1746 [et
1127 1666 1273 1746 manipu-

183 1759 266 1839 lum]
304 1759 444 1839 deponit,
476 1763 507 1820 et
540 1778 612 1819 cum
646 1758 801 1820 ministris
840 1757 1004 1839 [depositis
1035 1759 1207 1839 manipulis
1241 1763 1274 1822 et

182 1851 333 1933 planetis]
356 1857 429 1914 ante
448 1851 556 1913 Altare
574 1852 769 1931 procumbit:
787 1856 819 1914 et
836 1851 907 1917 aliis
924 1853 1069 1915 omnibus
1086 1851 1272 1934 genuflexis,

182 1948 351 2008 cantantur
378 1945 523 2008 Litaniae
551 1945 584 2006 in
612 1945 714 2007 medio
743 1944 838 2006 Chori
866 1966 884 2007 a
910 1946 1031 2010 duobus
1058 1944 1272 2009 cantoribus.''

183 2039 365 2103 Benedictio
380 2058 476 2118 aquae
490 2039 524 2099 in
540 2038 675 2100 Sabbato
691 2038 806 2101 Sancto
820 2040 887 2101 sine
901 2039 1060 2103 infusione
1075 2038 1144 2103 Olei
1160 2038 1270 2101 Sancti

184 2133 252 2196 fieri
271 2152 336 2195 non
356 2134 459 2213 potest
478 2133 513 2194 in
533 2131 681 2194 Ecclesiis
701 2151 765 2193 non
785 2131 971 2194 habentibus
992 2132 1124 2194 Fontem
1146 2131 1272 2212 Baptis-

181 2226 305 2289 malem.

610 2399 725 2469 ΛΒΤ.
747 2399 834 2469 VII.

338 2581 388 2631 DE
411 2581 584 2632 LITANIIS
607 2583 654 2630 ΕΤ
677 2582 791 2631 ulisse
814 2582 891 2631 CUM
915 2581 1104 2632 VESPERIS.

392 2753 429 2815 Δ.
457 2753 501 2813 De
518 2753 694 2815 Funotione
711 2753 827 2830 absque
844 2771 867 2813 s.
885 2753 1052 2815 Ministris.

222 2892 292 2956 210.
317 2895 479 2974 Complela
506 2894 720 2957 benedictione
747 2896 845 2956 fontis
872 2894 1059 2957 “Celebrans
1086 2895 1166 2957 redit
1194 2901 1268 2957 ante

181 2987 290 3050 Altarc
303 3008 374 3049 curn
387 2986 529 3049 clericis'’
541 2988 647 3051 eodem
662 2987 844 3067 ordineque
859 2993 1015 3050 venerant.
1050 2987 1186 3052 “Cereus
1200 2989 1268 3069 figi-

181 3085 234 3144 tur
276 3081 402 3161 proprio
444 3081 638 3157 candelabro,
680 3086 711 3142 et
755 3082 840 3142 Crux
882 3081 1050 3161 deponitur
1095 3081 1126 3142 in
1170 3101 1267 3143 cornu

181 3174 350 3255 Epistulae.
406 3174 571 3235 Celebrans
604 3179 690 3237 stans
724 3181 796 3237 ante
827 3174 935 3235 Altare
969 3174 1098 3254 deponit
1131 3174 1267 3254 pluviale

180 3267 336 3330 tantum.''

222 3364 250 3423 2.
274 3361 461 3425 “Celebrans
482 3361 675 3442 genuflexus,
698 3361 841 3422 omnibus
863 3360 1010 3424 similiter
1030 3360 1267 3441 genuflectenti·

179 3455 246 3530 bus,
271 3456 381 3518 recitat
407 3455 549 3517 Litanias
574 3475 610 3518 ex
637 3455 768 3526 Missali,
793 3454 894 3534 posito
919 3475 1011 3534 super
1036 3453 1167 3517 scabello
1192 3460 1265 3516 ante

180 3550 325 3629 seipsum.
372 3547 485 3621 Clerici
510 3548 698 3628 respondent
720 3552 750 3609 ct
774 3552 920 3626 repetunt
942 3550 1058 3621 omnia,
1081 3567 1158 3627 quae
1182 3547 1266 3608 Cele-

180 3642 272 3705 brans
289 3641 398 3704 dieitss’
443 3642 479 3704 E.
497 3662 526 3722 g.
547 3641 713 3703 Celebrans
736 3640 929 3720 lcunl‹›rcs]:
949 3644 1066 3704 tuanen
1082 3638 1195 3709 Mario,
1213 3663 1268 3704 oro

179 3757 235 3817 pro
258 3734 353 3797 trabis.
400 3735 513 3796 Clerici
539 3734 704 3814 [clroruslz
727 3737 842 3796 Subicio
863 3735 976 3806 Μανία,
998 3756 1051 3797 ora
1069 3756 1126 3815 pro
1147 3733 1246 3799 nobie.

222 3832 249 3889 3.
273 3829 343 3890 “Ad
368 3828 496 3890 verbum
518 3830 708 3895 Peccatores,
733 3829 857 3889 tollitur
880 3828 1010 3907 pallium
1034 3827 1204 3889 violaceum
1229 3827 1267 3890 ab

180 3923 300 3985 Allari:
317 3922 531 3984 accenduntur
546 3921 702 3995 candelae,
718 3928 749 3983 et
766 3942 836 3982 rasa
852 3920 965 3982 florum
983 3921 1066 3981 iuter
1082 3920 1267 3983 candelabra

174 4014 397 4096 apponuntur''
409 4021 439 4077 et
453 4016 612 4091 delegitur
625 4016 728 4091 imago
742 4013 909 4074 imminens
922 4012 1026 4075 Altari
1039 4019 1112 4076 ante
1126 4012 1267 4090 Missam,

180 4109 206 4169 si
224 4109 262 4170 ad
284 4110 390 4171 Gloria
409 4109 475 4170 ficri
495 4111 635 4186 nequeat.

223 4202 255 4263 Si
284 4208 425 4263 cantores
452 4201 635 4268 lmbeunlur.
664 4201 829 4260 t'clebrans
857 4200 997 4279 deposito
1025 4201 1165 4279 pluviali.
1194 4206 1266 4262 ante

181 4297 288 4358 Altero
328 4295 521 4374 procumbit:
562 4293 684 4372 (primulo
724 4300 869 4353 cuubdur
910 4295 1088 4354 leccatores·
1128 4300 1184 4353 etc.
1226 4293 1266 4354 ad

179 4389 352 4449 sacristiam
373 4387 512 4449 accedit.¹

562 4495 624 4543 itu·
647 4495 741 4551 ilenti,
765 4493 817 4542 111,
837 4494 877 4544 αῖ,
