2804 4890
150 646 212 713 586
329 659 416 717 ΑΡΡ.
440 656 482 716 11.
523 658 578 715 Du
601 659 859 716 PARAMENTIS
881 659 1061 718 ALTARIS.

562 1222 753 1304 CAPUT
784 1221 838 1312 V..

409 1407 468 1464 nu
493 1407 769 1466 nummarius
795 1407 987 1466 ussurus

612 1612 727 1683 ART.
750 1613 781 1685 Ι.

491 1795 543 1846 DE
565 1796 709 1847 MAPPIS
731 1797 901 1849 AL'I'ARIS.

192 1940 568 2022 300.MappaeA1taris
595 1946 669 2004 sunt
696 1941 752 2004 illa
778 1941 974 2019 linteamina,
999 1941 1112 2024 quibus
1138 1961 1248 2005 mensa

151 2034 272 2096 Altaris
290 2039 372 2098 tectu
391 2034 438 2096 vel
457 2034 598 2096 involuta
609 2034 750 2098 habetur.
782 2035 935 2098 Rubrieae
946 2035 1105 2115 generales
1117 2036 1245 2096 Missae¹

150 2127 189 2190 de
219 2127 263 2190 eis
294 2127 454 2209 loquentes
485 2129 647 2190 statuunt:
689 2128 829 2204 “Altera
858 2130 891 2190 in
922 2149 982 2209 quo
1013 2131 1245 2191 sacrosanctum

152 2220 266 2283 Missae
285 2219 473 2283 sacrificium
491 2219 710 2282 celebrandum
728 2226 784 2297 est,
802 2222 893 2285 debet
910 2242 973 2284 esse
992 2220 1152 2301 lapideum
1175 2269 1182 2283 .
1207 2268 1214 2283 .
1239 2269 1246 2283 .

151 2314 199 2375 vel
227 2312 338 2376 saltem
367 2334 420 2375 ara
450 2312 581 2392 lapidea.
611 2360 618 2373 .
652 2360 660 2375 .
694 2360 701 2375 .
728 2313 797 2375 Hoc
826 2315 925 2377 altare
954 2315 1114 2394 operiatur
1144 2315 1247 2375 tribus

152 2408 274 2486 mappis
302 2428 354 2467 seu
383 2406 511 2467 tobaleis
541 2405 668 2466 mundis
696 2406 734 2467 ab
765 2405 918 2485 Episcopo
948 2408 994 2468 uel
1024 2407 1085 2469 alio
1114 2407 1247 2466 habente

151 2503 336 2578 potestatem
361 2498 541 2574 benedictis
565 2499 718 2577 superiori
742 2497 852 2560 saltem
878 2498 1020 2578 oblonga,
1046 2519 1123 2578 quae
1148 2518 1247 2578 usque

152 2591 191 2652 ad
212 2597 328 2653 terram
349 2593 518 2670 pertingat,
539 2591 659 2651 duabus
679 2591 749 2652 aliis
768 2591 970 2668 brevioribus,
991 2592 1038 2654 vel
1058 2612 1122 2654 uua
1143 2591 1247 2671 dupli·

152 2683 251 2745 eata.’'

194 2781 221 2837 2.
247 2777 379 2856 Mappae
410 2778 466 2838 hae
495 2783 558 2838 tres
587 2778 755 2856 requisitae
784 2778 897 2840 debent
924 2797 989 2840 esse
1019 2777 1180 2840 coniectae
1209 2796 1248 2837 ex

151 2870 217 2932 lino
234 2874 289 2931 aut
305 2869 453 2944 cannabe,
470 2889 632 2948 nunquam
649 2890 686 2930 ex
703 2870 765 2931 alia
780 2871 922 2946 materia,
937 2871 995 2932 etsi
1013 2872 1055 2932 sit
1071 2869 1247 2950 pretiosior,

152 2963 245 3024 sicuti
264 2962 407 3022 sericum.
449 2962 540 3022 Ratio
557 2967 614 3036 est,
632 2962 780 3041 qnoniam
800 2963 932 3042 Mappae
951 2963 1065 3024 babent
1082 2962 1248 3041 mysticam

152 3054 309 3134 quandam
339 3054 610 3133 significationem.
664 3053 773 3116 Altare
800 3056 885 3116 euim
914 3060 1125 3135 repraesentat
1155 3053 1247 3116 Chri-

152 3151 247 3221 stum,
267 3147 399 3226 Mappae
418 3149 523 3207 autem
541 3146 708 3225 designaut
727 3148 864 3208 membra
883 3147 1001 3209 Christi
1020 3149 1162 3227 mystica,
1182 3149 1201 3209 i.
1221 3169 1248 3210 e.

152 3240 259 3303 fideles
278 3240 368 3317 juxta
390 3239 481 3301 rerba
504 3239 699 3299 Pontifiealis
720 3240 852 3302 Romani
880 3241 928 3317 (iu
952 3242 1015 3302 ritu
1038 3239 1249 3300 ordinationis

155 3332 361 3393 Subdiueoui:
391 3332 520 3392 “ultore
541 3330 667 3410 quidem
686 3337 810 3393 sanetae
832 3331 986 3393 lleelesiae
1007 3334 1071 3411 ipse
1090 3337 1136 3394 est
1157 3332 1248 3393 Chri-

153 3433 230 3498 stus,
255 3430 331 3486 teste.
355 3425 489 3491 Jourme,
513 3425 565 3502 qui
594 3425 624 3483 iu
649 3424 834 3502 npoouypsi
861 3445 916 3485 sua
940 3425 1037 3487 altare
1061 3445 1192 3486 aureum
1216 3447 1249 3487 se

153 3517 266 3578 tulisse
293 3517 444 3596 perbibet,
469 3519 554 3576 stans
581 3520 653 3578 unte
678 3515 838 3592 thronum,
866 3517 897 3577 in
924 3537 984 3596 qno
1009 3523 1038 3578 et
1064 3537 1120 3597 per
1144 3538 1250 3597 quem,

153 3611 323 3672 oblationes
354 3610 492 3670 liilelium
521 3609 586 3670 Deo
616 3610 704 3670 l'atri
732 3616 960 3671 eouseerantur.
1010 3610 1110 3688 Cujus
1138 3611 1250 3672 altaris

153 3702 253 3782 pallae
272 3709 301 3763 et
323 3701 494 3780 eorporalia
514 3709 584 3762 sunt
607 3703 744 3762 membro
765 3700 895 3770 Christi,
915 3702 1032 3764 seilicet
1053 3703 1158 3765 fideles
1179 3703 1249 3772 Dei,

152 3795 265 3875 quibus
294 3795 459 3865 Dominus,
487 3796 574 3874 qrrrrsi
605 3794 798 3856 vestimentis
828 3795 972 3874 pretiosis
1002 3795 1249 3857 eireumdatur.”

153 3888 287 3968 llappae
305 3889 400 3948 etiam
421 3888 601 3963 signilleaut
620 3887 675 3949 illa
695 3907 773 3966 pura
793 3893 823 3949 et
844 3887 945 3949 nitida
965 3885 1160 3955 linteamina,
1180 3889 1248 3967 qui·

152 3980 210 4044 bus
233 4001 345 4060 eorpus
366 3981 484 4040 Christi
508 3984 672 4061 postquam
696 3978 793 4042 fuerit
816 3986 971 4042 remotum
993 4001 1011 4044 a
1034 4001 1124 4042 eruee
1148 3981 1181 4040 in
1204 4002 1249 4041 se-

152 4072 284 4153 pulchro
306 4074 442 4153 positum
468 4072 642 4134 involutum
666 4075 721 4133 est.
764 4072 893 4147 Linum,
913 4094 931 4135 e
955 4092 1014 4152 quo
1036 4070 1250 4134 conficiuntur

152 4185 294 4246 mappae,
328 4172 398 4246 apte
433 4164 551 4225 inelieat
583 4166 764 4245 puritatem,
797 4186 857 4245 qua
890 4186 1011 4245 semper
1045 4164 1149 4227 induti
1184 4187 1250 4227 esse

153 4258 276 4323 debent.
302 4259 355 4337 qui
381 4259 475 4319 saeris
499 4260 656 4337 mysteriis
682 4256 842 4320 assistunt.

196 4355 224 4415 3.
250 4351 382 4431 llappae
405 4350 519 4413 debent
539 4372 602 4413 esse
625 4358 686 4412 tres
710 4371 765 4428 pro
788 4350 992 4413 celebratione
1016 4350 1139 4414 Missae.
1187 4353 1251 4416 Pro

612 4484 678 4533 ¹Tit.
702 4483 762 4533 XX.
