2804 4890
200 657 261 718 180
303 667 357 722 DE
380 668 501 723 MISSA
523 669 704 723 CANTATA
727 670 778 723 ΕΤ
799 670 930 725 CANTU
956 670 1208 728 Eccnnfflasn.

200 841 389 916 solemnia,¹⁴
406 842 426 902 i.
444 862 469 903 e.
487 843 521 903 in
538 842 581 902 M.
600 863 672 904 curn
688 848 783 904 cantu
801 843 980 920 celebratis;
996 845 1094 907 etiam
1110 844 1188 907 dum
1203 864 1289 908 sacra

200 936 378 997 communio
403 935 605 998 distribuitur
630 956 686 1016 per
710 936 847 999 notabile
872 936 1033 1016 tempus.¹⁶
1077 937 1240 1002 “Cantica
1254 939 1289 1001 in

199 1029 365 1093 vernaculo
386 1029 535 1092 idiomate
558 1031 591 1090 in
614 1029 831 1092 functionibus
853 1035 884 1092 et
906 1030 1024 1093 Officiis
1045 1032 1203 1112 liturgicis
1225 1051 1288 1096 non

199 1127 274 1186 sunt
304 1123 476 1199 toleranda,
505 1123 557 1187 sed
589 1124 717 1186 omnino
748 1125 958 1204 prohibenda;
989 1128 1079 1189 extra
1108 1125 1288 1190 functiones

198 1217 362 1297 liturgicus
386 1222 525 1279 servetur
549 1216 799 1281 consuetudo.''²⁸
843 1218 894 1281 Ita
917 1218 1091 1282 “toleratur
1114 1238 1200 1295 usus,
1222 1239 1287 1282 car·

199 1311 286 1372 mina
306 1311 429 1391 vulgari
450 1331 590 1373 sermone
610 1311 759 1373 cantandi
780 1333 885 1374 coram
907 1311 964 1375 SS.
988 1312 1073 1375 Sacr.
1094 1312 1236 1394 exposito
1255 1316 1287 1374 ct

199 1405 232 1465 in
251 1404 393 1483 ejusdem
411 1404 716 1485 processionibus.’'¹⁷

243 1501 269 1560 7.
294 1497 402 1572 Quivis
428 1501 537 1559 cantus
563 1499 734 1573 inhibetur,
760 1501 793 1560 in
818 1520 878 1579 quo
903 1500 995 1562 verba
1019 1499 1066 1562 vel
1091 1501 1225 1562 minima
1250 1520 1285 1562 ex

197 1595 287 1671 parte
303 1592 417 1653 omissa
431 1593 496 1653 sint
513 1593 559 1653 vel
576 1613 668 1654 sensu
684 1593 834 1655 distracta
849 1597 905 1655 aut
920 1593 1057 1655 nimium
1073 1595 1244 1672 repetita¹⁸

241 1778 309 1840 100.
333 1778 394 1840 “In
412 1779 556 1840 omnibus
574 1779 759 1853 Dominicis,
776 1783 808 1842 et
824 1779 970 1841 omnibus
987 1779 1077 1842 iestis
1094 1798 1149 1859 per
1166 1798 1285 1841 annum

196 1873 441 1948 occurrentibus,
468 1873 501 1932 in
527 1873 639 1952 quibus
649 1872 756 1952 populi
770 1893 787 1933 a
799 1872 962 1935 servilibus
974 1872 1119 1952 operibus
1131 1871 1285 1934 abstinere

197 1966 308 2040 solent,
323 1970 426 2045 potest
440 1966 474 2027 in
488 1965 627 2028 Ecclesia
642 1986 805 2045 organum,
819 1971 850 2028 et
865 1966 1056 2027 musicorum
1071 1969 1183 2027 cantus
1197 1964 1284 2027 adhi-

198 2060 272 2122 beri.
316 2057 406 2121 Inter
425 2080 475 2121 eas
495 2080 558 2121 non
578 2064 846 2121 connumerantur
867 2058 1050 2123 Dominicae
1069 2057 1235 2122 Adventus
1254 2061 1285 2122 ct

198 2153 459 2233 Quadragesimae
505 2157 633 2233 excepta
680 2151 847 2214 Dominica
891 2153 987 2216 tertia
1032 2150 1235 2215 Adventus.
1271 2199 1279 2215 .

202 2246 392 2326 (Gaudete),
408 2252 440 2309 et
456 2253 566 2327 quarta
585 2246 847 2325 Quadragesimae
869 2247 1048 2324 (Laetare),
1065 2245 1119 2308 sed
1135 2245 1170 2308 in
1188 2244 1284 2308 Missa

197 2347 340 2417 tantum;
365 2342 440 2402 item
465 2341 602 2420 exceptis
627 2341 716 2402 iestis
742 2344 772 2401 et
798 2339 886 2400 feriis
912 2339 997 2400 infra
1022 2338 1204 2401 Adventum
1229 2341 1285 2400 aut

197 2434 474 2514 Quadragesimam
511 2433 755 2508 occurrentibus
791 2452 868 2512 quae
904 2452 976 2493 curn
1011 2432 1210 2495 solemnitate
1246 2432 1284 2494 ab

197 2529 335 2592 Ecclesia
355 2527 611 2591 celebrantur.''¹⁹

237 2622 299 2683 “In
318 2623 425 2683 officiis
447 2622 677 2684 Defunctorum
698 2641 814 2701 organa
833 2642 896 2682 non
918 2621 1102 2701 pulsantur;
1123 2622 1156 2682 in
1178 2621 1284 2682 Missis

195 2723 311 2790 autem,
329 2717 355 2778 si
373 2717 491 2777 musica
509 2716 703 2788 adhibeatur,
721 2715 814 2776 silent
832 2735 958 2791 organa,
976 2735 1048 2775 cum
1066 2713 1137 2775 silet
1154 2718 1283 2788 cantus;

195 2810 388 2890 quodetiam
407 2814 544 2890 ternpore
561 2809 723 2869 Adventus
740 2813 771 2869 ct
790 2807 1051 2886 Quadragesimao
1069 2807 1102 2868 in
1120 2806 1283 2868 ferialibus

195 2903 303 2967 diebus
316 2905 460 2966 convenit
474 2901 645 2964 adliiberi.''
658 2903 683 2935 ²⁰

237 2996 287 3058 Ad
302 2997 451 3057 dubium:
466 2995 517 3056 An
534 2997 566 3056 in
582 3003 676 3058 cantu
693 2995 903 3057 Praelationis
918 2999 948 3056 et
964 2994 1124 3055 Orationis
1140 2992 1282 3056 Domini·

194 3091 280 3166 calis,
295 3091 415 3170 quoties
430 3090 544 3151 Missae
558 3089 775 3162 decantantur,
790 3108 906 3167 organa
921 3087 1040 3167 pulsari
1054 3089 1180 3167 queant,
1197 3087 1228 3148 S.
1245 3086 1281 3149 R.

195 3184 229 3248 C.
248 3182 499 3264 respondendum
517 3185 655 3244 censuit:
675 3183 786 3244 Obstat
805 3181 893 3243 Caer.
913 3181 1177 3260 Episcoporum.²¹

237 3282 265 3340 2.
289 3277 492 3341 “Cavendum
505 3283 561 3351 est,
574 3297 612 3337 ne
625 3296 718 3336 sonus
730 3275 839 3354 organi
853 3275 893 3335 sit
907 3274 1049 3349 lascivus,
1060 3279 1116 3335 aut
1126 3274 1280 3355 impurus,

193 3378 225 3435 et
239 3395 278 3436 ne
293 3393 365 3435 cum
379 3394 414 3436 eo
428 3371 632 3452 proferantur
646 3373 766 3442 cantus,
782 3369 835 3448 qui
851 3368 889 3429 ad
906 3367 1051 3442 officium,
1067 3366 1149 3446 quod
1165 3368 1281 3447 agitur,

192 3487 256 3530 non
271 3470 421 3547 spectent,
436 3464 552 3527 nedum
568 3463 693 3544 profani
708 3469 764 3524 aut
777 3461 909 3536 ludicri3
923 3482 980 3524 nec
993 3460 1056 3522 alia
1070 3461 1282 3522 instrumenta

192 3562 355 3623 musicalia
370 3560 538 3633 addantur,
554 3559 615 3619 nisi
631 3556 669 3618 de
684 3576 836 3619 consensu
853 3554 1009 3636 Episcopi.
1055 3553 1144 3617 Idem
1161 3573 1281 3634 quoque

192 3661 333 3719 cantores
347 3659 378 3717 et
391 3654 504 3716 musici
518 3653 690 3723 observent,
703 3670 742 3711 ne
757 3669 866 3710 vocum
882 3648 1055 3723 harmonia,
1071 3667 1148 3727 quae
1162 3648 1201 3709 ad
1216 3647 1280 3728 pie·

192 3755 289 3813 tatem
313 3748 488 3829 augendam
511 3745 655 3807 ordinata
678 3747 735 3817 cst,
758 3742 876 3821 aliquid
900 3741 1037 3803 levitatis
1059 3746 1114 3803 aut
1136 3740 1280 3803 lasciviae

229 3929 253 3962 ¹⁴
273 3923 305 3972 D.
329 3923 369 3971 22.
393 3919 459 3970 Mai.
485 3919 559 3976 1894,
581 3931 606 3965 n.
630 3914 706 3963 3827.
801 3920 826 3951 ¹⁹
845 3916 920 3964 Caer.
950 3913 1000 3977 Ep.
1029 3911 1052 3961 Ι.
1080 3912 1121 3973 28,
1148 3907 1280 3960 1.—sed

193 4001 222 4063 1;
242 4000 283 4048 31.
301 3998 364 4049 Jan.
385 3997 459 4055 1896,
475 4010 500 4043 n.
518 3994 601 4053 388ος
620 3995 648 4040 et
666 3991 706 4039 25.
764 3990 847 4040 otiam
868 3990 893 4037 in
914 3989 1036 4051 utrisque
1055 3986 1184 4050 Vespasia
1203 3984 1279 4035 Dom.

191 4075 256 4126 Jnn.
276 4075 350 4135 1898,
367 4089 392 4121 n.
409 4072 485 4120 3994.
503 4072 524 4119 1.
767 4065 820 4116 111.
851 4066 993 4115 Adventus
1022 4066 1049 4113 et
1079 4062 1128 4112 IV.
1159 4061 1278 4125 Quadra·

228 4156 252 4188 1⁶
272 4150 304 4199 D.
331 4149 370 4198 14.
393 4147 457 4197 Jan.
483 4147 557 4208 1898,
581 4160 606 4194 n.
630 4143 706 4192 3975.
762 4142 880 4204 gesimao
909 4154 1014 4203 organa
1043 4138 1179 4205 pulsanda
1208 4139 1278 4195 sunt

191 4228 256 4278 5.1.
764 4219 796 4267 D.
820 4219 895 4267 2245.

227 4309 251 4340 ¹⁰
272 4302 304 4351 n.
321 4302 396 4349 3499.
416 4302 438 4349 1.
800 4300 824 4331 ²⁰
844 4293 919 4343 Caer.
936 4293 987 4357 Ep.
1004 4292 1026 4341 Ῑ.
1044 4293 1085 4354 28,
1104 4291 1143 4341 13.

228 4385 251 4417 Π
273 4379 304 4427 l).
324 4379 400 4426 3124.
422 4378 444 4426 7.
799 4376 823 4413 ²1
844 4370 876 4424 27
894 4369 958 4421 Jan.
978 4368 1054 4434 1899,
1072 4382 1097 4419 n.
1115 4367 1192 4419 4009.

228 4462 252 4496 n
272 4454 304 4504 n.
327 4455 350 4505 v.
371 4453 427 4503 nn.
451 4453 526 4514 raes,
548 4468 573 4503 n.
594 4452 670 4504 aare.
