2804 4890
300 665 353 721 ΔΒ
374 666 624 723 OFFERTORIO
650 669 781 736 USQUE
805 667 859 722 ΑΙ)
883 667 1087 731 CANONEM.
1183 656 1241 716 241

194 841 224 897 4.
248 835 413 898 oblatione
429 840 561 902 materia
576 839 732 915 sacrificii,
748 841 838 920 panis
854 846 885 903 et
903 840 1021 914 vinum,
1037 840 1186 901 eximitur
1202 838 1240 899 ab

153 950 212 992 usu
229 931 362 1011 profano
379 937 411 995 et
428 933 616 996 ordinantur
633 934 715 995 dona
732 934 881 996 sacranda
900 933 965 996 Deo
983 954 1038 1013 per
1055 934 1240 1013 subsequen-

154 1028 217 1086 tem
233 1026 620 1102 transubstantiationem
638 1028 749 1108 “panis
765 1033 796 1089 et
814 1028 921 1088 vinum
938 1032 1088 1106 aptantur
1105 1030 1136 1088 et
1153 1026 1241 1106 quasi

153 1117 370 1196 meliorantur,
383 1124 421 1182 ut
435 1121 500 1182 sint
513 1121 669 1201 condigna
683 1123 825 1196 materia,
839 1141 916 1200 quae
932 1122 964 1180 in
981 1120 1102 1200 Corpus
1115 1126 1147 1182 et
1163 1120 1241 1182 San·

152 1213 281 1292 guinem
299 1212 418 1276 Christi
435 1218 667 1276 convertantur.
714 1214 749 1275 Si
767 1214 852 1276 enim
871 1219 967 1276 vestes
985 1219 1017 1276 et
1034 1213 1188 1294 ternplum
1206 1232 1242 1274 ao

154 1326 225 1369 vasa
241 1306 398 1370 Ecclesiae
415 1308 643 1370 benedicuntur
658 1315 689 1372 et
706 1309 953 1384 sanctificantur,
971 1314 1007 1371 ut
1022 1309 1088 1371 siut
1104 1312 1178 1389 apta
1194 1307 1242 1368 in·

153 1404 330 1463 strumenta
346 1401 447 1463 divini
465 1402 614 1482 obsequii,
632 1407 749 1483 quanto
768 1402 985 1464 rationabilius
1004 1406 1060 1477 est,
1079 1421 1192 1482 panem
1210 1406 1243 1465 et

154 1494 262 1555 riuum
288 1498 361 1558 ante
388 1496 651 1558 consecrationem
677 1495 828 1569 benedici,
856 1500 892 1556 ut
918 1496 984 1556 sint
1009 1500 1083 1577 apto
1109 1494 1242 1556 materia

152 1589 497 1652 transubstantiationis
522 1590 771 1669 supermirabilis
796 1594 887 1670 atque
912 1589 1046 1651 divinae.
1102 1589 1185 1650 Nam
1211 1593 1243 1652 ct

153 1681 287 1745 aliorum
308 1688 574 1745 sacramentorum
596 1684 744 1745 materiae
766 1690 893 1763 propter
914 1685 1120 1745 reverentiam
1141 1702 1242 1745 sacra·

153 1776 346 1838 mentiente
368 1796 461 1837 usum
482 1796 574 1837 suurn
596 1776 842 1849 sanctificantur,
864 1781 900 1837 ut
922 1795 1002 1855 aqua
1024 1776 1172 1855 baptismi
1194 1775 1241 1837 vel

154 1869 289 1931 chrisma
307 1890 361 1932 seu
381 1869 540 1933 oleum.”³
585 1870 655 1950 Ipse
677 1870 821 1931 Christus
841 1872 874 1931 in
896 1871 1009 1932 ultima
1031 1870 1133 1932 Coena
1153 1870 1242 1950 prius

154 1982 266 2043 panem
286 1968 318 2026 et
337 1965 447 2024 vinum
468 1963 678 2037 “benedixit''
699 1969 730 2025 et
751 1964 889 2042 “gratias
909 1962 1012 2043 egit;''
1033 1983 1111 2043 quae
1131 1964 1241 2026 “bene-

154 2055 270 2120 dictio'’
294 2061 325 2119 et
347 2057 541 2138 “gratiarum
564 2055 665 2118 actio’'
688 2057 726 2119 ab
750 2057 817 2137 ipsa
839 2057 1069 2119 consecratione
1091 2056 1242 2118 distincta

155 2150 227 2213 fuit.
277 2150 376 2230 (Vide
394 2152 515 2229 supra.)

196 2248 223 2305 5.
247 2244 331 2306 Ante
350 2244 509 2305 saeculum
528 2245 606 2305 XII.
628 2243 847 2323 perficiebatur
865 2244 920 2305 sub
941 2244 1066 2304 silentio
1086 2241 1241 2322 usquead

155 2337 337 2400 Orationem
351 2357 428 2416 quac
444 2339 569 2399 Secreto
585 2342 804 2416 nuncupatur,
819 2338 915 2399 immo
930 2342 961 2398 et
976 2357 1060 2397 nunc
1074 2335 1190 2398 oblatio
1205 2334 1241 2396 fit

154 2435 279 2492 tantum
297 2432 421 2492 “monte
439 2429 617 2510 concepta,’'
636 2430 759 2509 quando
776 2431 813 2490 ob
832 2430 989 2491 defectum
1008 2430 1093 2490 intra
1112 2428 1241 2489 Missam

154 2543 233 2586 nora
249 2524 380 2585 materia
398 2525 440 2585 sit
457 2524 665 2603 apponenda.⁴

197 2708 265 2772 139.
290 2711 434 2790 Quinque
458 2711 621 2773 Orationes
643 2709 773 2791 Suscipe
795 2712 910 2773 Sancte
932 2711 1036 2782 Pater,
1060 2709 1240 2789 Offerimus,

154 2805 197 2867 la
223 2806 340 2886 spiritu
369 2805 570 2876 humititatis,
604 2805 685 2867 Veni
713 2804 943 2882 Sancti-ficator,
974 2803 1105 2884 Suscipe
1134 2805 1243 2867 sancto

153 2900 304 2975 Trinitas,
326 2900 508 2980 exprimunt
529 2900 696 2961 oblationis
718 2919 824 2960 causas
846 2898 1011 2978 pluresque
1034 2899 1245 2978 expressiones

154 2991 327 3066 continent,
341 3012 418 3072 quae
431 2989 634 3070 anticipando
647 2991 829 3070 exprimunt
843 2989 886 3067 id,
899 2991 934 3051 iu
947 2989 1029 3068 quod
1042 2989 1242 3069 subsequenti

154 3085 489 3148 transubstantiatione
514 3085 604 3164 panis
628 3088 658 3145 et
684 3084 791 3144 riuum
816 3085 858 3144 sit
882 3084 1136 3156 convertendum,
1160 3103 1185 3145 e.
1210 3103 1241 3163 g.

154 3177 356 3242 immaculata
371 3179 481 3250 hostio,
495 3178 516 3238 i.
531 3198 556 3239 e.
572 3178 699 3239 victima
713 3177 834 3257 Corpus
850 3176 986 3238 Christi:
1001 3178 1082 3239 cotia
1095 3176 1242 3239 solutoris

155 3291 209 3333 seu
232 3272 353 3346 salutis,
377 3270 398 3331 i.
423 3291 448 3332 e.
475 3271 611 3349 Sanguis
638 3270 757 3330 Christi
781 3290 837 3349 pro
863 3269 963 3332 saluto
988 3269 1099 3331 mundi
1124 3267 1241 3330 effusus

152 3366 350 3444 sacrificium,
367 3371 424 3429 etc.
464 3367 643 3444 llespicitur
659 3371 690 3428 et
709 3366 830 3445 Corpus
847 3366 964 3427 Christi
985 3367 1151 3444 mysticum
1174 3365 1244 3445 [seu

156 3457 276 3538 fideles]
304 3478 384 3538 pane
408 3462 439 3520 et
462 3457 534 3518 vino
558 3460 801 3536 praesentatum.
845 3456 958 3519 “Sicut
982 3456 1065 3518 enim
1090 3455 1181 3535 panis
1204 3475 1242 3518 ex

155 3552 264 3614 multis
278 3552 385 3633 granis
400 3558 430 3615 et
446 3553 555 3612 vinum
570 3571 607 3612 cx
622 3550 731 3611 inultis
747 3551 815 3611 uris
830 3550 1005 3622 conficitur,
1021 3550 1065 3610 ita
1080 3569 1117 3611 ex
1131 3548 1241 3610 multis

155 3646 298 3708 fidelibus
337 3666 435 3706 rimam
475 3664 587 3723 corpus
627 3644 745 3704 Christi
784 3644 952 3722 mysticum
993 3640 1242 3705 coadunatur.''⁸

157 3740 305 3804 Sacerdos
333 3759 364 3801 se
392 3739 496 3818 ipsum
523 3744 555 3801 ct
581 3737 688 3800 fideles
717 3737 783 3800 Deo
810 3737 911 3798 otlert.
956 3735 1148 3798 “Sanctifica
1180 3783 1188 3797 .
1228 3783 1236 3798 .

155 3834 250 3911 hujus
273 3832 440 3895 oblationis
464 3831 609 3898 hostiani,
633 3835 664 3891 ct
689 3851 743 3910 pcr
767 3850 835 3891 eam
860 3829 1065 3908 nosmetipsos
1089 3828 1147 3890 tibi
1173 3848 1240 3909 per·

156 3929 210 3990 tice
228 3924 575 3988 niunusaoternurn.”⁰
620 3924 680 3985 “In
698 3924 812 4004 spiritu
831 3922 1051 3985 humilitatis.
1081 3971 1088 3984 .
1117 3923 1241 3984 .susci·

155 4023 279 4102 piamur
299 4043 317 4082 a
338 4019 397 4082 tc.”

195 4121 222 4179 2.
247 4118 338 4178 Ritus
360 4116 444 4177 intra
464 4115 649 4177 oblationem
672 4114 770 4174 vorbis
791 4114 1026 4193 correspondet:
1048 4114 1166 4176 attollit
1188 4114 1242 4176 Sa-

155 4208 260 4269 cerdos
282 4214 427 4287 patenum
452 4227 522 4266 cum
547 4207 646 4266 boetia
676 4210 798 4283 (postca
822 4204 981 4277 calicem),
1005 4204 1109 4266 oculos
1132 4205 1240 4269 clavat.

156 4307 191 4365 ut
210 4302 320 4366 offerat
340 4306 465 4361 aeterno
487 4298 574 4358 Patri
595 4298 726 4370 actione,
748 4317 818 4358 voce
839 4301 869 4358 ct
887 4301 1032 4376 aspectu3
1053 4298 1241 4377 deponitque

189 4450 200 4481 ³
219 4444 298 4494 Dion.
314 4445 438 4493 Curtbus.
760 4444 772 4477 ὕ
791 4439 940 4503 Schouppc.

188 4526 200 4558 ⁴
219 4520 302 4571 Rubr.
321 4522 353 4572 do
372 4519 434 4570 Des.
454 4519 509 4568 ΙΙΙ.
528 4522 551 4568 4.
758 4521 770 4552 ⁰
790 4515 901 4567 Secreta
920 4516 986 4566 festi
1006 4519 1057 4567 Sd.
1073 4516 1180 4571 Titiis,
