2804 4890
382 677 436 730 DE
462 677 484 729 F
487 676 690 742 naussum
714 674 998 729 commuuione.
1176 663 1232 723 451

547 1402 737 1479 CAPUT
771 1400 846 1478 IV.

181 1614 239 1671 DE
258 1615 541 1672 snucrlssmo
564 1613 883 1670 EUCHARISTIAE
905 1610 1203 1670 sncRAuuuro.

609 1876 724 1947 Anu.
748 1875 778 1948 Ι.

400 2089 449 2139 DE
474 2088 692 2153 PREQUENTI
717 2087 982 2139 COMMUNIONE.

188 2278 258 2341 283.
279 2278 325 2341 De
345 2279 502 2358 frequenti
523 2275 750 2338 Communione
771 2278 802 2338 S.
825 2275 1033 2355 Congregatio
1053 2274 1187 2337 Concilii
1207 2274 1236 2335 d.

149 2376 196 2432 16.
220 2371 293 2432 Dec.
319 2375 396 2430 1905
418 2372 491 2431 haec
513 2389 590 2449 <puae
613 2372 797 2447 sequuntur,
818 2368 948 2429 statuit:

191 2467 218 2525 1.
242 2462 429 2525 Comnrunio
462 2464 607 2540 frequens
637 2466 669 2523 ct
700 2459 893 2541 quotidiana,
925 2464 1033 2539 utpote
1064 2479 1082 2521 a
1112 2460 1238 2521 Christo

146 2556 282 2620 Domino
301 2560 373 2617 eta
399 2554 561 2616 Catholica
584 2552 723 2615 Ecclesia
745 2553 952 2632 optatissima,
977 2553 1122 2615 omnibus
1147 2551 1238 2614 Chri·

144 2647 332 2711 stifidelibus
344 2647 484 2727 cujusvis
495 2645 617 2709 ordinis
630 2650 686 2708 aut
699 2643 890 2708 conditionis
901 2648 1025 2724 pateat;
1039 2646 1083 2708 ita
1097 2650 1134 2707 ut
1147 2663 1237 2706 nemo

146 2742 200 2823 qui
218 2742 250 2802 in
266 2746 350 2802 statu
367 2739 488 2820 gratiae
504 2739 545 2799 sit
564 2743 683 2801 etcum
702 2742 785 2801 recta
803 2736 915 2818 piaque
933 2742 1037 2799 monte
1054 2737 1093 2798 ad
1110 2758 1133 2798 s.
1152 2756 1238 2798 men·

144 2855 209 2897 sam
226 2833 361 2907 accedat,
380 2830 537 2912 prohiberi
555 2830 593 2892 ab
609 2849 646 2892 ea
660 2830 769 2911 possit.
1214 2900 1217 2907 Ι

188 2931 216 2988 2.
238 2928 331 2988 Recta
350 2931 454 2987 autern
477 2944 564 2985 meus
584 2924 616 2985 in
635 2946 671 2985 eo
691 2927 747 2998 est,
767 2939 804 2985 ut
824 2923 877 3002 qui
898 2923 937 2985 ad
958 2942 1078 2985 sacram
1099 2942 1237 2984 mensam

146 3020 264 3081 accedit
284 3039 346 3080 non
368 3017 439 3079 usui
458 3021 514 3078 aut
535 3014 677 3090 vanitati,
698 3020 752 3077 aut
772 3014 920 3077 humanis
941 3015 1115 3077 rationibus
1134 3015 1238 3078 indul-

147 3118 228 3191 geat,
248 3112 300 3172 sed
321 3110 378 3172 uei
399 3110 514 3189 placito
531 3107 710 3169 satisfacere
729 3107 814 3181 velit,
831 3107 862 3169 ei
881 3108 999 3168 arctius
1018 3109 1148 3171 caritate
1167 3129 1238 3171 cou-

147 3204 249 3281 jungi‚
264 3223 298 3263 ac
313 3202 420 3263 divino
434 3199 488 3261 illo
503 3200 670 3280 pharmaco
682 3198 747 3261 suis
762 3198 1002 3261 infirmitatibus
1016 3221 1050 3262 ac
1064 3199 1239 3263 defectibus

147 3313 315 3356 occurrere.

190 3389 219 3449 3.
242 3385 312 3448 Etsi
334 3405 428 3465 quam
448 3385 583 3446 maxime
604 3382 748 3463 expediat
769 3390 806 3447 ut
826 3385 984 3463 frequenti
1004 3389 1036 3447 et
1056 3384 1239 3464 quotidiana

149 3477 376 3544 Communioue
403 3479 537 3550 utentes,
565 3475 737 3537 venialibus
764 3477 908 3556 peccatis,
935 3476 1045 3540 saltem
1071 3477 1161 3558 piene
1188 3477 1239 3538 de·

148 3572 297 3647 liberatis,
317 3589 484 3649 eorumque
506 3568 620 3630 affectu
641 3568 705 3630 sint
726 3572 876 3647 expertes,
898 3569 1011 3630 sufficit
1032 3568 1239 3630 nihilominus

148 3673 184 3730 ut
207 3664 309 3744 culpis
331 3660 516 3725 mortalibus
541 3663 660 3735 vacent,
683 3680 755 3721 cum
780 3661 939 3740 proposito
963 3681 1123 3741 nunquam
1150 3683 1181 3726 se
1207 3663 1240 3724 in

148 3764 306 3839 posterum
328 3758 524 3836 peccaturos:
547 3773 608 3833 quo
629 3753 750 3814 sincero
772 3752 871 3813 animi
894 3753 1062 3832 proposito,
1086 3753 1153 3815 fieri
1177 3773 1240 3815 nou

149 3856 249 3932 potest
267 3850 342 3930 quin
362 3845 502 3927 quotidie
520 3843 787 3906 communicantes
806 3864 823 3906 a
844 3844 978 3924 pcccatis
996 3846 1092 3908 ctiam
1112 3845 1240 3910 veniati-

147 3944 214 4018 bus,
226 3943 264 4004 ab
278 3959 446 4019 eorumque
459 3937 573 4000 affectu
587 3936 703 3998 sensim
717 3956 749 4000 se
763 3934 940 4016 expediant

188 4040 217 4097 4.
241 4035 321 4096 Cum
343 4053 414 4094 vero
434 4031 636 4091 Sacramenta
657 4028 762 4091 Novae
782 4029 883 4107 Logia,
904 4029 963 4091 etsi
982 4030 1127 4094 effectum
1148 4053 1241 4095 suum

148 4150 186 4191 ex
210 4148 301 4208 opere
324 4131 451 4206 operato
477 4122 660 4197 sortiantur,
685 4122 837 4199 majorem
864 4127 969 4184 tamen
996 4123 1170 4203 producant
1196 4126 1240 4189 ef-

149 4223 268 4285 fectum
284 4240 344 4300 quo
359 4218 495 4295 majoros
510 4213 731 4293 dispositioncs
747 4213 779 4275 iu
797 4213 837 4274 iis
851 4213 1058 4293 suscipiendis
1075 4215 1240 4279 adhibean-

151 4322 213 4385 tur,
232 4312 346 4375 idcirco
363 4307 537 4371 curandum
555 4309 655 4368 estut
673 4304 780 4369 scduia
795 4304 835 4367 ad
853 4325 973 4368 sacram
990 4310 1241 4372 communionem

152 4404 347 4488 praeparatio
372 4399 546 4475 antecedat,
571 4403 602 4461 et
628 4418 766 4477 congrua
790 4398 965 4475 gratiarum
991 4402 1073 4463 actio
1099 4402 1172 4464 inde
1198 4423 1241 4464 sc-

151 4504 275 4580 quatur,
298 4497 388 4575 juxta
412 4491 660 4570 uniuscujusque
684 4491 774 4560 siros,
798 4490 1009 4555 conditionem
1034 4515 1069 4556 ac
1093 4493 1200 4556 officia,
