2804 4890
128 701 383 761 CONSPEOTUS
396 701 597 758 HORARUM
610 699 902 757 CANONIGARUM
916 700 1132 759 specialis.
1159 694 1219 756 371

176 872 229 952 (1)
254 871 455 952 Eoonpelioo.
501 871 554 951 (2)
580 868 734 934 Divinum
752 877 809 933 aut
826 871 928 951 Cujus
945 871 992 936 vel
1010 870 1150 949 Quorum
1167 889 1222 933 seu

130 963 279 1042 Quorum.
322 965 376 1044 (3)
402 964 455 1025 Ad
469 961 674 1027 societatem.⁹

176 1057 224 1138 (f)
248 1057 326 1161 flios
337 1057 512 1119 lectiones¹⁰
524 1057 544 1118 i.
557 1077 582 1119 e.
597 1057 805 1137 Evangelium
816 1078 887 1121 cum
902 1058 1046 1122 Homilia
1058 1058 1097 1122 de
1110 1058 1221 1138 Propr.

130 1150 502 1325 velwssplhesponsorium
526 1249 596 1325 post
621 1248 649 1307 l.
674 1249 705 1308 et
729 1249 757 1307 8.
783 1245 853 1309 lect.
878 1245 916 1308 de
942 1246 1053 1327 Propr.
1079 1246 1127 1310 vel
1152 1245 1219 1311 coi.

131 1336 212 1399 Ioco
231 1337 308 1398 noni
329 1336 528 1417 llesponsorii
546 1336 665 1399 dicitur
686 1338 729 1401 Te
748 1336 860 1400 Deum.

186 1440 216 1491 si
236 1441 379 1507 contingat
398 1442 521 1508 separari
541 1441 710 1493 Matutinum
731 1457 748 1493 a
769 1442 910 1493 Laudibus
930 1444 1143 1495 concludendum
1162 1447 1218 1494 est:

129 1518 207 1568 Dnus
233 1518 378 1569 uobiscum.
417 1518 536 1569 Oremua.
576 1517 680 1569 Oratio.
719 1519 796 1568 Dnua
828 1518 971 1569 vobiscum.
1015 1519 1114 1571 Bened.
1153 1519 1223 1570 Duo.

131 1594 274 1647 Fideliom.
308 1594 394 1645 Potor
420 1598 520 1645 noster.
559 1594 635 1645 Tunc
659 1596 695 1645 ad
720 1594 829 1645 initium
856 1596 980 1646 Laudum
998 1596 1166 1647 recitandum
1181 1599 1223 1647 est

131 1671 222 1722 Pater.
241 1670 376 1722 Ave-Si
393 1670 517 1721 Officium
537 1675 599 1736 post
621 1673 643 1721 1.
663 1670 706 1721 val
727 1672 751 1721 2.
772 1675 933 1723 nocturnum
954 1671 1136 1739 abrumpitur,
1154 1672 1223 1724 nihil

130 1746 206 1799 aliud
223 1747 366 1800 dicendum
381 1746 497 1799 videtur.

597 1940 754 1992 LAUDES.

175 2101 201 2159 1.
224 2097 310 2161 Deus
327 2099 360 2160 in
378 2096 585 2175 adjutori-um.

172 2192 201 2253 2.
228 2189 290 2269 (Ι.)
318 2188 519 2268 Antiphonae
536 2208 573 2250 ex
593 2188 726 2268 Proprio
744 2186 791 2250 vel
813 2186 879 2251 Coi.
921 2186 1039 2249 Psalmi
1057 2186 1096 2249 de
1114 2185 1222 2248 Domi·

131 2302 259 2455 medii)
283 2374 484 2456 Antiphonae
502 2394 574 2436 cum
595 2373 730 2436 Psalmis
750 2373 788 2436 de
809 2373 902 2436 Feria
919 2372 1060 2434 currenti
1079 2390 1117 2434 ex
1136 2370 1223 2432 Psal-

131 2469 219 2532 terio.

173 2565 201 2625 3.
225 2561 409 2641 Capitulum
419 2581 458 2623 ea
472 2562 582 2642 Propr.
597 2560 644 2623 vel
659 2560 725 2623 Coi.
740 2559 806 2624 Deo
820 2558 947 2640 oratius.

172 2658 201 2717 4.
226 2653 372 2734 Hymnus
395 2673 432 2717 cx
454 2653 564 2733 Propr.
587 2654 634 2717 vel
657 2652 723 2715 Coi.

173 2750 202 2809 5.
225 2747 342 2808 Versus
356 2766 393 2808 ea
408 2747 517 2827 Propr.
532 2745 579 2809 vel
593 2746 659 2810 Coi.

174 2843 202 2902 6.
224 2840 408 2920 Antiphone
425 2840 464 2902 ad
482 2838 673 2903 Benedictus
690 2839 728 2902 de
748 2839 858 2920 Propr.
878 2840 924 2901 vel
944 2839 1010 2902 Coi.

175 2937 202 2996 l.
226 2933 394 2997 Canticum
409 2932 608 2996 Benedictus.
648 2931 832 3013 Antiphone
850 2932 1012 3013 repetitur.

174 3030 202 3090 8.
225 3024 382 3090 Dominus
401 3026 569 3089 uobiscum.
611 3026 753 3089 Oremus.
796 3026 905 3088 Oratio
926 3025 1121 3089 conveniens.

173 3123 201 3182 9.
225 3119 544 3184 commemorationes
565 3118 722 3199 speciales,
744 3120 770 3181 si
791 3118 940 3182 dicendae
963 3118 1037 3182 sint.

176 3217 223 3275 10.
246 3212 403 3276 Dominus
421 3212 588 3276 uobiscum.
630 3213 857 3275 Benedicomus
876 3212 1023 3276 Domino.
1065 3210 1226 3274 Fidelium

175 3311 223 3370 11.
245 3307 342 3369 Potor
356 3311 470 3370 noster.
506 3304 662 3369 Dominus
680 3307 731 3368 dcl
749 3305 847 3369 nobis.

176 3403 223 3463 12.
247 3399 430 3478 Antiphone
456 3398 559 3460 finalis
586 3399 622 3463 B.
649 3397 769 3462 Mariae
794 3398 833 3462 V.
859 3418 916 3480 pro
941 3397 1123 3461 diversitate
1148 3400 1224 3461 tem·

133 3494 255 3575 poris.¹¹
294 3493 448 3555 Divinum
466 3489 631 3556 ourilium.

610 3695 740 3748 PRIMA.

176 3855 202 3914 1.
226 3852 330 3916 Pater.
365 3851 439 3912 Ave.
475 3848 585 3912 Credo.
619 3848 705 3910 Deus
728 3849 762 3909 in
785 3845 992 3926 adjutorium.

175 3946 203 4006 2.
227 3943 375 4023 Hymnus
390 3943 465 4004 dom
483 3940 570 4003 lucis.

176 4041 203 4099 3.
232 4039 293 4116 (Ι.)
323 4036 505 4116 Antiphone
522 4037 541 4097 i.
553 4055 578 4096 e.
592 4034 694 4115 prima
708 4053 745 4096 ex
759 4031 859 4096 Laud.
879 4033 934 4111 (de
950 4031 1059 4111 Propr.
1073 4030 1120 4094 sel
1136 4029 1220 4106 Coi.)

133 4133 209 4193 Tres
223 4131 341 4193 Psalmi
357 4131 395 4192 de
411 4129 594 4195 Dominicis:
609 4126 661 4189 sed
675 4127 742 4191 loco
757 4126 873 4188 Psalmi
889 4123 1094 4202 Confilemini
1108 4124 1226 4185 dieitur

135 4226 184 4285 Ps.
204 4224 289 4285 Dens
307 4224 338 4284 in
360 4222 495 4285 nomine.

169 4378 220 4428 ⁹Si
250 4379 274 4428 9.
305 4378 385 4428 lectio
414 4375 529 4427 dicenda
557 4373 594 4423 ait
623 4374 655 4423 de
741 4379 767 4413 1⁰
777 4372 919 4425 Interdum
933 4387 1005 4423 nona
1019 4371 1100 4423 lectio
1115 4369 1227 4434 propria

134 4454 263 4515 Humilia,
284 4452 438 4504 benedictio
457 4453 513 4503 Per
533 4450 655 4513 Eoonoe·
704 4453 747 4501 est
763 4452 805 4501 vel
822 4452 855 4501 de
871 4448 972 4499 Sancto
989 4450 1030 4501 sel
1047 4449 1080 4501 ‹lc
1097 4445 1228 4502 Homilia.

134 4530 186 4583 lica
200 4532 324 4581 sumitur.
741 4533 766 4567 ¹¹
777 4526 810 4579 V.
827 4541 855 4579 n.
872 4525 931 4577 237.
947 4527 973 4579 5.
