2804 4890
200 701 254 757 Du
277 701 605 758 SIGNIFICATIONE
630 703 786 758 RITUUM
809 703 957 759 MISSAE
980 703 1167 760 MYSTIOA.
1210 694 1272 756 265

183 874 386 955 possidemus,
407 875 461 954 qni
481 878 528 936 est
548 876 619 937 lons
639 876 730 947 vitoe,
752 877 806 938 lua
827 875 947 948 urendi,
967 876 1079 957 plenus
1099 877 1218 956 gratioe
1239 879 1270 939 et

182 969 331 1032 veritatis
376 967 574 1031 Admonetur
595 968 754 1044 Sacerdos
773 974 909 1049 quantus
928 971 970 1032 sit
989 971 1108 1050 hospes,
1132 970 1269 1032 Verbum

181 1083 251 1126 coro
265 1065 398 1144 foetum,
414 1063 496 1143 quod
512 1063 603 1126 modo
618 1064 771 1142 suscepit3
788 1069 905 1143 quanta
920 1065 989 1141 ejus
1005 1064 1192 1143 benignitas,
1208 1082 1269 1143 qua

181 1175 245 1220 non
258 1156 370 1232 solum,
385 1157 441 1219 “in
454 1155 640 1233 mundum,''
655 1156 708 1219 sed
724 1157 911 1219 inanimam
926 1177 1046 1237 quoque
1061 1176 1151 1219 suam
1165 1157 1270 1218 venire

179 1249 265 1312 haud
284 1249 483 1331 dedignatur.
723 1242 725 1246 ⁴

599 1599 714 1670 ΛΒΤ.
739 1600 847 1671 VIII.

229 1796 280 1849 DE
304 1795 617 1850 SIGNIFICATIONE
642 1799 791 1849 RITUUM
816 1798 955 1851 MISSAE
981 1798 1149 1850 MYSTICA
1172 1798 1217 1851 IN

591 1889 854 1941 PARTICULARI.

223 2077 291 2141 15⁷.
315 2078 387 2159 Ipse
412 2079 551 2159 Spiritus
575 2084 701 2141 sanctus
725 2083 859 2143 testante
884 2102 907 2143 s.
934 2082 1098 2161 Scriptura
1121 2081 1268 2162 plurimis

178 2173 354 2236 actionibus
372 2177 403 2235 et
423 2173 522 2234 verbis
541 2179 663 2252 praeter
682 2194 806 2235 sensum
826 2174 981 2236 literalem
999 2180 1031 2237 et
1051 2175 1269 2236 immediatum

179 2266 327 2330 attribuit
343 2267 488 2328 altiorem
506 2287 631 2329 sensum
650 2267 827 2345 mysticum.
872 2267 924 2329 Ita
944 2267 974 2328 S.
995 2268 1130 2329 Paulus:
1149 2268 1268 2329 “Abra-

179 2360 253 2423 ham
271 2360 349 2421 duos
367 2360 449 2421 filios
468 2361 578 2422 habuit
603 2409 609 2422 .
641 2409 648 2422 .
679 2409 686 2421 .
711 2380 787 2439 quae
807 2365 882 2422 sunt
899 2381 954 2441 per
973 2361 1153 2441 allegoriam
1173 2362 1267 2423 dicta.

180 2453 265 2516 Haec
285 2454 369 2517 enim
389 2458 464 2516 sunt
483 2454 545 2516 duo
564 2453 805 2517 testamenta.''¹
851 2454 1018 2516 Transitus
1038 2474 1093 2534 per
1112 2476 1197 2516 mare
1217 2474 1268 2515 ru·

179 2547 270 2610 brum
293 2548 483 2627 praefigurat
506 2548 707 2628 baptismum,
731 2549 764 2608 in
787 2547 908 2610 deserto
929 2568 1055 2627 serpens
1079 2548 1180 2627 figura
1201 2552 1268 2610 erat

180 2640 299 2704 Christi
320 2643 352 2703 in
373 2642 472 2705 Criu-c
491 2643 638 2717 exaltati3
657 2645 766 2722 “petra
785 2647 891 2704 autem
910 2646 977 2704 erat
997 2640 1173 2703 Christus.''
1217 2641 1268 2703 Ita

180 2735 212 2799 S.
229 2735 368 2799 Ecclesia
383 2741 500 2810 nostra,
515 2737 623 2797 eodem
641 2736 765 2815 Spiritu
780 2736 947 2816 dirigente,
964 2736 1138 2799 actionibus
1154 2735 1268 2798 verbis·

179 2849 237 2909 que
256 2831 289 2890 in
307 2829 451 2890 divInum
469 2831 590 2891 cultum
609 2830 763 2892 ordinatis
781 2833 904 2910 praeter
922 2849 1047 2891 sensum
1066 2829 1219 2893 literalem
1237 2834 1269 2893 et

179 2922 273 2984 finem
294 2923 513 2984 immediatum
534 2924 656 3001 saepius
677 2923 825 2985 attribuit
846 2923 1090 3002 significationes
1111 2923 1267 3003 mysticas.

221 3019 249 3079 2.
273 3016 359 3079 Haec
381 3017 534 3096 Magistra
556 3022 662 3078 nostra
683 3017 827 3079 veritates
848 3021 881 3079 et
900 3018 1049 3096 mysteria
1069 3018 1217 3097 proponit
1237 3020 1269 3080 et

179 3110 316 3173 inculcat
338 3132 400 3172 non
422 3110 522 3173 solum
544 3131 600 3190 per
620 3131 643 3172 s.
665 3111 746 3172 ritus
767 3111 821 3190 qui
843 3131 880 3173 ex
901 3111 1040 3191 professo
1062 3116 1093 3173 et
1114 3110 1268 3174 exclusive

178 3207 210 3266 in
225 3208 309 3268 hunc
324 3207 419 3267 linem
432 3207 597 3267 constituti
613 3210 698 3279 sunt,
710 3206 762 3266 sed
778 3207 872 3268 etiam
889 3227 945 3286 per
959 3209 1106 3277 actiones
1118 3212 1270 3288 etc.,quae

180 3297 267 3377 prius
290 3297 328 3358 ad
353 3298 449 3359 finem
472 3319 555 3358 mere
578 3297 753 3358 naturalem
777 3297 922 3358 ordinata
946 3298 1082 3359 lucrant.
1128 3297 1267 3360 Mentem

178 3412 248 3453 vero
263 3397 295 3455 et
311 3393 518 3454 intentionem
537 3392 692 3455 Ecclesiae
711 3393 743 3453 in
759 3393 818 3454 hac
834 3413 867 3454 re
883 3412 947 3453 non
964 3397 1089 3455 tantum
1107 3415 1143 3455 ex
1160 3394 1269 3455 ‹laifini-

180 3484 318 3546 tionibus
340 3485 507 3563 explicitis,
530 3484 580 3543 ml
605 3484 699 3544 etiam
722 3504 760 3545 ex
782 3484 940 3544 communi
965 3483 1108 3545 doctrina
1132 3485 1163 3545 S.
1189 3483 1267 3545 Doc-

178 3585 281 3640 torum
298 3580 712 3658 allorumquetheologorum
720 3580 835 3657 spiritu
853 3579 1060 3640 eeclesiastico
1079 3580 1270 3640 imbutorum

178 3671 248 3750 jure
261 3671 462 3749 concipimus.
500 3670 547 3730 lta
561 3671 826 3731 eaerenmniarum
838 3669 931 3730 series
944 3669 978 3729 in
990 3669 1141 3730 sacrificio
1155 3668 1267 3729 Missae

179 3765 270 3842 juxta
283 3764 460 3826 doctrinam
476 3765 507 3823 S.
523 3764 670 3831 'l'homae
687 3764 718 3824 S.
735 3763 981 3831 llonaveuturae,
997 3761 1174 3824 Innocentii
1192 3762 1267 3829 III„

178 3863 235 3919 etc.
254 3878 373 3920 necnon
393 3858 599 3917 recentiorum
619 3856 843 3935 theologorum,
861 3876 885 3917 e.
904 3876 933 3935 g.
954 3855 1102 3926 Suaresii,
1122 3855 1267 3929 (lavanti,

181 3951 302 4025 Quarti,
321 3950 413 4012 card.
433 3952 547 4024 Bonae,
565 3950 725 4012 Benedicti
747 3951 850 4024 xiil,
868 3949 1016 4028 mysteria
1033 3950 1115 4011 vitae
1132 3953 1163 4010 et
1180 3968 1267 4028 prae-

179 4045 288 4106 sertim
301 4045 454 4125 passionis
467 4043 596 4105 Domini
610 4044 791 4124 significat²

215 4235 226 4268 ¹
245 4229 304 4280 Gal.
324 4232 347 4280 4.
750 4230 792 4279 (lis
810 4230 1058 4294 significationibus
1075 4231 1206 4294 mysticis,
1224 4231 1270 4281 ubi

212 4306 295 4356 2Τοῐ
330 4308 448 4357 virorum
483 4311 638 4358 sanctorum
671 4311 699 4358 et
751 4306 782 4356 de
804 4306 940 4355 Ecclesiae
961 4312 1050 4356 mente
1071 4311 1098 4356 et
1120 4306 1271 4358 intentione

177 4382 316 4433 doctorum
335 4384 458 4433 doctrina
476 4399 540 4436 sane
558 4399 609 4431 non
627 4399 698 4448 sper·
752 4396 804 4429 non
836 4386 951 4431 eorratnt.
1001 4381 1044 4431 Cf.
1077 4381 1197 4445 Romaee,
1229 4381 1269 4432 ll.

177 4459 267 4509 nenda
289 4464 329 4508 eat
352 4475 384 4509 ex
406 4475 437 4508 eo
459 4461 529 4522 quod
553 4461 698 4522 aliquando
752 4473 777 4521 p.
796 4458 854 4507 274.

177 4533 263 4599 aliqui
285 4534 390 4585 fuerInt
411 4535 488 4583 nimii
511 4536 536 4583 in
559 4537 698 4599 assignan-
