2804 4890
422 708 475 764 Du
496 711 705 768 ALTARIUM
730 713 1032 769 DENUDATIONE.
1215 705 1276 767 303

227 880 255 941 7.
279 879 348 943 Hoc
364 885 470 945 saneto
487 882 593 946 triduo
609 903 716 945 omnes
732 889 930 948 transcuntes
945 891 1018 947 ante
1036 886 1167 947 Crucem
1184 886 1271 949 Alta-

184 973 227 1034 ris
258 974 388 1052 majoris
419 975 533 1038 debent
566 977 771 1040 reverentiam
803 978 905 1040 facere
936 998 991 1058 per
1022 978 1271 1059 genuflexionem

182 1071 309 1147 excepto
327 1067 509 1130 Celebraute
527 1074 644 1148 parato,
661 1070 715 1149 qui
733 1074 857 1132 tantum
875 1071 1032 1150 profunde
1049 1071 1192 1147 inclinat,
1209 1073 1270 1134 nisi

183 1159 275 1222 aliter
291 1165 427 1222 notetur.
468 1161 578 1223 Coram
600 1162 805 1223 Sanctissimo
823 1164 855 1224 in
874 1163 1070 1242 Repositorio
1086 1183 1140 1227 seu
1160 1163 1270 1245 Sepul-

183 1253 257 1315 chro
281 1254 326 1318 sie
350 1253 435 1316 dieto
459 1257 628 1335 utrumque
652 1274 734 1335 genu
760 1254 950 1318 flectendum
974 1260 1030 1318 est.

222 1350 252 1410 8.
274 1345 428 1410 “curabit
445 1348 614 1424 Parochus,
630 1353 667 1410 ut
683 1349 807 1411 assidue
822 1348 928 1411 adsint
944 1349 998 1429 qui
1015 1355 1105 1414 orent
1120 1355 1193 1415 ante
1212 1352 1268 1415 SS.

182 1439 420 1504 Sacramentum
448 1441 481 1504 in
509 1441 629 1504 Sacello
658 1441 833 1522 Sepulchri,
860 1446 956 1523 utque
982 1442 1093 1506 decens
1119 1463 1269 1507 numerus

177 1533 357 1598 cereorum''
373 1553 425 1596 sex
441 1534 552 1597 saltem
567 1535 689 1598 lumina
703 1537 803 1598 cerea⁴
819 1537 874 1599 “in
888 1557 923 1599 eo
937 1534 1141 1599 colluceant?

222 1626 355 1689 Prorsus
374 1625 541 1689 interdicta
560 1631 607 1688 est
625 1627 750 1706 quaevis
769 1625 952 1690 Benedictio
971 1646 1042 1688 oum
1064 1624 1269 1688 Sanctissimo

180 1719 227 1783 vel
241 1718 405 1799 Expositio
419 1718 543 1799 publica
556 1719 651 1781 ctiam
665 1739 721 1799 per
734 1718 863 1780 modum
877 1717 1094 1798 Quadraginta
1108 1717 1268 1780 Horarum

180 1831 235 1892 per
255 1832 377 1874 sacrum
398 1810 541 1874 triduum
562 1813 711 1875 “amane
733 1810 829 1874 feriae
850 1811 977 1891 quintae
998 1809 1156 1891 usquead
1177 1829 1268 1873 mane

181 1905 309 1968 Sabbati
327 1903 456 1967 Saneti'’
472 1904 569 1966 Missa
585 1904 699 1965 finita.⁵

223 1998 258 2059 Si
283 1998 372 2060 nulla
399 1997 491 2059 Feria
517 1997 555 2058 V.
582 1997 733 2060 habeatur
759 1997 891 2073 functio,
917 2016 1004 2061 sacra
1031 1996 1126 2076 Pyxis
1153 1997 1186 2058 in
1212 2015 1268 2057 suo

180 2092 284 2154 Altari
306 2091 421 2153 servari
444 2095 545 2170 potest
567 2090 723 2169 usquead
746 2090 820 2152 solis
841 2110 994 2163 occasum,
1015 2096 1051 2150 ut
1074 2087 1179 2150 fideles
1201 2087 1268 2152 loco

178 2185 343 2265 Sepulchri
384 2182 424 2246 ad
466 2184 588 2246 Ssruanr
627 2183 859 2244 Eucharistiam
898 2181 1089 2245 adorandam
1127 2179 1270 2244 accedere

190 2297 197 2315 r
313 2275 326 2309 0

180 2274 312 2429 x(diiungi
338 2388 417 2430 urna
444 2367 477 2428 in
506 2366 608 2428 Alteri
636 2368 745 2445 parato
772 2385 827 2444 per
853 2368 975 2425 noctem
1003 2384 1065 2425 non
1093 2363 1169 2423 satis
1197 2366 1266 2422 tuta

177 2465 267 2536 esset,
282 2482 305 2523 s.
322 2460 403 2524 calix
419 2460 457 2522 ad
474 2480 631 2540 vesperam
648 2459 681 2519 in
698 2456 933 2520 tabernaculum
948 2456 1077 2517 solitum
1092 2454 1219 2528 deferri,
1235 2457 1267 2516 et

179 2575 269 2618 mane
287 2554 367 2617 feria
384 2556 471 2615 soxta
488 2553 526 2614 ad
547 2550 777 2631 depositorium
797 2550 908 2612 referri
926 2548 1047 2629 possit!

213 2745 226 2779 ⁴
245 2739 419 2803 Marcimeni,
439 2736 497 2788 111.
517 2738 542 2800 4,
563 2736 605 2788 92.
784 2739 797 2773 θ
816 2733 849 2784 D.
870 2735 893 2784 1.
909 2733 975 2784 reb.
994 2733 1069 2795 1895,
1086 2747 1112 2781 ιι.
1130 2731 1207 2780 3842.
1224 2729 1249 2781 3.

214 2821 227 2855 ⁸
245 2815 278 2866 D.
299 2815 375 2868 1199.
785 2815 797 2850 ²
816 2809 857 2861 Do
871 2809 970 2873 Herdt,
984 2807 1041 2859 111.
1057 2808 1098 2859 39.
