2804 4890
148 649 209 712 198
248 657 303 713 ΒΕ
325 657 586 713 nsalSTENTIA
609 657 792 713 EPISCOPl
813 656 864 712 ET
887 655 1037 711 BENED.
1054 655 1211 713 man.

595 989 710 1061 ΛΒΤ.
736 990 786 1060 ΙΙ.

202 1174 253 1225 DE
272 1174 524 1226 ASSISTENTIA
543 1173 715 1224 EPlSOOPI
737 1173 859 1224 CAPPA
879 1172 1015 1225 MAGNA
1035 1170 1184 1224 INDU’l'I.

192 1339 262 1403 100.
285 1339 458 1421 Episcopus
471 1340 599 1402 inchoat
613 1339 753 1416 Missam,
767 1339 923 1403 benedicit
936 1340 1111 1414 incensum,
1125 1358 1237 1419 aquam

148 1439 217 1511 etc,
239 1435 295 1497 dat
316 1434 564 1497 benedictionem
587 1435 621 1495 in
645 1434 717 1510 fine,
740 1435 842 1514 capite
864 1433 965 1496 bireto
987 1436 1144 1514 cooperto,
1166 1452 1237 1495 con·

148 1529 232 1592 cedit
252 1528 483 1608 Indulgentiae,
504 1533 535 1590 et
556 1527 674 1607 reliqua
695 1526 819 1608 perficit
838 1532 876 1590 ut
897 1527 1070 1608 Episcopus
1091 1526 1239 1589 assistens

149 1623 281 1705 pluviali
304 1622 454 1698 indutus;
478 1627 511 1684 at
535 1622 714 1684 incensatur
738 1621 933 1684 solummodo
956 1621 996 1684 ad
1022 1620 1238 1684 Offertorium.

150 1716 317 1781 Celebrans
332 1737 403 1779 vero
417 1717 598 1778 incensatur
612 1716 650 1777 ad
667 1717 851 1792 Introitum,
866 1716 1076 1796 Evangelium
1090 1719 1122 1779 et
1138 1714 1238 1777 Offer-

149 1811 266 1876 torium
291 1810 411 1892 duplici
436 1811 543 1873 ductu.
590 1810 754 1890 Presbyter
779 1811 926 1873 assistens
950 1810 1065 1890 accipit
1088 1828 1197 1890 pacem
1221 1828 1239 1872 a

151 1905 333 1968 Celebrante
360 1910 391 1967 ct
416 1905 519 1967 defert
545 1905 584 1966 ad
611 1904 811 1985 Episcopum.
856 1903 1029 1967 Deficiente
1056 1903 1164 1966 Presb.
1192 1922 1239 1966 as·

149 1999 278 2061 sistente
296 2003 415 2080 spectat
431 1999 470 2060 ad
488 1998 663 2060 Diaconum
683 1999 819 2062 llissae.¹

192 2096 220 2155 2.
246 2093 279 2154 Si
305 2093 479 2173 Episcopus
504 2093 642 2154 rochetto
666 2097 699 2155 et
722 2096 855 2156 mozetta
878 2097 1005 2157 tantum
1029 2092 1162 2155 indutus
1186 2092 1239 2167 sit,

150 2187 351 2249 “nullatenus
376 2186 449 2249 licet
473 2186 627 2267 Episcopo
652 2186 756 2249 sedere
781 2188 814 2248 in
839 2185 1019 2251 Throno.''²
1064 2185 1139 2249 Non
1162 2185 1240 2267 legit

150 2302 187 2345 ex
208 2280 297 2344 libro.
342 2279 500 2342 Diaconus
523 2280 638 2360 accipit
660 2300 768 2361 pacem
789 2301 807 2343 a
832 2280 1025 2356 Celebranta,
1047 2300 1176 2361 eamque
1200 2279 1240 2342 ad

154 2375 344 2457 Episcopum
377 2373 503 2435 deserta
569 2374 618 2435 Ad
653 2374 869 2436 celebrantem
902 2378 1023 2454 spectat
1054 2373 1239 2437 beuediccrc

151 2489 273 2550 aquarn,
304 2469 476 2543 incensum,
508 2466 683 2529 Diaconum
713 2470 744 2530 et
776 2467 1020 2542 subdiaconum,
1050 2471 1083 2530 et
1112 2467 1148 2529 in
1177 2467 1241 2530 fine

151 2564 327 2644 populum.⁴

194 2661 221 2718 3.
246 2657 419 2736 Episcopus
446 2656 620 2717 Dominicis
646 2661 676 2717 ct
702 2655 773 2717 aliis
798 2656 906 2719 diebus
934 2656 1045 2730 Fastis,
1073 2655 1241 2719 Sacerdote

151 2751 286 2824 absente,
307 2751 361 2830 qui
381 2751 438 2811 hoc
459 2750 556 2811 officio
577 2749 792 2829 perfungitur,
814 2749 944 2811 Missam
965 2749 1112 2811 ultimam
1133 2756 1241 2813 canta·

154 2848 217 2906 tam
251 2845 283 2904 in
317 2863 373 2904 sua
405 2842 584 2906 Catlrcdrali
618 2843 701 2903 solus
734 2842 886 2904 celebrare
918 2863 982 2905 non
1014 2846 1126 2922 potest
1172 2843 1241 2906 Nec

153 2937 283 2998 blissam
302 2939 460 2998 cantatam
479 2956 535 3016 pro
555 2935 714 2998 defunctis
733 2935 817 3000 solus
836 2935 989 3000 celebrare
1008 2935 1135 3018 potest·

587 3216 701 3287 ART.
727 3216 799 3287 ΙΙΙ.

152 3400 203 3452 DE
227 3399 513 3451 BENEDICTIONE
538 3399 679 3449 PAPALI
706 3400 756 3449 AD
782 3399 929 3450 MISSAM
953 3399 1244 3453 PONTIEIGALEM

246 3483 324 3534 CUM
349 3482 613 3533 INDULGENTIA
638 3482 831 3534 PLENARIA
858 3485 1147 3536 ΙὶιῙΡΕΙῖἸἾΕΝῙᾺ.ι

197 3652 266 3715 110.
290 3651 437 3732 Episcopi
466 3651 512 3712 bis
542 3651 573 3711 in
604 3671 696 3727 anno,
725 3650 790 3713 scil.
819 3650 854 3714 in
884 3651 1050 3714 Dominica
1080 3651 1244 3716 Pascbatis

152 3751 184 3811 et
203 3748 235 3808 in
255 3746 316 3809 alia
336 3746 533 3809 solemnitate
551 3744 589 3806 ad
610 3746 748 3825 ipsorum
769 3745 907 3815 libitum,
927 3752 1090 3827 postquam
1111 3747 1242 3810 Missam

154 3839 372 3903 Pontificalem
404 3838 610 3907 celebrarunt,
643 3839 797 3918 impertiri
831 3844 962 3918 possunt
991 3839 1241 3904 benedictionem

154 3935 321 3999 solemnem
352 3954 423 3996 cum
452 3933 647 3994 concessione
677 3931 898 4012 Indulgentiae
927 3933 1086 4014 plenariae
1114 3935 1243 3998 nominc

156 4028 280 4091 Summi
303 4026 476 4090 Pontificis.
521 4025 643 4100 “Quam
666 4027 773 4088 tamon
797 4027 979 4090 facultatem
1002 4032 1107 4108 petere
1128 4028 1243 4094 debent

189 4228 199 4260 ¹
220 4220 251 4271 l).
269 4219 345 4269 2089.
362 4221 385 4269 5.
760 4222 771 4254 ὓ
792 4218 823 4268 D.
845 4218 921 4269 3223.
942 4219 957 4268 2
977 4223 1004 4269 et
1024 4218 1048 4271 3.

188 4296 252 4347 ²1).
276 4299 315 4345 ll.
339 4295 408 4345 blas.
432 4296 507 4357 1882,
528 4309 553 4344 n.
576 4294 653 4344 3540.
761 4301 769 4332 ¹
793 4295 832 4342 Ex
877 4295 1031 4346 Pontificali
1077 4297 1161 4360 Rom,
1205 4295 1243 4348 cf.

188 4373 252 4423 ³1).
272 4372 347 4422 2089.
367 4374 391 4421 5.
725 4370 897 4433 blarlinucci,
922 4377 948 4422 et
975 4373 1014 4421 lla
1039 4372 1137 4434 Herdt,
1161 4372 1242 4425 Pras.

189 4456 201 4489 ⁴
219 4450 252 4500 D.
274 4450 350 4500 3110.
371 4449 402 4499 21
423 4452 449 4499 el
471 4449 511 4498 22.
726 4446 831 4502 Pontis.
