2804 4890
155 695 216 758 580
339 702 425 757 APP.
450 702 491 758 11.
533 701 587 756 DE
610 702 867 759 PARAMENTIS
891 703 1058 760 CALICIS.

155 865 230 923 tunc
261 862 353 923 unica
385 862 459 924 fuit.
512 860 624 925 Adhuc
654 863 776 926 saeculo
807 862 849 927 X.
881 862 1118 945 longitudinem
1148 863 1263 925 adhue

154 954 286 1017 habebat
312 960 343 1016 et
368 954 570 1017 latitudinem
597 955 694 1018 totius
722 974 855 1017 mensae.
904 956 1055 1033 Tantum,
1082 958 1263 1037 postquam

154 1047 260 1128 plures
284 1067 414 1127 mappae
440 1068 534 1128 super
557 1047 651 1110 altari
677 1048 792 1129 apponi
817 1051 942 1130 coeptae
967 1052 1052 1126 sunt,
1078 1046 1264 1131 Corporale

155 1141 335 1219 sejunctum
361 1160 377 1200 a
404 1159 518 1219 mappa
546 1141 578 1201 in
606 1161 697 1201 usum
726 1141 819 1218 venit,
847 1142 928 1221 quod
954 1141 1102 1222 deinceps
1129 1142 1262 1205 dimen-

155 1234 241 1297 sione
260 1232 426 1312 paullatim
445 1232 606 1295 deeurtata
627 1234 700 1295 suit.
745 1234 806 1297 Sed
824 1234 926 1297 adlruc
947 1234 1039 1298 hodie
1057 1234 1094 1296 in
1117 1234 1263 1298 Pontifi-

154 1325 215 1387 oali
240 1326 291 1405 (in
313 1325 378 1387 ritu
398 1325 606 1388 ordinationis
629 1325 836 1408 Subdiaeoni)
863 1328 1000 1390 occurrit
1019 1347 1137 1392 nomen
1163 1328 1262 1392 Palla

155 1417 333 1499 corporalis.

197 1515 224 1574 7.
248 1511 409 1591 Corporali
439 1532 559 1591 semper
587 1513 723 1574 maxima
753 1513 925 1576 reverentia
954 1513 1094 1577 exhiberi
1120 1514 1260 1578 solebat.

155 1605 238 1666 Nam
268 1604 448 1667 immediate
480 1604 511 1665 S.
543 1604 690 1667 Hostiam
721 1607 834 1686 tangit.
888 1606 1072 1669 Reverentia
1104 1606 1262 1687 pluribus

154 1696 230 1759 locis
252 1697 328 1761 adeo
350 1717 510 1777 progressa
532 1698 629 1760 luisse
652 1703 810 1773 narratur,
834 1703 870 1760 ut
890 1699 1137 1779 ‘superstitiones
1162 1718 1261 1781 quae-

153 1790 228 1853 dam
249 1809 321 1852 cum
345 1791 506 1870 Corporali
530 1790 631 1853 locum
654 1790 810 1852 baberent.
856 1791 1044 1851 Praesertim
1067 1795 1186 1854 eontra
1210 1794 1260 1854 in-

153 1882 300 1944 cendium
325 1882 464 1945 adhiberi
489 1883 615 1945 solebat.
662 1883 811 1963 Legimus
834 1883 919 1947 enim
944 1884 977 1944 in
1004 1883 1261 1947 Constitutioni-

153 1975 211 2036 bus
239 1973 513 2037 Cluniaeensibus:
553 1976 705 2055 “Semper
732 1979 907 2037 asservetur
933 1976 966 2037 in
994 1976 1092 2037 latere
1119 1977 1262 2039 sinistro

154 2067 262 2130 altaris
295 2067 528 2148 principalioris
561 2066 729 2148 Corporale
763 2069 796 2129 in
829 2087 902 2130 arca
934 2066 1108 2143 eonditum,
1145 2074 1187 2132 ut
1216 2069 1260 2132 ad

153 2180 281 2222 manum
308 2161 406 2241 possit
430 2179 493 2222 esse
518 2164 626 2222 eontra
651 2160 827 2241 perieulum
854 2159 968 2240 ignis.”
1015 2160 1279 2239 Projieiebatur'

154 2252 321 2334 Corporale
339 2253 372 2314 in
391 2254 496 2332 ignem
516 2252 555 2314 ad
576 2252 719 2314 flammas
738 2252 990 2333 exstinguendas.
1032 2252 1261 2318 Auctoritates

151 2345 375 2408 ecclesiasticae
398 2351 505 2426 postea
527 2345 606 2408 hanc
629 2346 752 2426 praxim
774 2343 1033 2408 condemnarunt.

599 2571 715 2644 ART.
744 2573 795 2644 II.

594 2758 643 2808 DE
671 2757 802 2808 PALLA.

193 2900 263 2963 354.
289 2899 378 2963 Palla
400 2903 446 2964 est
470 2921 583 2981 parvus
606 2921 730 2982 pannus
753 2901 924 2982 quadratus
947 2903 1058 2975 lineus,
1081 2922 1144 2981 quo
1169 2904 1256 2965 ealix

153 2994 237 3057 intra
260 2995 388 3056 missam
410 2994 597 3073 contegitur.
644 2993 748 3059 Hodie
771 3000 835 3057 tres
859 2996 976 3056 formae
1003 2994 1108 3055 Pallae
1133 2996 1167 3055 in
1191 3016 1256 3056 usu

152 3093 235 3149 sunt.
290 3088 416 3148 Primus
447 3086 557 3147 modus
588 3085 772 3148 conficiendi
806 3088 927 3148 Pallam
960 3087 1101 3147 consistit
1138 3088 1170 3147 in
1205 3110 1254 3157 eo.

150 3181 232 3261 quod
264 3179 326 3242 duo
357 3180 543 3242 linteamina
573 3178 725 3259 quadrata
757 3179 930 3241 habeantur
961 3183 1100 3245 consuta.
1135 3179 1179 3241 ita
1215 3186 1252 3243 ut

152 3293 275 3335 saecum
294 3273 498 3346 constituant,
518 3273 567 3333 eni
586 3272 693 3334 ebarta
714 3272 759 3333 rel
778 3273 873 3333 etiam
892 3273 996 3334 tenuis
1015 3270 1122 3333 tabula
1143 3271 1255 3351 lignea

153 3367 303 3427 inseritur
322 3365 360 3426 ad
380 3364 581 3426 obtinendam
603 3366 756 3443 majorem
774 3364 956 3427 firmitatem
977 3365 1023 3426 rel
1043 3362 1253 3427 soliditatem.

153 3460 242 3521 Alter
265 3458 375 3519 modus
400 3457 540 3532 babetur,
565 3463 718 3536 quatenns
741 3456 803 3519 duo
827 3456 872 3517 rel
898 3462 961 3518 tres
983 3456 1081 3536 panni
1107 3456 1195 3519 inter
1221 3479 1254 3521 se

151 3556 390 3621 connectuntur,
415 3551 468 3630 qui
493 3554 568 3611 tune
592 3549 694 3628 amylo
719 3547 963 3611 consolidant-ur.
1010 3549 1118 3610 Tertia
1143 3552 1255 3613 torma

153 3645 258 3706 l‘allae
283 3649 329 3706 est
354 3643 486 3723 simplex
512 3662 635 3722 pannus
657 3643 768 3709 lineus,
794 3642 845 3720 qui
872 3642 997 3703 ebartae
1023 3642 1087 3703 lino
1113 3643 1252 3706 cirrum·

151 3738 261 3799 ‹ln‹·tae
282 3736 333 3798 sed
355 3735 552 3816 aliquatenus
574 3735 703 3811 majoris
722 3732 926 3795 dimensionis
948 3734 1032 3795 inira
1054 3738 1253 3814 supponitur

151 3838 180 3891 et
202 3851 257 3891 aen
280 3829 324 3892 vel
347 3829 455 3910 pam-is
475 3828 538 3889 filis
559 3827 705 3912 affigitur.

194 3926 220 3982 2.
242 3922 331 3983 l'alla
364 3922 431 4000 ipsa
458 3927 505 3983 est
535 3920 586 3983 ille
616 3940 739 3999 pannus
769 3919 881 3987 lineus.
913 3920 998 3982 infra
1027 3919 1161 4000 positus.
1196 3925 1252 4003 qui

150 4016 277 4077 ‹ulieem
305 4015 421 4077 directe
450 4015 496 4076 vel
527 4012 706 4075 immediate
736 4013 874 4091 contegit
909 4013 999 4090 (narn
1027 4013 1078 4074 bie
1107 4019 1252 4094 praecise

152 4109 272 4169 Pallam
301 4108 482 4179 constituit)
515 4112 546 4169 et
574 4107 626 4185 qui
655 4105 745 4167 debet
773 4125 837 4167 esse
864 4104 978 4184 absque
1004 4106 1091 4167 omni
1120 4115 1253 4177 ornatu.

150 4202 256 4263 eodem
276 4200 366 4264 modo
384 4221 418 4261 ae
438 4199 614 4279 Corporale.
646 4199 775 4277 Semper
792 4198 832 4257 sit
849 4197 1017 4258 linteamen
1037 4198 1252 4277 purissimum

149 4300 177 4355 ei
210 4294 436 4356 nitidissimum
469 4293 615 4372 quouiam
648 4288 825 4351 imrmuliale
857 4310 949 4369 supra
980 4291 1252 4369 pretiosissimum

152 4388 345 4461 Sarimrinem
365 4387 396 4447 in
417 4385 512 4446 oalieo
532 4385 669 4463 ponitur.
712 4383 849 4443 (bunius
868 4386 966 4462 polest
989 4383 1103 4461 apponi
1128 4385 1160 4446 in
1185 4389 1254 4452 sola

149 4480 312 4563 superficie
334 4483 366 4544 et
388 4479 419 4540 in
441 4475 701 4540 extremitatibus.
747 4475 828 4537 Nam
853 4475 947 4537 dubio
970 4476 1149 4556 proposito:
1175 4481 1254 4548 “An
