2804 4890
187 630 248 703 620
499 644 554 705 nn
576 642 960 707 nnrnurcrrormus.

188 819 322 881 Perochi
343 838 379 882 ac
403 818 609 901 Superiorum
630 818 692 883 loci
713 838 875 897 consensu,
897 838 976 902 quac
996 823 1071 885 cote
1092 818 1291 884 erectionem

186 910 371 995 inscriptis
392 912 527 975 obtineri
548 912 685 976 debent.⁸
727 912 811 977 Item
832 913 1004 994 postulatio
1024 913 1066 979 ad
1088 912 1291 994 Episcopum

187 1003 307 1067 directa
326 1008 359 1068 et
376 1005 584 1068 concessionis
604 1005 852 1068 instrumentum
872 1006 908 1067 in
926 1003 1052 1069 archivo
1072 1004 1291 1086 Episcopatus

187 1096 398 1159 conservanda
417 1101 510 1173 sunt;
531 1097 586 1160 sed
606 1096 751 1161 additur:
773 1098 858 1161 “nou
879 1097 936 1161 sub
956 1118 1056 1181 poena
1074 1096 1292 1161 nullitstis.''⁹

235 1190 283 1270 (s)
312 1188 427 1253 Cruces
442 1190 556 1254 debent
570 1210 635 1255 esse
650 1191 780 1271 ligneae.
808 1190 882 1254 Non
897 1190 1103 1272 requinmtur
1117 1189 1291 1271 imagines,

187 1302 265 1363 quse
285 1286 391 1346 tamen
412 1281 615 1347 laudabiliter
635 1282 824 1346 adhibentur
843 1288 876 1347 et
896 1282 1038 1346 benedici
1056 1288 1200 1367 possunt.

234 1375 288 1457 (p)
313 1374 428 1457 Oongr.
448 1374 480 1439 S.
496 1374 559 1439 Off.
581 1374 681 1455 (Sect.
697 1375 735 1441 de
751 1375 840 1456 Ind.)
861 1375 892 1438 d.
912 1378 961 1439 10.
978 1375 1060 1440 Mar.
1078 1378 1161 1438 1914
1175 1396 1292 1439 omnes

189 1467 269 1531 Viae
303 1466 413 1530 Crucis
444 1465 616 1530 erectiones
647 1487 780 1548 eousque
810 1467 926 1548 ubique
957 1468 1098 1531 locorum
1128 1468 1169 1533 ob
1200 1488 1282 1550 quo

187 1580 334 1640 ecumque
359 1559 499 1623 deiectus
527 1559 664 1622 invalide
688 1560 789 1622 factas
813 1560 947 1640 benigne
970 1559 1131 1624 sanavit¹⁰

219 1712 281 1765 ⁸At
307 1713 423 1766 obtenta
449 1715 486 1767 ab
513 1715 650 1781 Episcopo
678 1714 706 1764 in
755 1728 789 1767 ne
814 1718 911 1781 postes
936 1715 1049 1768 dubium
1073 1715 1181 1769 oriatur
1205 1718 1289 1771 circa

182 1788 295 1854 scriptia
331 1787 468 1841 facultate
505 1791 641 1855 delegata,
677 1794 706 1841 st
754 1790 912 1842 canonicam
929 1790 1088 1843 Stationum
1105 1792 1286 1847 erectionem.

183 1862 301 1915 Parocbi
327 1862 371 1916 vel
400 1863 555 1930 Superioris
586 1867 705 1932 postula·
790 1865 1178 1934 ⁹8.c.1ns.oAug.1eeo.

182 1938 259 1993 tione
283 1939 389 2006 scripte
413 1955 465 1992 non
493 1942 641 2006 requiritur
667 1941 705 1993 di·
795 1938 972 1993 ²⁰Stetiones
988 1955 1052 1993 vero
1068 1945 1131 2008 post
1149 1942 1225 1995 diem
1247 1946 1292 1997 1⁰.

181 2030 288 2067 versum
316 2015 526 2068 instrumentum
553 2018 586 2069 ds
613 2032 705 2069 eorum
759 2016 829 2069 Mar.
848 2016 986 2068 191411011
1001 2016 1055 2070 rite
1071 2018 1180 2071 erectae
1194 2020 1292 2073 adbuc

181 2090 461 2155 consensu—(Iustu
481 2108 507 2145 n.
529 2093 655 2157 30.)-s.
676 2092 704 2144 O.
755 2094 892 2145 invalidas
909 2098 982 2147 sunt.

182 2165 292 2235 Indulg.
317 2167 377 2219 vult
400 2168 509 2220 omnino
533 2182 705 2235 praecavere,
