<?xml version="1.0" encoding="UTF-8"?>
<!DOCTYPE html PUBLIC "-//W3C//DTD XHTML 1.0 Transitional//EN"
    "http://www.w3.org/TR/xhtml1/DTD/xhtml1-transitional.dtd">
<html xmlns="http://www.w3.org/1999/xhtml" xml:lang="en" lang="en">
 <head>
  <title>
</title>
<meta http-equiv="Content-Type" content="text/html;charset=utf-8" />
  <meta name='ocr-system' content='tesseract 3.04.00' />
  <meta name='ocr-capabilities' content='ocr_page ocr_carea ocr_par ocr_line ocrx_word'/>
</head>
<body>
  <div class='ocr_page' id='page_1' title='image "./compendiumsacra00wapegoog_0070.png"; bbox 0 0 2804 4890; ppageno 0'>
   <div class='ocr_carea' id='block_1_1' title="bbox 431 713 1241 779">
    <p class='ocr_par' dir='ltr' id='par_1_1' title="bbox 431 713 1241 779">
     <span class='ocr_line' id='line_1_1' title="bbox 431 713 1241 779; baseline -0.001 -2"><span class='ocrx_word' id='word_1_1' title='bbox 431 720 485 777; x_wconf 81' lang='lat' dir='ltr'>Du</span> <span class='ocrx_word' id='word_1_2' title='bbox 507 720 638 777; x_wconf 80' lang='lat' dir='ltr'>ussssrs</span> <span class='ocrx_word' id='word_1_3' title='bbox 662 720 965 779; x_wconf 78' lang='lat' dir='ltr'>DDFUNOTORUM</span> <span class='ocrx_word' id='word_1_4' title='bbox 1202 713 1241 776; x_wconf 83' lang='grc'>53</span> 
     </span>
    </p>
   </div>
   <div class='ocr_carea' id='block_1_2' title="bbox 151 892 1349 3215">
    <p class='ocr_par' dir='ltr' id='par_1_2' title="bbox 155 892 1240 1163">
     <span class='ocr_line' id='line_1_2' title="bbox 156 892 1239 974; baseline 0 -18"><span class='ocrx_word' id='word_1_5' title='bbox 156 894 198 957; x_wconf 89' lang='lat' dir='ltr'>tis</span> <span class='ocrx_word' id='word_1_6' title='bbox 217 893 248 955; x_wconf 85' lang='lat' dir='ltr'>S.</span> <span class='ocrx_word' id='word_1_7' title='bbox 268 894 411 974; x_wconf 67' lang='lat' dir='ltr'>ioseph,⁸</span> <span class='ocrx_word' id='word_1_8' title='bbox 433 893 489 956; x_wconf 83' lang='lat' dir='ltr'>SS.</span> <span class='ocrx_word' id='word_1_9' title='bbox 510 893 598 957; x_wconf 88' lang='lat' dir='ltr'>Petri</span> <span class='ocrx_word' id='word_1_10' title='bbox 616 898 647 956; x_wconf 90' lang='lat' dir='ltr'>et</span> <span class='ocrx_word' id='word_1_11' title='bbox 667 893 771 969; x_wconf 88' lang='lat' dir='ltr'>Pauli,</span> <span class='ocrx_word' id='word_1_12' title='bbox 791 892 942 956; x_wconf 90' lang='lat' dir='ltr'><strong>Omnium</strong></span> <span class='ocrx_word' id='word_1_13' title='bbox 964 893 1161 970; x_wconf 85' lang='lat' dir='ltr'>Sanctorum,</span> <span class='ocrx_word' id='word_1_14' title='bbox 1181 893 1239 956; x_wconf 89' lang='lat' dir='ltr'>Pa·</span> 
     </span>
     <span class='ocr_line' id='line_1_3' title="bbox 156 986 1240 1069; baseline 0 -19"><span class='ocrx_word' id='word_1_15' title='bbox 156 989 239 1050; x_wconf 91' lang='lat' dir='ltr'>troni</span> <span class='ocrx_word' id='word_1_16' title='bbox 264 987 450 1069; x_wconf 90' lang='lat' dir='ltr'>principalis</span> <span class='ocrx_word' id='word_1_17' title='bbox 474 987 532 1050; x_wconf 90' lang='lat' dir='ltr'>loci</span> <span class='ocrx_word' id='word_1_18' title='bbox 557 1007 612 1049; x_wconf 87' lang='lat' dir='ltr'>seu</span> <span class='ocrx_word' id='word_1_19' title='bbox 636 986 826 1063; x_wconf 87' lang='lat' dir='ltr'>Dioeceseos,</span> <span class='ocrx_word' id='word_1_20' title='bbox 849 990 881 1050; x_wconf 87' lang='lat' dir='ltr'>et</span> <span class='ocrx_word' id='word_1_21' title='bbox 906 986 1060 1050; x_wconf 88' lang='lat' dir='ltr'>Titularis</span> <span class='ocrx_word' id='word_1_22' title='bbox 1086 987 1240 1050; x_wconf 80' lang='lat' dir='ltr'>Ecclesiae</span> 
     </span>
     <span class='ocr_line' id='line_1_4' title="bbox 155 1101 317 1163; baseline -0.012 -19"><span class='ocrx_word' id='word_1_23' title='bbox 155 1101 317 1163; x_wconf 82' lang='lat' dir='ltr'>propriae3</span> 
     </span>
    </p>

    <p class='ocr_par' dir='ltr' id='par_1_3' title="bbox 201 1174 1158 1258">
     <span class='ocr_line' id='line_1_5' title="bbox 201 1174 1158 1258; baseline 0.002 -22"><span class='ocrx_word' id='word_1_24' title='bbox 201 1176 249 1255; x_wconf 78' lang='lat' dir='ltr'>(f)</span> <span class='ocrx_word' id='word_1_25' title='bbox 279 1175 317 1236; x_wconf 95' lang='lat' dir='ltr'>In</span> <span class='ocrx_word' id='word_1_26' title='bbox 338 1175 549 1238; x_wconf 82' lang='lat' dir='ltr'>anniversario</span> <span class='ocrx_word' id='word_1_27' title='bbox 571 1174 784 1239; x_wconf 89' lang='lat' dir='ltr'>Dedicationis</span> <span class='ocrx_word' id='word_1_28' title='bbox 805 1178 949 1258; x_wconf 90' lang='lat' dir='ltr'>propriae</span> <span class='ocrx_word' id='word_1_29' title='bbox 971 1177 1127 1239; x_wconf 85' lang='lat' dir='ltr'>Ecclesiae</span> <span class='ocrx_word' id='word_1_30' title='bbox 1136 1177 1158 1252; x_wconf 79' lang='lat'>;²</span> 
     </span>
    </p>

    <p class='ocr_par' dir='ltr' id='par_1_4' title="bbox 155 1269 1241 1612">
     <span class='ocr_line' id='line_1_6' title="bbox 202 1269 1240 1351; baseline 0.003 -22"><span class='ocrx_word' id='word_1_31' title='bbox 202 1271 256 1348; x_wconf 75' lang='lat' dir='ltr'>(q)</span> <span class='ocrx_word' id='word_1_32' title='bbox 284 1270 323 1331; x_wconf 92' lang='lat' dir='ltr'>ln</span> <span class='ocrx_word' id='word_1_33' title='bbox 339 1271 377 1330; x_wconf 91' lang='lat' dir='ltr'>iis</span> <span class='ocrx_word' id='word_1_34' title='bbox 391 1269 574 1343; x_wconf 83' lang='lat' dir='ltr'>Dominicis,</span> <span class='ocrx_word' id='word_1_35' title='bbox 588 1271 627 1332; x_wconf 88' lang='lat' dir='ltr'>ad</span> <span class='ocrx_word' id='word_1_36' title='bbox 640 1290 716 1349; x_wconf 87' lang='lat' dir='ltr'>quas</span> <span class='ocrx_word' id='word_1_37' title='bbox 729 1271 854 1333; x_wconf 86' lang='lat' dir='ltr'>feriatio</span> <span class='ocrx_word' id='word_1_38' title='bbox 868 1274 1020 1335; x_wconf 79' lang='lat' dir='ltr'>festorum</span> <span class='ocrx_word' id='word_1_39' title='bbox 1035 1270 1240 1351; x_wconf 81' lang='lat' dir='ltr'>Epiphaniae,</span> 
     </span>
     <span class='ocr_line' id='line_1_7' title="bbox 156 1363 1240 1446; baseline 0.001 -21"><span class='ocrx_word' id='word_1_40' title='bbox 156 1363 304 1444; x_wconf 82' lang='lat' dir='ltr'>Corporis</span> <span class='ocrx_word' id='word_1_41' title='bbox 323 1365 452 1438; x_wconf 84' lang='lat' dir='ltr'>Christi,</span> <span class='ocrx_word' id='word_1_42' title='bbox 472 1364 528 1427; x_wconf 86' lang='lat' dir='ltr'>SS.</span> <span class='ocrx_word' id='word_1_43' title='bbox 549 1363 635 1427; x_wconf 87' lang='lat' dir='ltr'>Petri</span> <span class='ocrx_word' id='word_1_44' title='bbox 655 1370 686 1427; x_wconf 95' lang='lat' dir='ltr'>et</span> <span class='ocrx_word' id='word_1_45' title='bbox 705 1364 808 1440; x_wconf 89' lang='lat' dir='ltr'>Pauli,</span> <span class='ocrx_word' id='word_1_46' title='bbox 828 1367 958 1429; x_wconf 88' lang='lat' dir='ltr'>Patroni</span> <span class='ocrx_word' id='word_1_47' title='bbox 979 1365 1162 1446; x_wconf 87' lang='lat' dir='ltr'>principalis</span> <span class='ocrx_word' id='word_1_48' title='bbox 1182 1366 1240 1428; x_wconf 91' lang='lat' dir='ltr'>loci</span> 
     </span>
     <span class='ocr_line' id='line_1_8' title="bbox 156 1457 1241 1539; baseline 0.001 -20"><span class='ocrx_word' id='word_1_49' title='bbox 156 1457 308 1519; x_wconf 89' lang='lat' dir='ltr'>translata</span> <span class='ocrx_word' id='word_1_50' title='bbox 325 1461 371 1519; x_wconf 87' lang='lat' dir='ltr'>est</span> <span class='ocrx_word' id='word_1_51' title='bbox 389 1458 422 1518; x_wconf 93' lang='lat' dir='ltr'>in</span> <span class='ocrx_word' id='word_1_52' title='bbox 439 1457 479 1519; x_wconf 87' lang='lat' dir='ltr'>iis</span> <span class='ocrx_word' id='word_1_53' title='bbox 496 1457 704 1534; x_wconf 88' lang='lat' dir='ltr'>Dioecesibus,</span> <span class='ocrx_word' id='word_1_54' title='bbox 723 1459 757 1521; x_wconf 95' lang='lat' dir='ltr'>in</span> <span class='ocrx_word' id='word_1_55' title='bbox 774 1459 887 1539; x_wconf 90' lang='lat' dir='ltr'>quibus</span> <span class='ocrx_word' id='word_1_56' title='bbox 903 1461 977 1522; x_wconf 91' lang='lat' dir='ltr'>haec</span> <span class='ocrx_word' id='word_1_57' title='bbox 996 1461 1076 1523; x_wconf 86' lang='lat' dir='ltr'>festa</span> <span class='ocrx_word' id='word_1_58' title='bbox 1094 1460 1241 1539; x_wconf 86' lang='lat' dir='ltr'>abrogata</span> 
     </span>
     <span class='ocr_line' id='line_1_9' title="bbox 155 1557 238 1612; baseline 0.012 -1"><span class='ocrx_word' id='word_1_59' title='bbox 155 1557 238 1612; x_wconf 88' lang='lat' dir='ltr'>sunt.</span> 
     </span>
    </p>

    <p class='ocr_par' dir='ltr' id='par_1_5' title="bbox 154 1645 1241 2006">
     <span class='ocr_line' id='line_1_10' title="bbox 202 1645 1240 1722; baseline 0.004 -18"><span class='ocrx_word' id='word_1_60' title='bbox 202 1645 256 1722; x_wconf 81' lang='lat' dir='ltr'>(h)</span> <span class='ocrx_word' id='word_1_61' title='bbox 286 1645 325 1706; x_wconf 94' lang='lat' dir='ltr'>In</span> <span class='ocrx_word' id='word_1_62' title='bbox 362 1645 509 1708; x_wconf 82' lang='lat' dir='ltr'>Ecclesiis</span> <span class='ocrx_word' id='word_1_63' title='bbox 545 1646 780 1711; x_wconf 87' lang='lat' dir='ltr'>Parochialibus</span> <span class='ocrx_word' id='word_1_64' title='bbox 816 1667 912 1708; x_wconf 91' lang='lat' dir='ltr'>unam</span> <span class='ocrx_word' id='word_1_65' title='bbox 947 1650 1073 1710; x_wconf 90' lang='lat' dir='ltr'>tantum</span> <span class='ocrx_word' id='word_1_66' title='bbox 1111 1647 1240 1709; x_wconf 85' lang='lat' dir='ltr'>Missam</span> 
     </span>
     <span class='ocr_line' id='line_1_11' title="bbox 155 1737 1240 1821; baseline 0.003 -22"><span class='ocrx_word' id='word_1_67' title='bbox 155 1737 341 1800; x_wconf 74' lang='lat' dir='ltr'>habentibus</span> <span class='ocrx_word' id='word_1_68' title='bbox 368 1738 477 1800; x_wconf 92' lang='lat' dir='ltr'>diebus</span> <span class='ocrx_word' id='word_1_69' title='bbox 506 1738 681 1801; x_wconf 82' lang='lat' dir='ltr'>Dominicis</span> <span class='ocrx_word' id='word_1_70' title='bbox 710 1745 741 1803; x_wconf 92' lang='lat' dir='ltr'>et</span> <span class='ocrx_word' id='word_1_71' title='bbox 769 1740 903 1802; x_wconf 84' lang='lat' dir='ltr'>Festivis</span> <span class='ocrx_word' id='word_1_72' title='bbox 932 1740 1028 1802; x_wconf 91' lang='lat' dir='ltr'>etiam</span> <span class='ocrx_word' id='word_1_73' title='bbox 1057 1741 1240 1821; x_wconf 86' lang='lat' dir='ltr'>suppressis,</span> 
     </span>
     <span class='ocr_line' id='line_1_12' title="bbox 154 1832 1241 1915; baseline 0.002 -22"><span class='ocrx_word' id='word_1_74' title='bbox 154 1851 276 1895; x_wconf 85' lang='lat' dir='ltr'>necnon</span> <span class='ocrx_word' id='word_1_75' title='bbox 297 1832 406 1894; x_wconf 91' lang='lat' dir='ltr'>diebus</span> <span class='ocrx_word' id='word_1_76' title='bbox 430 1832 461 1894; x_wconf 90' lang='lat' dir='ltr'>S.</span> <span class='ocrx_word' id='word_1_77' title='bbox 485 1833 585 1895; x_wconf 87' lang='lat' dir='ltr'>Marci</span> <span class='ocrx_word' id='word_1_78' title='bbox 608 1838 639 1896; x_wconf 87' lang='lat' dir='ltr'>et</span> <span class='ocrx_word' id='word_1_79' title='bbox 663 1833 882 1913; x_wconf 85' lang='lat' dir='ltr'>Rogationum,</span> <span class='ocrx_word' id='word_1_80' title='bbox 905 1834 933 1895; x_wconf 91' lang='lat' dir='ltr'>si</span> <span class='ocrx_word' id='word_1_81' title='bbox 956 1833 1011 1895; x_wconf 89' lang='lat' dir='ltr'>fiat</span> <span class='ocrx_word' id='word_1_82' title='bbox 1033 1833 1186 1915; x_wconf 87' lang='lat' dir='ltr'>processio</span> <span class='ocrx_word' id='word_1_83' title='bbox 1210 1837 1241 1897; x_wconf 93' lang='lat' dir='ltr'>et</span> 
     </span>
     <span class='ocr_line' id='line_1_13' title="bbox 155 1925 499 2006; baseline 0.003 -20"><span class='ocrx_word' id='word_1_84' title='bbox 155 1925 264 2006; x_wconf 79' lang='lat' dir='ltr'>vigilia</span> <span class='ocrx_word' id='word_1_85' title='bbox 278 1926 499 1989; x_wconf 83' lang='lat' dir='ltr'>Pentecostes.⁸</span> 
     </span>
    </p>

    <p class='ocr_par' dir='ltr' id='par_1_6' title="bbox 153 2019 1240 2178">
     <span class='ocr_line' id='line_1_14' title="bbox 195 2019 1240 2102; baseline 0.002 -22"><span class='ocrx_word' id='word_1_86' title='bbox 195 2019 401 2082; x_wconf 74' lang='lat' dir='ltr'>Permittitur</span> <span class='ocrx_word' id='word_1_87' title='bbox 415 2020 515 2083; x_wconf 79' lang='lat' dir='ltr'>Missa</span> <span class='ocrx_word' id='word_1_88' title='bbox 531 2020 699 2102; x_wconf 75' lang='lat' dir='ltr'>exequialis</span> <span class='ocrx_word' id='word_1_89' title='bbox 715 2024 841 2082; x_wconf 89' lang='lat' dir='ltr'>cantata</span> <span class='ocrx_word' id='word_1_90' title='bbox 855 2023 887 2082; x_wconf 91' lang='lat' dir='ltr'>et</span> <span class='ocrx_word' id='word_1_91' title='bbox 903 2021 1020 2083; x_wconf 82' lang='lat' dir='ltr'>unica⁹</span> <span class='ocrx_word' id='word_1_92' title='bbox 1038 2021 1071 2081; x_wconf 94' lang='lat' dir='ltr'>in</span> <span class='ocrx_word' id='word_1_93' title='bbox 1088 2021 1160 2083; x_wconf 92' lang='lat' dir='ltr'>aliis</span> <span class='ocrx_word' id='word_1_94' title='bbox 1177 2020 1240 2082; x_wconf 92' lang='lat' dir='ltr'>die·</span> 
     </span>
     <span class='ocr_line' id='line_1_15' title="bbox 153 2113 706 2178; baseline 0 -3"><span class='ocrx_word' id='word_1_95' title='bbox 153 2113 210 2175; x_wconf 92' lang='lat' dir='ltr'>bus</span> <span class='ocrx_word' id='word_1_96' title='bbox 225 2114 321 2177; x_wconf 86' lang='lat' dir='ltr'>etiam</span> <span class='ocrx_word' id='word_1_97' title='bbox 338 2114 460 2177; x_wconf 83' lang='lat' dir='ltr'>festivis</span> <span class='ocrx_word' id='word_1_98' title='bbox 475 2119 506 2177; x_wconf 90' lang='lat' dir='ltr'>et</span> <span class='ocrx_word' id='word_1_99' title='bbox 523 2113 706 2178; x_wconf 89' lang='lat' dir='ltr'>Dominicis.</span> 
     </span>
    </p>

    <p class='ocr_par' dir='ltr' id='par_1_7' title="bbox 151 2207 1240 2552">
     <span class='ocr_line' id='line_1_16' title="bbox 196 2207 1240 2289; baseline 0.002 -21"><span class='ocrx_word' id='word_1_100' title='bbox 196 2207 236 2268; x_wconf 92' lang='lat' dir='ltr'>In</span> <span class='ocrx_word' id='word_1_101' title='bbox 263 2208 402 2289; x_wconf 78' lang='lat' dir='ltr'>exequiis</span> <span class='ocrx_word' id='word_1_102' title='bbox 429 2227 613 2289; x_wconf 88' lang='lat' dir='ltr'>pauperum,</span> <span class='ocrx_word' id='word_1_103' title='bbox 641 2208 694 2287; x_wconf 92' lang='lat' dir='ltr'>qui</span> <span class='ocrx_word' id='word_1_104' title='bbox 723 2207 839 2271; x_wconf 84' lang='lat' dir='ltr'>solvere</span> <span class='ocrx_word' id='word_1_105' title='bbox 867 2228 931 2269; x_wconf 91' lang='lat' dir='ltr'>nou</span> <span class='ocrx_word' id='word_1_106' title='bbox 959 2209 1064 2271; x_wconf 86' lang='lat' dir='ltr'>valent</span> <span class='ocrx_word' id='word_1_107' title='bbox 1092 2227 1240 2289; x_wconf 83' lang='lat' dir='ltr'>expensas</span> 
     </span>
     <span class='ocr_line' id='line_1_17' title="bbox 155 2300 1240 2383; baseline -0.001 -20"><span class='ocrx_word' id='word_1_108' title='bbox 155 2300 268 2363; x_wconf 84' lang='lat' dir='ltr'>Missae</span> <span class='ocrx_word' id='word_1_109' title='bbox 292 2306 444 2376; x_wconf 87' lang='lat' dir='ltr'>cantatae,</span> <span class='ocrx_word' id='word_1_110' title='bbox 468 2301 530 2381; x_wconf 86' lang='lat' dir='ltr'>legi</span> <span class='ocrx_word' id='word_1_111' title='bbox 555 2304 657 2381; x_wconf 91' lang='lat' dir='ltr'>potest</span> <span class='ocrx_word' id='word_1_112' title='bbox 682 2301 779 2362; x_wconf 88' lang='lat' dir='ltr'>Missa</span> <span class='ocrx_word' id='word_1_113' title='bbox 803 2302 926 2381; x_wconf 84' lang='lat' dir='ltr'>privata</span> <span class='ocrx_word' id='word_1_114' title='bbox 949 2302 987 2363; x_wconf 92' lang='lat' dir='ltr'>de</span> <span class='ocrx_word' id='word_1_115' title='bbox 1011 2302 1129 2383; x_wconf 82' lang='lat' dir='ltr'>Reqaie</span> <span class='ocrx_word' id='word_1_116' title='bbox 1154 2321 1240 2381; x_wconf 89' lang='lat' dir='ltr'>prae·</span> 
     </span>
     <span class='ocr_line' id='line_1_18' title="bbox 153 2394 1240 2473; baseline -0.003 -15"><span class='ocrx_word' id='word_1_117' title='bbox 153 2402 240 2459; x_wconf 87' lang='lat' dir='ltr'>sente</span> <span class='ocrx_word' id='word_1_118' title='bbox 264 2395 411 2457; x_wconf 78' lang='lat' dir='ltr'>cadavere</span> <span class='ocrx_word' id='word_1_119' title='bbox 435 2395 492 2456; x_wconf 89' lang='lat' dir='ltr'>sub</span> <span class='ocrx_word' id='word_1_120' title='bbox 516 2394 627 2455; x_wconf 92' lang='lat' dir='ltr'>iisdem</span> <span class='ocrx_word' id='word_1_121' title='bbox 652 2394 885 2457; x_wconf 88' lang='lat' dir='ltr'>conditionibus</span> <span class='ocrx_word' id='word_1_122' title='bbox 909 2395 1021 2473; x_wconf 88' lang='lat' dir='ltr'>quibus</span> <span class='ocrx_word' id='word_1_123' title='bbox 1048 2395 1145 2456; x_wconf 90' lang='lat' dir='ltr'>Missa</span> <span class='ocrx_word' id='word_1_124' title='bbox 1169 2414 1240 2457; x_wconf 93' lang='lat' dir='ltr'>cum</span> 
     </span>
     <span class='ocr_line' id='line_1_19' title="bbox 151 2488 833 2552; baseline -0.001 -2"><span class='ocrx_word' id='word_1_125' title='bbox 151 2496 246 2551; x_wconf 88' lang='lat' dir='ltr'>cautu</span> <span class='ocrx_word' id='word_1_126' title='bbox 260 2488 480 2552; x_wconf 85' lang='lat' dir='ltr'>conceditur.¹⁰</span> <span class='ocrx_word' id='word_1_127' title='bbox 829 2507 833 2516; x_wconf 91' lang='lat'>·</span> 
     </span>
    </p>

    <p class='ocr_par' dir='ltr' id='par_1_8' title="bbox 152 2578 1241 2754">
     <span class='ocr_line' id='line_1_20' title="bbox 196 2578 1241 2660; baseline 0.001 -20"><span class='ocrx_word' id='word_1_128' title='bbox 196 2584 223 2640; x_wconf 79' lang='grc'>2.</span> <span class='ocrx_word' id='word_1_129' title='bbox 246 2579 380 2657; x_wconf 76' lang='lat' dir='ltr'>Corpore</span> <span class='ocrx_word' id='word_1_130' title='bbox 398 2580 521 2657; x_wconf 84' lang='lat' dir='ltr'>sepulto</span> <span class='ocrx_word' id='word_1_131' title='bbox 539 2578 608 2642; x_wconf 84' lang='lat' dir='ltr'>siue</span> <span class='ocrx_word' id='word_1_132' title='bbox 626 2578 725 2640; x_wconf 77' lang='lat' dir='ltr'>Missa</span> <span class='ocrx_word' id='word_1_133' title='bbox 748 2579 828 2657; x_wconf 84' lang='lat' dir='ltr'>(erc.</span> <span class='ocrx_word' id='word_1_134' title='bbox 848 2599 921 2642; x_wconf 88' lang='lat' dir='ltr'>casu</span> <span class='ocrx_word' id='word_1_135' title='bbox 940 2599 1034 2660; x_wconf 89' lang='lat' dir='ltr'>supra</span> <span class='ocrx_word' id='word_1_136' title='bbox 1053 2579 1165 2658; x_wconf 84' lang='lat' dir='ltr'>allato)</span> <span class='ocrx_word' id='word_1_137' title='bbox 1191 2578 1241 2641; x_wconf 84' lang='lat' dir='ltr'>die</span> 
     </span>
     <span class='ocr_line' id='line_1_21' title="bbox 152 2674 563 2754; baseline -0.005 -18"><span class='ocrx_word' id='word_1_138' title='bbox 152 2674 306 2752; x_wconf 82' lang='lat' dir='ltr'>impedita</span> <span class='ocrx_word' id='word_1_139' title='bbox 317 2677 342 2708; x_wconf 93' lang='lat'>¹¹</span> <span class='ocrx_word' id='word_1_140' title='bbox 364 2674 563 2754; x_wconf 81' lang='lat' dir='ltr'>prohibetur:</span> 
     </span>
    </p>

    <p class='ocr_par' dir='ltr' id='par_1_9' title="bbox 200 2768 889 2849">
     <span class='ocr_line' id='line_1_22' title="bbox 200 2768 889 2849; baseline -0.001 -20"><span class='ocrx_word' id='word_1_141' title='bbox 200 2770 251 2845; x_wconf 81' lang='lat' dir='ltr'>(a)</span> <span class='ocrx_word' id='word_1_142' title='bbox 280 2768 434 2831; x_wconf 84' lang='lat' dir='ltr'>Omnibus</span> <span class='ocrx_word' id='word_1_143' title='bbox 451 2768 560 2830; x_wconf 89' lang='lat' dir='ltr'>dicbus</span> <span class='ocrx_word' id='word_1_144' title='bbox 579 2788 673 2849; x_wconf 87' lang='lat' dir='ltr'>supra</span> <span class='ocrx_word' id='word_1_145' title='bbox 691 2769 889 2844; x_wconf 81' lang='lat' dir='ltr'>memoratis3</span> 
     </span>
    </p>

    <p class='ocr_par' dir='ltr' id='par_1_10' title="bbox 203 2862 1243 2945">
     <span class='ocr_line' id='line_1_23' title="bbox 203 2862 1243 2945; baseline 0.001 -21"><span class='ocrx_word' id='word_1_146' title='bbox 203 2863 255 2941; x_wconf 84' lang='lat' dir='ltr'>(t)</span> <span class='ocrx_word' id='word_1_147' title='bbox 284 2863 323 2924; x_wconf 93' lang='lat' dir='ltr'>In</span> <span class='ocrx_word' id='word_1_148' title='bbox 338 2862 524 2939; x_wconf 89' lang='lat' dir='ltr'>Dominicis,</span> <span class='ocrx_word' id='word_1_149' title='bbox 537 2867 569 2926; x_wconf 86' lang='lat' dir='ltr'>et</span> <span class='ocrx_word' id='word_1_150' title='bbox 582 2863 672 2925; x_wconf 85' lang='lat' dir='ltr'>festis</span> <span class='ocrx_word' id='word_1_151' title='bbox 685 2863 722 2926; x_wconf 90' lang='lat' dir='ltr'>de</span> <span class='ocrx_word' id='word_1_152' title='bbox 735 2866 898 2945; x_wconf 89' lang='lat' dir='ltr'>praecepto</span> <span class='ocrx_word' id='word_1_153' title='bbox 910 2863 1006 2926; x_wconf 87' lang='lat' dir='ltr'>etiam</span> <span class='ocrx_word' id='word_1_154' title='bbox 1024 2862 1198 2944; x_wconf 88' lang='lat' dir='ltr'>suppressis</span> <span class='ocrx_word' id='word_1_155' title='bbox 1206 2864 1243 2938; x_wconf 85' lang='lat'>;¹²</span> 
     </span>
    </p>

    <p class='ocr_par' dir='ltr' id='par_1_11' title="bbox 196 2953 745 3033">
     <span class='ocr_line' id='line_1_24' title="bbox 196 2953 745 3033; baseline 0.002 -17"><span class='ocrx_word' id='word_1_156' title='bbox 196 2956 246 3033; x_wconf 86' lang='lat' dir='ltr'>(c)</span> <span class='ocrx_word' id='word_1_157' title='bbox 275 2955 314 3016; x_wconf 92' lang='lat' dir='ltr'>ln</span> <span class='ocrx_word' id='word_1_158' title='bbox 333 2954 424 3018; x_wconf 85' lang='lat' dir='ltr'>festis</span> <span class='ocrx_word' id='word_1_159' title='bbox 443 2958 490 3015; x_wconf 77' lang='lat'>1⁸0</span> <span class='ocrx_word' id='word_1_160' title='bbox 507 2959 539 3018; x_wconf 89' lang='lat' dir='ltr'>et</span> <span class='ocrx_word' id='word_1_161' title='bbox 556 2957 603 3015; x_wconf 73' lang='lat'>2⁸⁰</span> <span class='ocrx_word' id='word_1_162' title='bbox 621 2953 745 3031; x_wconf 84' lang='lat' dir='ltr'>classis3</span> 
     </span>
    </p>

    <p class='ocr_par' dir='ltr' id='par_1_12' title="bbox 152 3044 1349 3215">
     <span class='ocr_line' id='line_1_25' title="bbox 197 3044 1349 3126; baseline -0.002 -18"><span class='ocrx_word' id='word_1_163' title='bbox 197 3048 252 3125; x_wconf 86' lang='lat' dir='ltr'>(d)</span> <span class='ocrx_word' id='word_1_164' title='bbox 281 3047 350 3110; x_wconf 87' lang='lat' dir='ltr'>Fer.</span> <span class='ocrx_word' id='word_1_165' title='bbox 376 3046 434 3108; x_wconf 94' lang='lat' dir='ltr'>IV.</span> <span class='ocrx_word' id='word_1_166' title='bbox 461 3046 622 3123; x_wconf 84' lang='lat' dir='ltr'>Cinerum,</span> <span class='ocrx_word' id='word_1_167' title='bbox 645 3051 712 3110; x_wconf 88' lang='lat' dir='ltr'>tota</span> <span class='ocrx_word' id='word_1_168' title='bbox 734 3047 851 3125; x_wconf 83' lang='lat' dir='ltr'>Majori</span> <span class='ocrx_word' id='word_1_169' title='bbox 875 3045 1091 3123; x_wconf 88' lang='lat' dir='ltr'>Hebdomada,</span> <span class='ocrx_word' id='word_1_170' title='bbox 1114 3044 1244 3126; x_wconf 83' lang='lat' dir='ltr'>Vigiliis</span> <span class='ocrx_word' id='word_1_171' title='bbox 1345 3117 1349 3125; x_wconf 28' lang='grc' dir='ltr'>Ι</span> 
     </span>
     <span class='ocr_line' id='line_1_26' title="bbox 152 3139 616 3215; baseline 0 -13"><span class='ocrx_word' id='word_1_172' title='bbox 152 3139 338 3203; x_wconf 79' lang='lat' dir='ltr'>Nativitstis</span> <span class='ocrx_word' id='word_1_173' title='bbox 352 3143 385 3203; x_wconf 94' lang='lat' dir='ltr'>et</span> <span class='ocrx_word' id='word_1_174' title='bbox 400 3139 598 3202; x_wconf 87' lang='lat' dir='ltr'>Pentecostes</span> <span class='ocrx_word' id='word_1_175' title='bbox 606 3158 616 3215; x_wconf 87' lang='lat'>;</span> 
     </span>
    </p>
   </div>
   <div class='ocr_carea' id='block_1_3' title="bbox 151 3355 1245 4581">
    <p class='ocr_par' dir='ltr' id='par_1_13' title="bbox 189 3355 1244 3420">
     <span class='ocr_line' id='line_1_27' title="bbox 189 3355 1244 3420; baseline -0.001 -12"><span class='ocrx_word' id='word_1_176' title='bbox 189 3359 254 3410; x_wconf 64' lang='grc' dir='ltr'>αΙ).</span> <span class='ocrx_word' id='word_1_177' title='bbox 268 3360 310 3410; x_wconf 82' lang='grc'>28.</span> <span class='ocrx_word' id='word_1_178' title='bbox 323 3359 381 3410; x_wconf 85' lang='lat' dir='ltr'>Jul.</span> <span class='ocrx_word' id='word_1_179' title='bbox 398 3359 473 3420; x_wconf 87' lang='lat'>1911,</span> <span class='ocrx_word' id='word_1_180' title='bbox 487 3373 513 3408; x_wconf 91' lang='lat' dir='ltr'>n.</span> <span class='ocrx_word' id='word_1_181' title='bbox 527 3357 604 3407; x_wconf 74' lang='lat'>4274.</span> <span class='ocrx_word' id='word_1_182' title='bbox 724 3355 876 3407; x_wconf 80' lang='lat' dir='ltr'>fortissimo</span> <span class='ocrx_word' id='word_1_183' title='bbox 916 3355 1037 3407; x_wconf 87' lang='lat' dir='ltr'>subsidio</span> <span class='ocrx_word' id='word_1_184' title='bbox 1076 3359 1105 3407; x_wconf 89' lang='lat' dir='ltr'>et</span> <span class='ocrx_word' id='word_1_185' title='bbox 1143 3357 1244 3407; x_wconf 86' lang='lat' dir='ltr'>honore</span> 
     </span>
    </p>

    <p class='ocr_par' dir='ltr' id='par_1_14' title="bbox 189 3431 1243 3498">
     <span class='ocr_line' id='line_1_28' title="bbox 189 3431 1243 3498; baseline -0.007 -11"><span class='ocrx_word' id='word_1_186' title='bbox 189 3437 252 3488; x_wconf 77' lang='lat'>¹1).</span> <span class='ocrx_word' id='word_1_187' title='bbox 280 3439 319 3486; x_wconf 92' lang='lat' dir='ltr'>ll.</span> <span class='ocrx_word' id='word_1_188' title='bbox 346 3436 417 3486; x_wconf 86' lang='lat' dir='ltr'>Mar.</span> <span class='ocrx_word' id='word_1_189' title='bbox 445 3435 520 3498; x_wconf 86' lang='grc'><strong>1882,</strong></span> <span class='ocrx_word' id='word_1_190' title='bbox 545 3449 571 3484; x_wconf 93' lang='lat' dir='ltr'>n.</span> <span class='ocrx_word' id='word_1_191' title='bbox 597 3434 674 3484; x_wconf 82' lang='lat'>3541.</span> <span class='ocrx_word' id='word_1_192' title='bbox 723 3432 854 3496; x_wconf 83' lang='lat' dir='ltr'>privetur.</span> <span class='ocrx_word' id='word_1_193' title='bbox 897 3431 968 3482; x_wconf 90' lang='lat' dir='ltr'>Olim</span> <span class='ocrx_word' id='word_1_194' title='bbox 993 3432 1153 3497; x_wconf 84' lang='lat' dir='ltr'>permissum</span> <span class='ocrx_word' id='word_1_195' title='bbox 1178 3432 1243 3494; x_wconf 79' lang='lat' dir='ltr'>fuit,</span> 
     </span>
    </p>

    <p class='ocr_par' dir='ltr' id='par_1_15' title="bbox 188 3507 1244 3564">
     <span class='ocr_line' id='line_1_29' title="bbox 188 3507 1244 3564; baseline -0.004 -1"><span class='ocrx_word' id='word_1_196' title='bbox 188 3512 253 3564; x_wconf 77' lang='lat'>⁸1).</span> <span class='ocrx_word' id='word_1_197' title='bbox 273 3513 350 3564; x_wconf 83' lang='lat'>3208.</span> <span class='ocrx_word' id='word_1_198' title='bbox 724 3511 754 3558; x_wconf 91' lang='lat' dir='ltr'>ut</span> <span class='ocrx_word' id='word_1_199' title='bbox 782 3507 914 3560; x_wconf 85' lang='lat' dir='ltr'>Sacerdos</span> <span class='ocrx_word' id='word_1_200' title='bbox 941 3507 969 3557; x_wconf 92' lang='lat' dir='ltr'>in</span> <span class='ocrx_word' id='word_1_201' title='bbox 997 3509 1065 3560; x_wconf 90' lang='lat' dir='ltr'>hunc</span> <span class='ocrx_word' id='word_1_202' title='bbox 1093 3508 1173 3560; x_wconf 86' lang='lat' dir='ltr'>finem</span> <span class='ocrx_word' id='word_1_203' title='bbox 1201 3508 1244 3559; x_wconf 83' lang='lat' dir='ltr'>bis</span> 
     </span>
    </p>

    <p class='ocr_par' dir='ltr' id='par_1_16' title="bbox 151 3585 1243 4114">
     <span class='ocr_line' id='line_1_30' title="bbox 187 3585 1243 3650; baseline -0.002 -11"><span class='ocrx_word' id='word_1_204' title='bbox 187 3590 335 3641; x_wconf 65' lang='lat' dir='ltr'>’Praeter</span> <span class='ocrx_word' id='word_1_205' title='bbox 364 3589 477 3639; x_wconf 83' lang='lat' dir='ltr'>Missam</span> <span class='ocrx_word' id='word_1_206' title='bbox 505 3588 613 3638; x_wconf 87' lang='lat' dir='ltr'>unicam</span> <span class='ocrx_word' id='word_1_207' title='bbox 641 3588 674 3638; x_wconf 86' lang='lat' dir='ltr'>dc</span> <span class='ocrx_word' id='word_1_208' title='bbox 722 3586 816 3636; x_wconf 81' lang='lat' dir='ltr'>eadem</span> <span class='ocrx_word' id='word_1_209' title='bbox 836 3587 879 3638; x_wconf 89' lang='lat' dir='ltr'>die</span> <span class='ocrx_word' id='word_1_210' title='bbox 897 3585 1055 3636; x_wconf 88' lang='lat' dir='ltr'>celebraret.</span> <span class='ocrx_word' id='word_1_211' title='bbox 1093 3586 1144 3648; x_wconf 86' lang='lat' dir='ltr'>En,</span> <span class='ocrx_word' id='word_1_212' title='bbox 1162 3600 1243 3650; x_wconf 90' lang='lat' dir='ltr'>quam</span> 
     </span>
     <span class='ocr_line' id='line_1_31' title="bbox 153 3661 1243 3731; baseline -0.003 -14"><span class='ocrx_word' id='word_1_213' title='bbox 153 3666 255 3731; x_wconf 77' lang='lat' dir='ltr'>Requie</span> <span class='ocrx_word' id='word_1_214' title='bbox 280 3669 421 3716; x_wconf 81' lang='lat' dir='ltr'>cantatam</span> <span class='ocrx_word' id='word_1_215' title='bbox 447 3665 480 3716; x_wconf 88' lang='lat' dir='ltr'>de</span> <span class='ocrx_word' id='word_1_216' title='bbox 506 3664 550 3715; x_wconf 88' lang='lat' dir='ltr'>dic</span> <span class='ocrx_word' id='word_1_217' title='bbox 575 3664 674 3726; x_wconf 88' lang='lat' dir='ltr'>obitus,</span> <span class='ocrx_word' id='word_1_218' title='bbox 723 3661 805 3712; x_wconf 88' lang='lat' dir='ltr'>alieni</span> <span class='ocrx_word' id='word_1_219' title='bbox 837 3661 893 3712; x_wconf 91' lang='lat' dir='ltr'>sint</span> <span class='ocrx_word' id='word_1_220' title='bbox 926 3676 943 3712; x_wconf 90' lang='lat' dir='ltr'>a</span> <span class='ocrx_word' id='word_1_221' title='bbox 975 3667 1065 3714; x_wconf 83' lang='lat' dir='ltr'>ments</span> <span class='ocrx_word' id='word_1_222' title='bbox 1098 3662 1243 3725; x_wconf 84' lang='lat' dir='ltr'>Ecclesiae,</span> 
     </span>
     <span class='ocr_line' id='line_1_32' title="bbox 152 3738 1241 3807; baseline -0.004 -15"><span class='ocrx_word' id='word_1_223' title='bbox 152 3758 206 3792; x_wconf 83' lang='lat' dir='ltr'>non</span> <span class='ocrx_word' id='word_1_224' title='bbox 250 3743 315 3793; x_wconf 86' lang='lat' dir='ltr'>licet</span> <span class='ocrx_word' id='word_1_225' title='bbox 358 3746 502 3807; x_wconf 78' lang='lat' dir='ltr'>praesente</span> <span class='ocrx_word' id='word_1_226' title='bbox 544 3741 675 3791; x_wconf 85' lang='lat' dir='ltr'>cadavere</span> <span class='ocrx_word' id='word_1_227' title='bbox 725 3738 770 3803; x_wconf 92' lang='lat' dir='ltr'>qui</span> <span class='ocrx_word' id='word_1_228' title='bbox 802 3739 967 3790; x_wconf 87' lang='lat' dir='ltr'>mundanam</span> <span class='ocrx_word' id='word_1_229' title='bbox 1000 3754 1127 3805; x_wconf 88' lang='lat' dir='ltr'>pompam</span> <span class='ocrx_word' id='word_1_230' title='bbox 1160 3740 1241 3804; x_wconf 89' lang='lat' dir='ltr'>pluri-</span> 
     </span>
     <span class='ocr_line' id='line_1_33' title="bbox 151 3816 1243 3882; baseline -0.004 -11"><span class='ocrx_word' id='word_1_231' title='bbox 151 3820 246 3871; x_wconf 80' lang='lat' dir='ltr'>eadem</span> <span class='ocrx_word' id='word_1_232' title='bbox 265 3819 310 3870; x_wconf 85' lang='lat' dir='ltr'>dio</span> <span class='ocrx_word' id='word_1_233' title='bbox 329 3818 400 3869; x_wconf 83' lang='lat' dir='ltr'>alias</span> <span class='ocrx_word' id='word_1_234' title='bbox 419 3819 519 3868; x_wconf 83' lang='lat' dir='ltr'>Missas</span> <span class='ocrx_word' id='word_1_235' title='bbox 537 3818 570 3868; x_wconf 85' lang='lat' dir='ltr'>de</span> <span class='ocrx_word' id='word_1_236' title='bbox 588 3816 632 3870; x_wconf 86' lang='lat' dir='ltr'>dio</span> <span class='ocrx_word' id='word_1_237' title='bbox 650 3817 674 3866; x_wconf 88' lang='grc'>3.</span> <span class='ocrx_word' id='word_1_238' title='bbox 725 3831 827 3866; x_wconf 91' lang='lat' dir='ltr'>morum</span> <span class='ocrx_word' id='word_1_239' title='bbox 860 3817 1042 3867; x_wconf 86' lang='lat' dir='ltr'>vehiculorum</span> <span class='ocrx_word' id='word_1_240' title='bbox 1074 3822 1102 3867; x_wconf 90' lang='lat' dir='ltr'>et</span> <span class='ocrx_word' id='word_1_241' title='bbox 1137 3822 1243 3882; x_wconf 87' lang='lat' dir='ltr'>tempus</span> 
     </span>
     <span class='ocr_line' id='line_1_34' title="bbox 152 3894 1242 3958; baseline 0 -13"><span class='ocrx_word' id='word_1_242' title='bbox 152 3897 178 3945; x_wconf 79' lang='lat'>7.</span> <span class='ocrx_word' id='word_1_243' title='bbox 193 3899 222 3947; x_wconf 81' lang='lat' dir='ltr'>et</span> <span class='ocrx_word' id='word_1_244' title='bbox 238 3896 281 3945; x_wconf 83' lang='grc'>39.</span> <span class='ocrx_word' id='word_1_245' title='bbox 298 3899 419 3945; x_wconf 85' lang='lat' dir='ltr'>cantare.</span> <span class='ocrx_word' id='word_1_246' title='bbox 454 3894 486 3944; x_wconf 92' lang='lat' dir='ltr'>D.</span> <span class='ocrx_word' id='word_1_247' title='bbox 504 3894 580 3943; x_wconf 86' lang='grc'><strong>2915.</strong></span> <span class='ocrx_word' id='word_1_248' title='bbox 600 3894 678 3944; x_wconf 89' lang='grc'><strong>11.-</strong></span> <span class='ocrx_word' id='word_1_249' title='bbox 724 3895 939 3958; x_wconf 89' lang='lat' dir='ltr'>pomeridianum</span> <span class='ocrx_word' id='word_1_250' title='bbox 975 3910 1048 3946; x_wconf 86' lang='lat' dir='ltr'>more</span> <span class='ocrx_word' id='word_1_251' title='bbox 1081 3895 1242 3946; x_wconf 86' lang='lat' dir='ltr'>acatholico·</span> 
     </span>
     <span class='ocr_line' id='line_1_35' title="bbox 154 3969 1242 4038; baseline 0.002 -19"><span class='ocrx_word' id='word_1_252' title='bbox 154 3972 223 4024; x_wconf 77' lang='lat' dir='ltr'>Vide</span> <span class='ocrx_word' id='word_1_253' title='bbox 252 3971 332 4023; x_wconf 78' lang='lat' dir='ltr'>infra</span> <span class='ocrx_word' id='word_1_254' title='bbox 360 3972 461 4021; x_wconf 81' lang='lat' dir='ltr'>Missas</span> <span class='ocrx_word' id='word_1_255' title='bbox 489 3970 615 4036; x_wconf 86' lang='lat' dir='ltr'>privatas</span> <span class='ocrx_word' id='word_1_256' title='bbox 642 3969 675 4020; x_wconf 85' lang='lat' dir='ltr'>de</span> <span class='ocrx_word' id='word_1_257' title='bbox 723 3986 790 4034; x_wconf 89' lang='lat' dir='ltr'>rum,</span> <span class='ocrx_word' id='word_1_258' title='bbox 814 3972 876 4022; x_wconf 89' lang='lat' dir='ltr'>huic</span> <span class='ocrx_word' id='word_1_259' title='bbox 899 3972 1008 4038; x_wconf 86' lang='lat' dir='ltr'>piisimo</span> <span class='ocrx_word' id='word_1_260' title='bbox 1031 3977 1058 4024; x_wconf 86' lang='lat' dir='ltr'>ot</span> <span class='ocrx_word' id='word_1_261' title='bbox 1083 3972 1242 4037; x_wconf 84' lang='lat' dir='ltr'>“antiquis-</span> 
     </span>
     <span class='ocr_line' id='line_1_36' title="bbox 152 4048 1239 4114; baseline -0.001 -14"><span class='ocrx_word' id='word_1_262' title='bbox 152 4049 263 4114; x_wconf 81' lang='lat' dir='ltr'>Bequie,</span> <span class='ocrx_word' id='word_1_263' title='bbox 284 4064 311 4099; x_wconf 90' lang='lat' dir='ltr'>n.</span> <span class='ocrx_word' id='word_1_264' title='bbox 332 4048 375 4098; x_wconf 80' lang='lat'>33.</span> <span class='ocrx_word' id='word_1_265' title='bbox 397 4049 421 4097; x_wconf 86' lang='lat'>2.</span> <span class='ocrx_word' id='word_1_266' title='bbox 722 4049 791 4099; x_wconf 87' lang='lat' dir='ltr'>simo</span> <span class='ocrx_word' id='word_1_267' title='bbox 832 4048 990 4099; x_wconf 82' lang='lat' dir='ltr'>instituto”</span> <span class='ocrx_word' id='word_1_268' title='bbox 1037 4051 1107 4112; x_wconf 76' lang='lat' dir='ltr'>(ait.</span> <span class='ocrx_word' id='word_1_269' title='bbox 1149 4050 1239 4112; x_wconf 85' lang='lat' dir='ltr'>Rom.)</span> 
     </span>
    </p>

    <p class='ocr_par' dir='ltr' id='par_1_17' title="bbox 190 4124 1046 4192">
     <span class='ocr_line' id='line_1_37' title="bbox 190 4124 1046 4192; baseline 0.002 -17"><span class='ocrx_word' id='word_1_270' title='bbox 190 4132 214 4164; x_wconf 86' lang='lat'>¹⁰</span> <span class='ocrx_word' id='word_1_271' title='bbox 232 4124 267 4176; x_wconf 92' lang='lat' dir='ltr'>D.</span> <span class='ocrx_word' id='word_1_272' title='bbox 287 4126 312 4176; x_wconf 89' lang='grc'>9.</span> <span class='ocrx_word' id='word_1_273' title='bbox 331 4124 402 4188; x_wconf 82' lang='lat' dir='ltr'>MaJ&#39;.</span> <span class='ocrx_word' id='word_1_274' title='bbox 424 4125 500 4186; x_wconf 86' lang='grc'><strong>1899,</strong></span> <span class='ocrx_word' id='word_1_275' title='bbox 518 4139 544 4173; x_wconf 90' lang='lat' dir='ltr'>n.</span> <span class='ocrx_word' id='word_1_276' title='bbox 564 4125 640 4173; x_wconf 77' lang='lat'>4024.</span> <span class='ocrx_word' id='word_1_277' title='bbox 722 4125 856 4176; x_wconf 88' lang='lat' dir='ltr'>catholico</span> <span class='ocrx_word' id='word_1_278' title='bbox 876 4126 1046 4192; x_wconf 79' lang='lat' dir='ltr'>praeferant.</span> 
     </span>
    </p>

    <p class='ocr_par' dir='ltr' id='par_1_18' title="bbox 152 4200 1245 4581">
     <span class='ocr_line' id='line_1_38' title="bbox 188 4200 1244 4268; baseline 0 -14"><span class='ocrx_word' id='word_1_279' title='bbox 188 4203 242 4254; x_wconf 84' lang='lat' dir='ltr'>&#39;l&#39;ot</span> <span class='ocrx_word' id='word_1_280' title='bbox 271 4206 405 4267; x_wconf 84' lang='lat' dir='ltr'>tantaque</span> <span class='ocrx_word' id='word_1_281' title='bbox 435 4200 581 4267; x_wconf 84' lang='lat' dir='ltr'>privilegia</span> <span class='ocrx_word' id='word_1_282' title='bbox 612 4200 676 4250; x_wconf 86' lang='lat' dir='ltr'>Mis·</span> <span class='ocrx_word' id='word_1_283' title='bbox 760 4208 784 4240; x_wconf 91' lang='lat'>¹¹</span> <span class='ocrx_word' id='word_1_284' title='bbox 804 4201 834 4252; x_wconf 87' lang='lat' dir='ltr'>Si</span> <span class='ocrx_word' id='word_1_285' title='bbox 865 4203 1007 4268; x_wconf 88' lang='lat' dir='ltr'>sepultura</span> <span class='ocrx_word' id='word_1_286' title='bbox 1037 4206 1162 4254; x_wconf 89' lang='lat' dir='ltr'>occurrat</span> <span class='ocrx_word' id='word_1_287' title='bbox 1192 4204 1244 4264; x_wconf 81' lang='lat' dir='ltr'>dic,</span> 
     </span>
     <span class='ocr_line' id='line_1_39' title="bbox 152 4277 1244 4345; baseline 0.001 -14"><span class='ocrx_word' id='word_1_288' title='bbox 152 4294 199 4331; x_wconf 69' lang='lat' dir='ltr'>ue</span> <span class='ocrx_word' id='word_1_289' title='bbox 217 4279 354 4345; x_wconf 81' lang='lat' dir='ltr'>exequiali</span> <span class='ocrx_word' id='word_1_290' title='bbox 374 4292 501 4329; x_wconf 83' lang='lat' dir='ltr'>concessa</span> <span class='ocrx_word' id='word_1_291' title='bbox 520 4281 593 4341; x_wconf 83' lang='lat' dir='ltr'>sunt,</span> <span class='ocrx_word' id='word_1_292' title='bbox 612 4277 678 4341; x_wconf 88' lang='lat' dir='ltr'>quia</span> <span class='ocrx_word' id='word_1_293' title='bbox 724 4293 778 4342; x_wconf 86' lang='lat' dir='ltr'>qua</span> <span class='ocrx_word' id='word_1_294' title='bbox 807 4279 894 4330; x_wconf 85' lang='lat' dir='ltr'>Missa</span> <span class='ocrx_word' id='word_1_295' title='bbox 923 4281 1072 4345; x_wconf 82' lang='lat' dir='ltr'>exequialis</span> <span class='ocrx_word' id='word_1_296' title='bbox 1102 4284 1244 4344; x_wconf 82' lang='lat' dir='ltr'>praesenta</span> 
     </span>
     <span class='ocr_line' id='line_1_40' title="bbox 154 4355 1036 4422; baseline -0.001 -14"><span class='ocrx_word' id='word_1_297' title='bbox 154 4357 278 4408; x_wconf 71' lang='lat' dir='ltr'>Ecclesia</span> <span class='ocrx_word' id='word_1_298' title='bbox 313 4355 439 4422; x_wconf 82' lang='lat' dir='ltr'>piissima</span> <span class='ocrx_word' id='word_1_299' title='bbox 474 4355 565 4406; x_wconf 84' lang='lat' dir='ltr'>Mater</span> <span class='ocrx_word' id='word_1_300' title='bbox 601 4355 676 4405; x_wconf 84' lang='lat' dir='ltr'>vehe·</span> <span class='ocrx_word' id='word_1_301' title='bbox 724 4370 835 4420; x_wconf 89' lang='lat' dir='ltr'>corpore</span> <span class='ocrx_word' id='word_1_302' title='bbox 855 4356 1036 4408; x_wconf 81' lang='lat' dir='ltr'>interdicitur.</span> 
     </span>
     <span class='ocr_line' id='line_1_41' title="bbox 153 4429 1245 4498; baseline -0.002 -14"><span class='ocrx_word' id='word_1_303' title='bbox 153 4438 258 4484; x_wconf 73' lang='lat' dir='ltr'>muter</span> <span class='ocrx_word' id='word_1_304' title='bbox 282 4437 405 4498; x_wconf 85' lang='lat' dir='ltr'>exoptat,</span> <span class='ocrx_word' id='word_1_305' title='bbox 429 4448 463 4483; x_wconf 92' lang='lat' dir='ltr'>ne</span> <span class='ocrx_word' id='word_1_306' title='bbox 486 4432 558 4482; x_wconf 88' lang='lat' dir='ltr'>ullus</span> <span class='ocrx_word' id='word_1_307' title='bbox 581 4431 677 4494; x_wconf 79' lang='lat' dir='ltr'>fidelis,</span> <span class='ocrx_word' id='word_1_308' title='bbox 760 4436 785 4469; x_wconf 83' lang='lat'>¹²</span> <span class='ocrx_word' id='word_1_309' title='bbox 795 4431 866 4482; x_wconf 83' lang='lat' dir='ltr'>Vide</span> <span class='ocrx_word' id='word_1_310' title='bbox 891 4432 1005 4483; x_wconf 76' lang='lat' dir='ltr'>“Festa</span> <span class='ocrx_word' id='word_1_311' title='bbox 1030 4429 1174 4482; x_wconf 78' lang='lat' dir='ltr'>Feriata’&#39;</span> <span class='ocrx_word' id='word_1_312' title='bbox 1197 4431 1245 4482; x_wconf 84' lang='lat' dir='ltr'>iui-</span> 
     </span>
     <span class='ocr_line' id='line_1_42' title="bbox 152 4506 928 4581; baseline -0.006 -17"><span class='ocrx_word' id='word_1_313' title='bbox 152 4511 210 4564; x_wconf 82' lang='lat' dir='ltr'>sirs</span> <span class='ocrx_word' id='word_1_314' title='bbox 224 4523 341 4581; x_wconf 80' lang='lat' dir='ltr'>pauper,</span> <span class='ocrx_word' id='word_1_315' title='bbox 355 4509 412 4562; x_wconf 83' lang='lat' dir='ltr'>sive</span> <span class='ocrx_word' id='word_1_316' title='bbox 427 4508 503 4560; x_wconf 84' lang='lat' dir='ltr'>dives</span> <span class='ocrx_word' id='word_1_317' title='bbox 517 4509 566 4559; x_wconf 89' lang='lat' dir='ltr'>hoc</span> <span class='ocrx_word' id='word_1_318' title='bbox 581 4508 677 4558; x_wconf 91' lang='lat' dir='ltr'>ultimo</span> <span class='ocrx_word' id='word_1_319' title='bbox 724 4507 763 4556; x_wconf 85' lang='lat' dir='ltr'>tio</span> <span class='ocrx_word' id='word_1_320' title='bbox 784 4506 928 4559; x_wconf 83' lang='lat' dir='ltr'>Breviarii.</span> 
     </span>
    </p>
   </div>
   <div class='ocr_carea' id='block_1_4' title="bbox 0 0 1406 4890">
    <p class='ocr_par' dir='ltr' id='par_1_19' title="bbox 0 0 1406 4890">
     <span class='ocr_line' id='line_1_43' title="bbox 0 0 1406 4890; baseline 0 0"><span class='ocrx_word' id='word_1_321' title='bbox 0 0 1406 4890; x_wconf 95' lang='lat' dir='ltr'> </span> 
     </span>
    </p>
   </div>
  </div>
 </body>
</html>
