2804 4890
510 668 563 722 DE
585 668 755 722 SABBATO
774 668 933 724 SANCTO.

262 1029 312 1079 DE
335 1028 647 1081 SIGNIFICATIONE
669 1029 818 1079 RITUUM
840 1029 1004 1080 SABBATI
1027 1030 1171 1082 SANCTI.

218 1154 288 1217 21³.
312 1155 451 1218 Ecclesia
485 1177 517 1221 se
552 1163 718 1238 praeparat
753 1158 793 1219 ad
830 1159 1064 1239 suscipiendum
1101 1159 1266 1221 Christum

178 1254 400 1330 resurgentem.
446 1251 580 1311 Functio
608 1271 685 1330 quac
713 1272 797 1313 nunc
826 1272 916 1314 mane
943 1252 990 1328 fit,
1018 1253 1093 1314 olim
1123 1254 1267 1332 sequenti

177 1347 265 1406 nocte
290 1344 497 1423 peragebatur
505 1365 513 1419 ;
538 1344 621 1404 unde
647 1345 680 1404 in
706 1344 907 1407 Praefatione
931 1348 962 1406 et
988 1345 1266 1408 communificantes

177 1438 295 1498 mentio
311 1436 348 1498 fit
361 1459 386 1499 s.
402 1438 511 1501 noctis

219 1533 246 1590 2.
270 1530 461 1591 “Excutitur
482 1532 565 1609 ignis
586 1532 623 1592 de
646 1531 767 1611 lapidc;
789 1533 894 1594 omnia
915 1532 1085 1594 luminaria
1107 1533 1267 1595 Ecclesiae

176 1624 416 1703 extinguuntur,
433 1630 470 1684 ut
487 1623 525 1685 de
542 1625 614 1702 igne
632 1625 793 1686 benedicto
811 1624 1052 1688 accendantur.''
1097 1626 1267 1705 Significat

175 1717 398 1778 extinctionem
422 1716 541 1778 Christi
564 1718 597 1777 in
619 1718 783 1797 sepulchro
805 1721 835 1779 ct
857 1719 998 1796 ejusdem
1021 1719 1264 1780 vivificationem

176 1810 209 1871 in
238 1809 372 1888 gloriosa
389 1812 634 1872 resurrectione.
681 1811 860 1873 Secundum
890 1811 1087 1873 Matthaeum
1117 1812 1264 1873 xxt'll.

176 1906 225 1978 60,
246 1902 364 1981 Joscph
385 1901 491 1983 posuit
511 1902 632 1982 Corpus
656 1903 783 1967 Domini
806 1905 860 1964 “in
882 1908 1085 1968 monumento
1107 1926 1162 1968 suo
1184 1926 1266 1967 noro

175 1995 257 2075 quod
284 1995 441 2059 exciderat
468 1997 500 2057 in
529 2001 626 2076 petra.
672 1997 714 2057 Et
742 1997 879 2059 advolvit
907 2018 1016 2059 saxum
1044 2019 1192 2077 magnum
1222 1999 1263 2062 ad

175 2089 291 2151 ostium
320 2089 548 2152 monumenti.”
613 2090 778 2152 Praeterea
808 2090 914 2152 fideles
944 2092 1126 2170 concipiunt
1155 2091 1263 2155 lumen

176 2182 248 2244 fidei
272 2188 304 2244 et
326 2183 432 2263 ignem
454 2184 616 2245 charitatis
640 2183 677 2245 de
703 2184 838 2259 Christo,
861 2186 915 2263 qui
940 2185 1019 2264 lapis
1042 2190 1087 2246 est
1112 2185 1145 2245 in
1168 2190 1264 2264 caput

175 2276 294 2356 anguli,
312 2276 412 2357 “lapis
430 2275 549 2352 virus,''
567 2283 598 2339 et
613 2277 668 2337 “in
688 2277 762 2340 Sion
781 2277 860 2357 lapis
877 2297 1028 2352 summus,
1046 2278 1262 2357 angularis.’'¹

176 2369 229 2431 Fit
255 2370 348 2432 “ante
373 2376 497 2450 portam
525 2368 710 2443 Ecclesiae,''
738 2371 810 2449 quia
838 2369 982 2433 Christus
1010 2374 1098 2432 extra
1124 2371 1263 2434 civitatis

175 2467 297 2542 portam
310 2469 453 2525 mortuus
466 2470 510 2525 est
525 2469 556 2525 et
569 2464 747 2524 resurrexit.

217 2560 244 2617 3.
269 2557 426 2620 Diaconos
457 2558 577 2638 profert
611 2558 730 2619 Lurocn
764 2558 884 2619 Christi
915 2579 977 2619 non
1009 2559 1070 2618 nisi
1103 2560 1262 2635 ingressus

175 2651 208 2712 in
239 2651 421 2722 Ecclesiam,
451 2653 524 2729 (pria
553 2652 658 2711 lumen
689 2671 776 2711 verae
806 2651 877 2711 fidei
907 2655 937 2712 et
967 2651 1109 2712 doctrina
1141 2651 1261 2713 Christi

174 2764 235 2804 non
262 2744 423 2805 invenitur
447 2745 506 2804 nisi
534 2747 567 2804 in
594 2745 729 2804 Ecclesia
756 2743 925 2809 catholica:
951 2745 1090 2806 accendit
1117 2744 1263 2806 candelas

174 2837 339 2898 arundinis
363 2857 457 2897 renam
482 2843 552 2915 post
575 2837 669 2897 sliam
693 2858 763 2897 curn
788 2836 962 2904 intervallo,
986 2843 1017 2899 et
1041 2839 1138 2914 iringis
1161 2838 1262 2898 elevat

173 2951 288 3005 vocem,
304 2929 376 3009 quin
393 2930 498 2990 lumen
517 2929 600 2990 istud
619 2950 680 2989 non
698 2931 805 2990 statim
823 2930 940 2990 mundo
957 2934 1059 2992 totum
1078 2930 1189 3010 putuit,
1206 2930 1260 2992 sed

171 3024 279 3092 crevit,
296 3023 382 3102 qiiasi
399 3022 453 3082 lux
470 3022 684 3102 splendescens
701 3024 860 3102 processit,
877 3022 979 3102 primo
996 3022 1101 3084 illusit
1119 3023 1262 3097 deducis,

174 3117 287 3179 deinde
306 3117 492 3177 Gentilibus,

216 3213 244 3271 4.
270 3209 384 3272 Cereus
397 3209 550 3288 paschalis
565 3215 775 3287 repraesentat
789 3210 951 3271 Christum
966 3231 982 3270 a
998 3215 1096 3272 morte
1109 3210 1147 3271 ad
1162 3212 1260 3270 sitam

174 3303 307 3384 gloriose
322 3308 532 3381 resurgentem
548 3307 577 3364 et
593 3304 626 3362 in
641 3323 696 3363 sua
710 3305 934 3363 resurrectione
949 3323 1026 3363 nom
1042 3303 1183 3364 claritate
1198 3303 1261 3363 ful·

171 3403 313 3475 gentem:
332 3397 399 3459 ideo
415 3417 519 3458 cereus
536 3397 623 3477 prius
640 3397 796 3457 extinctus
813 3401 919 3456 manet
935 3396 972 3455 ud
992 3397 1108 3456 t'hristi
1127 3401 1259 3456 mortem

174 3490 402 3555 denotandam:
428 3490 503 3551 dum
530 3490 630 3551 odhuc
656 3494 703 3551 est
727 3489 893 3557 extinctus,
921 3488 1097 3565 infiguntur
1123 3490 1260 3567 quinque

171 3605 269 3662 grana
292 3584 420 3651 incensi.
444 3604 521 3662 qliae
544 3583 723 3658 significant
747 3586 884 3642 aromata
908 3602 925 3642 o
949 3582 1131 3642 ruulierihus
1154 3585 1259 3662 emptu

172 3678 210 3739 ad
232 3677 414 3756 ungendum
436 3697 547 3756 corpus
570 3675 716 3747 Domini3
737 3675 789 3735 ubi
811 3680 916 3736 autern
939 3675 1034 3735 infixa
1056 3675 1185 3748 luerint,
1207 3673 1259 3735 de-

173 3775 285 3835 notant
321 3770 457 3850 quinque
493 3768 621 3829 vulnera
659 3767 801 3828 Christis
860 3767 974 3829 Cereus
1009 3766 1205 3829 benedicitur
1241 3789 1259 3829 a

206 3897 332 3946 ¹lPet.
355 3896 394 3946 ll.
741 3893 820 3941 tetur
856 3893 1015 3957 qiiundoque
1050 3892 1153 3957 lignum
1189 3894 1259 3943 cerei

205 3973 324 4038 2lneptc
353 3973 488 4022 clavorum
521 3973 610 4021 forma
640 3973 685 4020 tin-
742 3971 876 4025 fictitium,
924 3985 1004 4034 super
1051 3971 1121 4034 quod
1168 3987 1260 4020 cereus

170 4052 253 4111 gitur,
281 4066 333 4099 nim
360 4050 431 4099 enim
459 4050 575 4113 qirinquo
603 4049 687 4098 eloris
742 4063 841 4112 parvus
864 4049 976 4107 locatur,
999 4052 1025 4096 et
1050 4063 1137 4109 girans
1160 4049 1185 4095 in
1210 4049 1260 4098 hac

168 4127 292 4175 Christus
336 4125 482 4175 transfixus
522 4129 571 4175 cst.
633 4124 687 4174 Ali·
742 4129 819 4189 parte
855 4126 945 4185 lignea
984 4126 1148 4186 inlinuntur:
1185 4131 1260 4176 certo

170 4204 278 4267 quando
304 4203 382 4251 simul
409 4218 468 4251 cum
494 4218 570 4252 cerco
596 4204 687 4267 pasch.
741 4207 805 4252 tunc
842 4203 909 4252 cerci
949 4203 1101 4253 benedictio
1139 4203 1261 4255 invalida

169 4282 286 4346 qrrinque
310 4280 378 4330 clari
404 4281 503 4330 rubeae
527 4295 603 4329 cerne
628 4281 686 4330 ohs-
741 4285 795 4337 est;
828 4281 852 4328 in
881 4281 1069 4331 benedictione
1098 4281 1185 4329 fontis
1213 4282 1260 4331 im-

170 4376 220 4421 que
243 4359 296 4408 ulto
320 4373 405 4419 grano
429 4358 527 4405 incensi
556 4357 601 4417 (l)
628 4374 686 4404 ren·
741 4359 861 4407 mittitur
900 4362 948 4408 aut
989 4359 1090 4419 lignum
1133 4359 1260 4410 fictitium

171 4439 285 4497 duntur;
311 4438 368 4486 leco
391 4436 469 4496 cerei,
491 4435 536 4498 qui
561 4440 634 4484 totus
655 4449 688 4485 ax
741 4442 786 4484 unt
816 4436 929 4485 candela
958 4450 1044 4499 parra
1070 4436 1128 4486 sine
1156 4439 1259 4501 granis,

168 4529 232 4565 cem
265 4516 329 4566 otho
362 4513 455 4565 confici
491 4514 579 4576 dehet,
613 4513 686 4563 odhi-
741 4517 864 4565 neutrum
889 4513 1068 4565 lienculictum.
