2804 4890
188 629 247 691 164
527 642 580 697 DE
602 643 721 699 nssssn
746 644 934 700 SOLEMNI.

225 816 254 875 8.
279 812 410 893 Saepius
425 834 481 895 per
495 814 624 877 Missam
640 817 720 877 vices
736 816 979 879 Caeremoniarii
995 818 1042 881 vel
1057 817 1274 897 acolythorum

184 905 409 986 impeditorum
438 909 584 988 supplerc
615 913 734 987 potest;
766 910 810 971 ita
841 930 864 970 s.
898 911 1055 972 Ministris
1086 911 1274 973 vestimenta

185 999 419 1079 imponentibus
453 1001 498 1062 vel
535 1000 762 1080 deponentibus
798 1003 935 1078 assistit.;
970 1003 1009 1065 ad
1045 1003 1274 1065 incensationes

184 1092 312 1155 Missale
345 1098 501 1168 removet;
536 1094 650 1173 accipit
683 1095 785 1155 selum
819 1095 978 1158 humerale
1011 1117 1029 1157 a
1065 1094 1274 1169 subdiacono,

183 1184 317 1247 eundern
338 1185 509 1249 comitatur
530 1207 586 1266 pro
609 1207 682 1266 pace
705 1187 826 1257 danda;
850 1188 942 1250 alleri
964 1187 1118 1267 ampullas
1140 1208 1199 1269 pro
1221 1188 1273 1250 ab

182 1278 374 1354 lutionibus3
403 1299 459 1358 pro
488 1280 706 1341 communione
737 1280 820 1341 Cleri
851 1285 937 1342 tenet
964 1281 1146 1361 mappulam
1174 1301 1272 1361 genu·

183 1369 310 1433 flectens
336 1372 369 1432 in
396 1373 549 1452 superiori
576 1372 676 1452 gradu
705 1372 812 1434 lateris
840 1373 1003 1453 Evangelii
1012 1395 1021 1448 ;
1049 1373 1141 1435 affert
1167 1374 1273 1435 velum

182 1462 287 1524 calicis
307 1463 513 1528 Subdiacono.

224 1557 320 1620 Missa
338 1558 429 1620 finita
446 1560 485 1621 ad
503 1566 618 1623 nutum
638 1560 882 1623 Caercmoniarii
901 1562 1022 1641 primus
1040 1560 1079 1624 ad
1098 1560 1274 1624 sacristiam

182 1651 358 1712 revertitur.

224 1746 251 1804 9.
275 1743 404 1824 Duplici
424 1744 517 1808 modo
539 1744 641 1808 fertur
663 1745 871 1820 thuribulum,
891 1765 1024 1826 quorum
1045 1745 1132 1825 prior
1153 1744 1271 1808 dicitur

181 1836 264 1900 ferre
285 1836 365 1898 illud
387 1837 422 1900 ia
444 1839 646 1909 caeremonia,
668 1838 748 1900 alter
769 1861 831 1901 eren
853 1839 887 1900 ia
910 1839 1111 1901 caeremonia.
1155 1838 1270 1899 Fertur

180 1934 286 1993 autem
308 1931 343 1992 in
367 1931 560 1993 caeremonia
584 1950 679 1991 manu
704 1930 823 2001 dextra,
847 1934 990 2011 apertum
1015 1935 1047 1992 et
1071 1929 1182 1993 leviter
1204 1931 1270 2010 agi-

180 2027 294 2098 tatum,
316 2022 440 2103 quando
463 2025 625 2085 incensum
648 2024 681 2083 in
703 2043 738 2084 eo
761 2024 944 2103 impositum
967 2028 1022 2086 est.
1068 2023 1183 2084 Fertur
1205 2044 1269 2086 non

180 2117 214 2178 in
237 2115 430 2180 caeremonia
452 2136 547 2178 mauu
570 2116 708 2189 sinistra,
731 2116 855 2195 quando
877 2115 1018 2178 nondum
1041 2115 1199 2195 ingestum
1222 2120 1270 2178 est

181 2209 344 2271 incensum
370 2230 388 2272 a
416 2208 598 2272 Celebrantc
625 2208 889 2285 benedicendum
916 2208 1014 2270 altera
1041 2226 1138 2269 manu
1165 2206 1270 2270 fertur

180 2302 333 2370 navicula.

618 2633 733 2705 ART.
759 2634 825 2705 VI.

268 2849 319 2900 DE
340 2850 483 2901 ORDINE
506 2851 531 2901 A
552 2849 670 2900 chuno
692 2849 735 2899 IN
756 2851 879 2901 CHORO
902 2850 1173 2901 osssnavnND0.1

218 3046 269 3108 93.
293 3045 406 3107 Clerici
433 3068 449 3109 e
474 3045 615 3108 sacristia
641 3046 707 3107 bini
734 3045 916 3127 procedunt,
940 3049 1073 3126 utraque
1099 3066 1194 3107 manu
1221 3045 1266 3106 bi-

177 3145 280 3202 retum
309 3140 394 3201 infra
420 3144 528 3219 peetus
555 3145 730 3217 gestantem
759 3139 796 3201 ad
826 3140 955 3217 januam
985 3140 1021 3213 ia,
1050 3139 1104 3219 qui
1131 3138 1265 3201 conchae

177 3234 338 3314 proximus
367 3237 423 3307 est,
454 3233 550 3292 sumit
579 3251 692 3311 aquam
721 3230 917 3295 benedictam
945 3232 1140 3311 porrigitque
1169 3231 1265 3293 etiam

176 3327 268 3389 socio.

219 3422 247 3481 2.
270 3419 354 3481 Ante
376 3418 485 3481 Altare
506 3418 571 3479 bini
594 3416 820 3497 genuflectunt,
841 3416 947 3479 eodem
969 3417 1105 3497 praecise
1126 3421 1266 3497 tempore

175 3516 207 3576 et
221 3513 382 3588 concinne,
397 3516 427 3573 et
443 3532 474 3573 se
490 3512 624 3573 invicem
641 3510 789 3571 mediocri
807 3510 977 3571 reverentia
994 3510 1142 3570 salutant.
1181 3509 1264 3568 Tum

175 3626 267 3667 suum
290 3606 420 3686 quisque
443 3605 545 3666 locum
568 3605 658 3684 petit,
681 3603 761 3665 alter
783 3601 981 3663 dextrorsum
1004 3601 1084 3662 alter
1106 3601 1265 3662 sinistror-

175 3719 244 3760 sum
264 3699 350 3760 chori
371 3699 474 3778 ibique
494 3702 589 3760 stant.

217 3796 245 3852 3.
270 3791 483 3853 Uniformitas
510 3792 543 3850 in
570 3788 692 3862 stando,
718 3787 955 3868 genuflectendo
981 3792 1013 3848 ct
1039 3786 1173 3848 sedendo
1199 3806 1265 3849 om-

174 3886 250 3945 nino
277 3885 464 3946 observetur.
514 3883 586 3943 Non
611 3881 829 3961 genetlectitur
853 3881 891 3941 ad
919 3880 1121 3941 elevationem
1150 3879 1264 3939 Missae

175 3997 253 4057 quae
272 3979 377 4039 forsan
398 3978 431 4038 in
452 3977 513 4037 alio
534 3976 636 4036 Alteri
658 3974 839 4036 celebratur.

216 4073 244 4129 4.
268 4069 360 4149 Infra
382 4069 510 4130 llisaam.
533 4069 702 4129 soleinnem
725 4088 741 4128 a
764 4066 857 4127 choro
878 4085 1007 4146 sequens
1027 4064 1104 4126 ordo
1125 4063 1264 4139 sedendi,

174 4162 277 4224 standi
296 4167 327 4223 et
342 4160 570 4239 gernufleelendi
589 4160 786 4222 elmersatur:

209 4345 418 4395 ¹“Serrentnr
444 4345 579 4396 Rubrieae
605 4347 692 4410 quoad
748 4342 873 4391 flectendi
893 4342 918 4391 in
936 4340 1061 4391 (¹h0r0.’'
1096 4342 1222 4394 laeana
1242 4345 1265 4396 1,

172 4424 280 4484 ternpus
303 4422 404 4483 standi,
426 4422 536 4471 seniendi
561 4428 585 4471 ot
611 4438 691 4485 genu·
